3392 5384
659 390 793 456 260
1702 406 1996 456 monus.

750 571 858 651 62,
890 569 927 638 7
967 597 1046 626 =
1083 572 1318 637 Aneod.
1363 571 1563 637 Bekk.
1609 570 1764 652 367,
1794 573 1902 638 25.
1948 609 2031 623 -
2072 571 2574 650 ἄκολαστοτὲραν
2614 570 3055 648 Νικόλαος,

749 677 1170 743 Scribendum
1218 698 1352 744 esse
1402 679 1893 758 Νικόμαχος
1942 681 2212 745 coniecit
2252 677 2529 744 Dindorf
2559 676 2776 758 Fleck.
2821 677 3052 745 Annal.

657 783 742 852 10
786 806 848 871 p.
905 783 1037 849 108
1085 783 1372 865 (Nuber).

752 997 859 1077 64,
886 998 948 1064 4.
1014 1035 1100 1046 —
1164 998 1258 1063 De
1317 996 1514 1085 longa
1578 998 1800 1063 Photii
1860 999 1997 1065 sive
2062 999 2418 1086 Phryniohi
2483 1002 2925 1079 annotatione,
2986 1003 3053 1064 in

657 1127 784 1192 que
831 1105 1022 1172 verba
1069 1107 1260 1183 ὀργᾶν
1299 1105 1523 1185 ¹qestire
1561 1112 1618 1169 et
1656 1105 1940 1187 ὄργάζειν
1978 1106 2215 1170 mollire
2256 1106 2527 1172 absurde
2566 1109 3051 1192 permiscentur,

658 1235 782 1279 non
845 1213 1213 1298 disputabO,
1278 1234 1357 1278 ne
1420 1218 1559 1278 eota
1625 1233 1853 1300 agam3
1922 1216 2173 1300 copiose
2236 1216 2411 1280 enim
2480 1213 2683 1281 Cobet
2728 1215 3051 1280 Mnemos.

662 1319 836 1386 1860
901 1342 962 1406 p.
1016 1319 1100 1384 35
1141 1340 1276 1405 sqq.
1339 1325 1691 1404 utrumque
1756 1320 2029 1386 verbum
2092 1319 2454 1386 illustravit
2514 1326 2577 1385 et
2638 1319 3048 1387 librariorum

655 1429 1212 1511 interpretumque
1276 1427 1625 1512 castigavit
1670 1446 1935 1492 errores.
1986 1425 2230 1520 Quibus
2278 1428 2477 1492 etiam
2522 1427 2848 1511 Didymum
2892 1426 3047 1492 olim

655 1533 853 1598 fuisse
899 1532 1312 1618 implicatum
1355 1532 1534 1598 docet
1575 1531 1772 1597 huius
1812 1532 1889 1598 ad
1935 1532 2435 1599 Demosthenem
2476 1539 2913 1600 commentum
2948 1534 3053 1598 his

657 1641 837 1704 annis
899 1644 1249 1724 repertum.
1319 1638 1420 1703 Ad
1485 1639 1595 1704 Ar.
1648 1639 1769 1703 Av.
1822 1637 1971 1703 462·
2018 1645 2082 1704 et
2146 1637 2277 1704 839
2328 1660 2529 1725 pauca
2579 1677 2664 1689 -—
2712 1661 2825 1726 pro
2872 1638 3054 1705 illius

655 1744 956 1811 editionis
1001 1744 1266 1811 consilio
1316 1781 1399 1794 —
1448 1744 1524 1810 de
1572 1749 1845 1830 utroque
1893 1745 2087 1812 verbo
2135 1746 2474 1812 observavi
2520 1747 2838 1832 equidem.

752 1941 925 2038 65,3
975 1997 1054 2023 =
1103 1959 1337 2027 Anood.
1385 1958 1588 2025 Βοιώ.
1640 1956 1930 2037 373,14.
1982 1996 2065 2008 -
2113 1959 2575 2032 axonam„
2625 1967 2970 2040 Σοφοκλῆς.
3096 2035 3109 2046 ,

748 2066 955 2132 Seribi
997 2066 1436 2132 ἀκούσεσθε
1477 2065 1659 2132 iubet
1701 2064 2158 2132 Reitzenstein.
2203 2066 2567 2133 Dobraeum
2608 2066 3051 2132 ἄκουσείειν

549 2213 554 2218 -
659 2175 998 2240 coniecisse
1041 2177 1302 2238 annotat
1350 2172 1583 2238 Naber.

755 2391 860 2471 66,
889 2393 930 2459 2
970 2419 1050 2444 =
1087 2392 1291 2458 Bekk.
1334 2392 1568 2458 Aneod.
1607 2391 1761 2472 373,
1794 2392 1897 2458 13.
1941 2427 2038 2441 -·
2070 2394 2352 2458 ἑκουσία.
2398 2393 2466 2457 τὸ
2509 2398 2807 2472 πρᾶγμα.
2854 2401 3053 2474 Σοφο-

659 2508 837 2574 κλῆς.
900 2500 1076 2565 Haeo
1139 2506 1213 2564 ut
1273 2503 1517 2585 possint
1580 2497 1916 2586 intellegi,
1978 2498 2410 2586 supplendum
2457 2506 2591 2566 est:
2642 2502 2710 2564 τὸ
2761 2501 3054 2583 <dnod-

658 2615 886 2686 σιον>
958 2611 1253 2687 πρᾶγμα.
1333 2605 1596 2672 Ellendt
1678 2609 1747 2671 in
1818 2605 2023 2674 lexico
2094 2606 2445 2692 Sophocleo
2518 2607 2905 2693 proponebat
2975 2606 3047 2672 τὸ

660 2708 958 2788 <ἆκον>.

752 2915 858 2996 67,
892 2917 924 2982 1
967 2953 1048 2979 =
1086 2916 1321 2983 Aneod.
1363 2917 1566 2982 Bekk.
1610 2916 1765 2997 369,
1792 2918 1900 2984 22.
1946 2955 2028 2968 —-
2071 2919 2343 2997 ἀκρατὴς
2386 2917 2631 3004 γάμων.
2672 2918 2778 2984 Sic
2809 2919 3049 2986 mulier

655 3023 994 3091 libidinosa
1059 3024 1294 3089 dieitur
1362 3026 1720 3090 verecunde
1790 3027 2006 3092 vocari
2068 3046 2250 3110 posse
2274 3075 2289 3104 ,
2359 3025 2529 3111 apud
2594 3025 3046 3113 Phrynichum

657 3135 877 3195 autem
941 3130 1176 3197 Aneod.
1240 3131 1442 3196 Bekk.
1494 3130 1604 3210 28,
1633 3131 1721 3196 24
1753 3130 2025 3197 ·lemma
2074 3138 2171 3197 est
2217 3133 2491 3209 ἀκρατὴς
2540 3133 2799 3210 γάμος.
2850 3133 2935 3198 Et
2980 3132 3050 3197 id

657 3237 918 3323 quidem
964 3243 1180 3324 aperte
1228 3239 1574 3318 vitiosum,
1623 3241 1926 3324 quoniam
1967 3240 2359 3304 necessarius
2399 3249 2495 3304 est
2532 3242 2897 3325 genitivus3
2940 3238 3051 3305 sed

654 3343 1001 3431 singularis
1035 3347 1250 3430 potius
1291 3346 1640 3430 requiritur
1672 3365 1866 3430 quam
1891 3343 2182 3430 pluralis.
2225 3344 2557 3410 Sol-ibatur
2578 3348 2788 3432 igitur
2812 3345 3046 3425 γάμου.

655 3450 712 3516 Ε
758 3447 906 3529 γάῤ.
954 3457 1304 3536 utrumque
1355 3454 1592 3517 vitium
1647 3489 1731 3502 -
1777 3453 1927 3530 γάίὶ
1975 3457 2037 3517 et
2086 3447 2234 3530 γάῤ)
2284 3489 2368 3501 --
2416 3451 2627 3518 fluxit.

749 3668 857 3748 68,
888 3669 972 3736 13
1017 3697 1096 3722 =
1142 3671 1376 3738 Aneod.
1436 3673 1640 3738 Bekk.
1693 3670 1847 3752 372,
1880 3672 1912 3737 l
1964 3701 2044 3726 =
2090 3671 2268 3738 Suid.
2337 3710 2421 3722 --
2486 3669 2865 3753 ὦκρόνυξ·
2929 3667 3042 3738 οἷον

655 3777 824 3856 ἀρχὴ
871 3777 1106 3848 νυκτός.
1160 3785 1508 3859 Σοφοκλῆς.

746 3873 1071 3949 Adam-ibit
1133 3884 1564 3952 Reitzenstein
1626 3887 1770 3964 „AL
1838 3883 2038 3965 285”,
2106 3885 2220 3949 ubi
2283 3905 2431 3950 cum
2495 3883 2755 3971 legatur
2802 3882 3039 3964 »ἄκρας

655 3989 938 4069 νυκτός”,
987 3996 1163 4076 patet
1210 4013 1360 4057 eum
1406 3991 1649 4058 lemma
1687 3996 1780 4058 sie
1821 3992 2273 4079 corrigendum
2312 3992 2574 4058 ducere:
2626 3989 2839 4071 ἄκρα
2889 3990 3042 4070 νύξ.

656 4096 824 4176 Quin
886 4098 1096 4183 igitur
1157 4101 1246 4163 sie
1302 4097 1545 4164 edidit?
1608 4100 1775 4166 Nam
1842 4120 2068 4166 verum
2135 4101 2290 4184 quin
2351 4098 2732 4165 indicaverit
2778 4120 2903 4165 non
2949 4103 3047 4166 est

658 4202 951 4270 dubium.

750 4405 858 4485 68,
887 4405 971 4473 27
1019 4432 1100 4458 =
1147 4409 1382 4474 Aneod.
1432 4409 1632 4476 Bskk.
1684 4409 1838 4489 373,
1870 4410 1976 4476 15.
2030 4446 2117 4461 -
2164 4410 2531 4491 ἅκροφύσιον
2581 4411 2708 4476 κτὲ.

750 4513 930 4579 Adde
976 4537 1038 4600 p.
1092 4515 1244 4594 415,
1272 4515 1379 4593 29,
1428 4518 1541 4582 ubi
1588 4516 1778 4602 plura
1825 4519 2111 4600 (Naber).
