3392 5384
1366 426 1682 475 nonnus
2592 410 2726 476 239

343 597 543 675 „bene
607 594 675 659 τὸ
738 593 933 680 pro”,⁷
966 615 1002 659 a
1050 592 1484 680 Gompilatore
1536 595 1899 679 praeposita
1947 615 2099 658 cum
2145 597 2356 659 nescio
2405 616 2534 680 quo
2581 616 2730 660 casu

340 703 463 767 hoc
524 700 841 766 scholium
902 703 1246 788 separatim
1311 699 1589 765 adderet.
1655 700 1800 765 Hoc
1857 699 2051 764 modo
2107 699 2506 766 obtinuimus
2550 703 2736 767 iuxta

343 807 631 873 Donatea
684 806 781 888 (3)
827 812 906 894 -Ι-
954 804 1073 887 (4),
1138 804 1457 871 scholium
1516 805 1795 870 alterum
1841 803 1938 887 (2)
1983 801 2063 881 —l-
2110 805 2207 887 (5)
2252 806 2734 893 Interpolatoris

344 916 640 981 acumine
686 912 980 999 dignum.

318 1098 328 1102 -
433 1021 592 1086 Ibid.
643 1020 731 1085 28
799 1020 978 1097 Nisi,
1026 1021 1181 1105 quia
1229 1040 1522 1084 necessus
1569 1020 1697 1084 fuit
1742 1019 1861 1084 hoc
1908 1020 2149 1097 facere,
2195 1020 2263 1083 id
2309 1021 2578 1106 gaudeo.

436 1128 534 1209 (l)
598 1128 993 1205 ‚,Necessus''
1059 1147 1292 1191 nomen
1353 1133 1469 1191 est.
1543 1125 1704 1188 Nam
1771 1125 2124 1203 „necessus”
2186 1133 2242 1190 et
2291 1128 2625 1205 „necessis”
2679 1133 2736 1190 et

349 1234 754 1314 „necessitas”
827 1242 886 1297 et
956 1234 1327 1311 „necessum”
1402 1222 1614 1297 lectum
1684 1240 1791 1296 est.
1946 1232 2184 1299 Merito
2251 1234 2741 1299 Wessnerus

345 1344 499 1408 haec
544 1363 673 1406 non
720 1361 757 1405 a
802 1339 1051 1406 Donato
1099 1340 1425 1425 adscripta
1464 1360 1599 1405 esse
1645 1338 1979 1404 indicavit.

439 1448 536 1529 (2)
578 1446 693 1525 „Id
730 1446 1022 1533 gaudeo'’
1065 1451 1140 1511 ut
1184 1445 1431 1511 scilicet
1450 1450 1948 1532 ‚succurreretur
1990 1443 2305 1512 Chaereae
2330 1446 2743 1532 periclitanti.

436 1554 700 1620 Falsum
713 1574 730 1632 3
786 1552 937 1632 „id”
986 1551 1229 1618 indicat
1277 1552 1447 1639 quod
1493 1554 1788 1637 sequitur
1831 1554 1898 1616 in
1947 1573 2042 1617 vs.
2093 1550 2200 1632 29,
2249 1553 2328 1617 cf.
2377 1552 2651 1632 Fabia.

441 1767 496 1832 V
561 1767 623 1833 6.
651 1767 739 1833 20
824 1766 957 1847 Qui
1024 1765 1581 1833 adulescentulum
1652 1765 1956 1831 nobilitas
2019 1765 2286 1853 flagitiis
2346 1774 2408 1833 et
2463 1767 2748 1855 ‚eundem

354 1876 599 1959 indicas
1206 1894 1213 1901 ·
2331 1960 2338 1967 .

445 1983 543 2062 (2)
606 1981 782 2047 Duas
845 2003 945 2046 res
1006 1980 1331 2067 significat
1376 1978 1611 2045 simul:
1662 1985 1731 2045 et
1776 1982 1955 2066 cogis
2005 1980 2214 2047 facere
2259 1980 2509 2068 flag-itia
2555 1986 2619 2045 et
2664 1981 2751 2045 fa·

356 2092 630 2155 cientem
690 2087 954 2157 indicas.
1140 2086 1359 2152 Otiosa
1419 2088 1706 2151 imitatio
1772 2086 2002 2151 scholii
2068 2086 2233 2152 Don.
2303 2086 2385 2152 13
2411 2088 2541 2168 (l):
2606 2085 2751 2151 Duo

286 2212 308 2257 ².
357 2196 593 2261 obicit:
658 2215 867 2259 unum
926 2193 1100 2279 quod
1163 2192 1334 2258 male
1380 2192 1811 2270 consuluerit,
1859 2192 2141 2258 alterum
2187 2192 2355 2278 quod
2402 2192 2756 2278 prodiderit

363 2299 533 2366 male
578 2300 868 2366 consulta
913 2321 1047 2365 sua.

455 2405 614 2472 Ibid.
668 2406 752 2472 21
826 2407 1112 2492 Uterque
1158 2408 1228 2471 in
1274 2410 1337 2471 te
1384 2404 1676 2491 exempla
1721 2404 1912 2470 edent

456 2513 614 2579 Post
660 2513 821 2579 Don.
873 2513 969 2592 (2)
1020 2512 1097 2578 de
1141 2514 1317 2578 varia
1361 2510 1698 2590 lectione,
1698 2510 1934 2590 ,”,edet
2002 2510 2120 2576 Ed.
2169 2510 2449 2577 addidit:
2496 2516 2562 2577 et
2608 2436 2755 2597 plus

367 2627 527 2699 est,
526 2620 737 2698 ‚edet’'
787 2641 983 2705 quam
1034 2618 1319 2698 „dabit’fi
1470 2617 1593 2683 Vix
1638 2639 1888 2684 verum.

456 2725 620 2790 Ibid.
668 2724 754 2791 23
824 2726 967 2812 Ego
1014 2746 1159 2791 meo
1201 2724 1438 2790 indicio
1492 2727 1689 2790 miser
1733 2728 1915 2810 quasi
1963 2746 2144 2791 sorex
2190 2724 2380 2790 hodie
2424 2727 2586 2811 perii

459 2832 558 2913 (1)
619 2832 963 2916 Proprium
1024 2834 1302 2897 soricum
1367 2837 1462 2897 est
1520 2830 1789 2897 stridere
1847 2830 2082 2898 clarius
2146 2852 2340 2919 quam
2388 2854 2606 2898 mures
2655 2830 2757 2897 vel

366 2942 647 3024 strepere
687 2940 900 3024 magis
945 2958 1096 3003 cum
1142 2938 1459 3003 obrodunt
1506 2938 1777 3016 frivola3
1827 2938 1909 3004 ad
1955 2960 2150 3024 quam
2193 2961 2416 3005 vocem
2456 2938 2654 3004 multi
2692 2960 2758 3003 se

366 3042 769 3109 intendentes
813 3046 1113 3129 quamvis
1160 3066 1273 3130 per
1312 3044 1602 3109 tenebras
1641 3047 1846 3109 noctis
1887 3045 2276 3132 transfigunt
2314 3066 2438 3111 eos.
2487 3045 2760 3110 Plautus

374 3151 867 3228 „confossiorem
925 3157 989 3215 te
1049 3150 1275 3215 faciam
1342 3153 1616 3216 soricina
1674 3152 1905 3216 venia'’
1973 3152 2259 3233 (Bacch.)
2309 3188 2396 3201 —
2444 3152 2542 3232 (2)
2597 3151 2760 3232 Quia

368 3255 569 3322 latere
629 3259 847 3342 potuit
908 3278 1022 3321 nec
1085 3256 1322 3333 occidi,
1391 3257 1447 3320 si
1512 3261 1772 3321 taceret.
1823 3294 1907 3305 —
1970 3255 2066 3337 (3)
2113 3257 2301 3323 Nunc
2345 3260 2581 3343 repetit
2623 3280 2764 3344 pro-

370 3364 668 3430 verbium
730 3365 800 3427 in
846 3384 987 3441 ece,
1035 3365 1149 3447 qui
1190 3364 1320 3447 ipsi
1364 3383 1432 3427 se
1478 3362 1779 3447 produnt.
1831 3398 1911 3409 —-
1960 3362 2124 3443 Quia
2172 3384 2354 3430 sorex
2402 3385 2524 3429 non
2575 3362 2762 3429 facile

372 3476 726 3554 caperetur,
773 3471 899 3534 nisi
946 3472 1274 3535 emitteret
1319 3489 1544 3535 vocem
1589 3474 1805 3534 noctu.

464 3575 691 3642 Editor
734 3575 970 3641 Donati
1013 3574 1333 3641 scholium
1379 3578 1759 3641 continuum
1807 3573 2137 3662 supplevit
2173 3578 2515 3664 postremis
2535 3576 2766 3642 verbis

384 3682 587 3763 „Quia
635 3682 861 3748 sorex'’
912 3688 1063 3747 cett.
1111 3682 1333 3748 Altera
1374 3680 1790 3768 interpolatio
1837 3682 1936 3764 (2)
1983 3686 2200 3768 potius
2247 3704 2284 3749 a
2330 3681 2764 3769 Gompilatore

376 3811 453 3855 ex
500 3788 717 3875 aliquo
764 3792 1060 3875 margine
1104 3789 1417 3855 translata
1460 3792 1739 3875 irrepsit.

468 4005 525 4071 V
572 4004 634 4073 7.
666 4007 698 4070 1
774 4005 941 4086 Quid
984 4007 1273 4091 inceptas
1319 4008 1437 4085 (sic
1484 4003 1731 4086 schol.),
1779 4002 2066 4071 Thraso?

466 4112 588 4177 Ed.
636 4111 733 4191 (5)
796 4109 1165 4195 „Incipere”
1214 4132 1602 4197 magnorum
1647 4111 2008 4176 facinorum
2054 4117 2150 4177 est
2197 4116 2263 4177 et
2310 4110 2628 4178 audaciae.

467 4217 633 4283 Vera
690 4216 881 4282 lectio
944 4226 1043 4281 est
1106 4215 1467 4302 „coeptes'',
1520 4223 1587 4282 et
1634 4216 1893 4283 Gnatho
1937 4219 2091 4283 haec
2135 4217 2430 4303 loquitur
2474 4218 2553 4283 ad
2599 4217 2770 4299 mili·

379 4333 514 4391 tem
576 4347 703 4390 non
762 4324 1070 4390 audacem
1131 4323 1242 4389 sed
1287 4326 1487 4389 animi
1535 4323 2033 4411 despondentem
2081 4331 2147 4390 et
2192 4325 2488 4413 hostibus
2535 4346 2604 4391 se
2649 4332 2771 4391 tra-

380 4432 779 4604 dmggttgrnm
842 4514 1199 4603 differentia
1238 4542 1338 4601 est
1384 4535 1619 4601 Donati
1666 4536 1747 4601 ad
1785 4534 1838 4601 V
1888 4537 1952 4601 4.
1979 4536 2065 4602 45
2091 4538 2190 4619 (1)
2235 4538 2598 4605 facim-us
2643 4560 2770 4604 me·
