3392 5384
673 433 805 500 294
1710 453 2026 504 nonnus.

760 619 920 685 Ibid.
975 620 1062 685 20
1133 619 1338 700 Quem
1388 641 1508 707 ego
1553 620 1827 686 viderim
1876 621 1947 684 in
1998 622 2127 686 vita
2177 622 2500 706 optimum

760 727 818 790 A
881 725 1075 792 Modo
1141 729 1252 805 „in
1299 727 1478 793 vita''
1526 729 1594 792 in
1641 727 1946 793 moribus.
2087 727 2140 792 B
2166 727 2262 809 (2)
2308 727 2385 791 In
2434 731 2583 793 actu
2630 748 2700 793 ac
2747 728 3062 794 moribus.

806 832 900 914 (3)
947 833 1032 898 Et
1081 835 1189 912 „in
1236 833 1416 900 vita''
1465 834 1584 900 hoc
1631 839 1757 899 est:
1806 855 1957 899 cum
2004 835 2255 900 viveret
2301 839 2366 898 et
2411 833 2618 918 quoad
2664 837 2849 900 vixit.

759 939 958 1005 Nulla
1025 940 1272 1005 harum
1325 943 1771 1026 interpretatio
1839 940 2068 1025 placet.
2134 939 2476 1006 Sloman
2537 945 2707 1005 recte
2770 943 2881 1018 „in
2941 963 3063 1028 my

670 1044 849 1124 life”‚
899 1051 976 1110 ut
1021 1048 1152 1111 iam
1202 1045 1682 1112 Bentleius:
1740 1070 2018 1132 unquam,
2068 1047 2133 1110 in
2181 1046 2307 1110 vita
2356 1068 2506 1112 mea.
2558 1046 2616 1111 A
2663 1045 2914 1112 Donato
2960 1046 3061 1112 de-

671 1151 907 1230 derim,
973 1154 1085 1237 qui
1147 1173 1298 1217 cum
1360 1150 1516 1218 dicit
1569 1152 1854 1229 „modo”
1921 1159 2026 1231 (=
2068 1153 2185 1218 hoc
2231 1151 2393 1233 loco)
2440 1154 2753 1238 respicere
2801 1152 3060 1218 videtur

669 1256 866 1322 aliam
935 1257 1466 1344 significationem
1536 1279 1731 1342 quam
1806 1258 2064 1337 „vitae”
2138 1258 2435 1323 exhibuit
2497 1258 2575 1323 ad
2636 1257 2667 1322 I
2720 1257 3054 1340 3.12(3);

671 1364 820 1430 vide
869 1384 1078 1449 supra.
1129 1364 1299 1430 Mira
1347 1366 1553 1430 forma
1596 1363 1828 1430 scholii
1874 1363 1971 1446 (3)
2022 1364 2353 1430 Editorem
2402 1363 2668 1431 redolet.

761 1470 922 1535 Ibid.
973 1470 1081 1536 21.
1151 1470 1524 1557 Sequuntur
1583 1470 1825 1536 scholia
1892 1473 2186 1536 omnium
2249 1472 2379 1536 fere
2442 1470 2843 1537 difficillima.
2894 1469 3062 1537 Geta

670 1576 926 1650 laudes,
977 1597 1133 1663 quas
1179 1578 1483 1642 Phormio
1530 1579 1598 1642 in
1646 1599 1863 1642 senem
1907 1575 2099 1642 illum
2147 1576 2449 1656 contulit,
2500 1579 2591 1643 sic
2637 1579 2919 1662 respuit:

763 1683 991 1749 Videas
1038 1689 1100 1749 te
1148 1693 1338 1770 atque
1382 1683 1612 1763 illum,
1663 1691 1738 1748 ut
1783 1705 2021 1750 narras.
2072 1684 2204 1764 Ph.
2254 1683 2285 1748 I
2329 1685 2400 1748 in
2449 1683 2689 1749 malam
2735 1705 2991 1749 crucem

763 1790 858 1856 De
921 1790 1185 1856 obscura
1246 1789 1361 1855 illa
1407 1789 1688 1856 formula
1735 1793 1802 1855 in
1849 1791 1907 1854 A
1955 1789 2123 1854 nihil
2169 1789 2415 1876 legitur
2460 1792 2586 1854 nisi
2632 1790 2751 1854 hoc
2799 1789 2874 1854 de
2921 1811 3064 1876 pro·

671 1899 1106 1962 nuntiatione:
1178 1895 1420 1961 Melius
1481 1897 1603 1961 hoc
1663 1895 1829 1962 clare
1891 1896 2139 1961 dictum
2203 1917 2239 1961 a
2302 1917 2486 1962 servo
2548 1898 2935 1981 accipimus,
2986 1901 3063 1960 ut

675 2003 1027 2070 defendisse
1065 2003 1399 2068 dominum
1441 2003 1785 2068 videretur.
1878 2001 2112 2069 Contra
2153 2000 2477 2088 permulta
2515 2005 2581 2067 in
2623 2002 2823 2068 altera
2861 2005 3057 2068 serie:

674 2112 727 2177 B
754 2109 850 2193 (l)
898 2109 1092 2174 Deest
1141 2094 1474 2187 „vidisti'’.
1615 2108 1712 2190 (2)
1759 2108 1895 2174 Scit
1937 2111 2108 2174 enim
2154 2107 2347 2173 illum
2386 2129 2535 2174 vera
2573 2130 2696 2174 non
2736 2109 2963 2174 dicere.

673 2217 770 2298 (3)
812 2217 929 2295 „In
968 2214 1208 2281 malam
1232 2215 1328 2280 c.’'
1373 2215 1828 2281 adverbialiter
1866 2220 1941 2281 ut
1982 2215 2152 2293 „huc
2177 2214 2497 2282 viciniae'’
2527 2215 2748 2296 (Andr.
2775 2213 2805 2279 Ι
2834 2214 2891 2279 1.
2923 2215 3058 2298 43).

674 2323 769 2406 (4)
817 2323 955 2389 Hoc
1001 2327 1132 2387 est:
1183 2343 1400 2408 parem
1453 2325 1581 2386 tete
1627 2320 1729 2386 illi
1777 2324 2074 2388 existimo
2114 2327 2305 2407 atque
2338 2319 2533 2386 illum
2574 2322 2711 2386 tibi.
2755 2368 2760 2374 -
2822 2321 2919 2404 (5)
2958 2323 3061 2386 An

672 2432 924 2516 potius:
966 2451 1190 2495 servus
1233 2431 1434 2494 sciens
1477 2428 1638 2494 hanc
1679 2449 2014 2514 personam
2056 2427 2215 2514 fingi
2257 2427 2361 2494 vel
2399 2432 2566 2493 certe
2600 2431 2795 2493 etiam
2822 2430 3065 2493 mortui

674 2532 991 2623 vis<um>
1054 2537 1335 2601 hominis
1395 2536 1650 2614 induci,
1722 2535 1893 2601 male
1964 2542 2262 2622 precatur
2322 2537 2636 2620 parasit0‚
2720 2540 2796 2599 ut
2864 2537 3061 2600 etiam

665 2647 812 2729 -ipse
855 2646 947 2708 sic
995 2647 1110 2708 aut
1155 2663 1473 2728 nusquam
1520 2644 1603 2706 sit
1653 2648 1727 2707 ut
1768 2642 1990 2722 fictus,
2042 2647 2155 2708 aut
2202 2650 2419 2727 pereat
2466 2647 2540 2706 ut
2588 2638 2925 2707 mortuus?

675 2749 773 2831 (6)
836 2750 935 2813 An
982 2751 1072 2812 sic
1119 2747 1561 2833 accipiendum
1613 2753 1743 2826 est,
1799 2754 1870 2812 ut
1916 2770 2141 2815 servus
2187 2750 2534 2814 summissa.
2582 2769 2735 2814 voce
2784 2750 2903 2814 hoc
2950 2769 3064 2834 per

595 2870 602 2879 '
675 2859 890 2921 iocum
931 2855 1199 2919 dixerit:
1250 2861 1506 2919 tantum
1552 2859 1626 2918 tu
1672 2856 1742 2918 in
1792 2856 1927 2919 vita
1976 2864 2037 2919 te
2086 2854 2305 2920 videas
2350 2857 2695 2940 optimum,
2746 2861 3063 2941 quantum

676 2964 802 3027 fuit
864 2960 978 3026 ille
1040 2981 1232 3046 quem
1291 2957 1549 3025 narras?
1688 2957 1785 3042 (¹7)
1832 2962 1929 3025 An
1978 2963 2069 3026 sic
2113 2959 2666 3047 intellegendum,
2716 2968 2793 3026 ut
2839 2982 3062 3027 servus

577 3108 581 3111 -
675 3069 794 3133 hoc
857 3067 1060 3132 dicat:
1125 3068 1181 3131 si
1227 3068 1549 3151 optimum
1598 3072 1694 3131 est
1742 3068 1994 3132 victum
2043 3087 2233 3153 opera
2280 3088 2583 3152 quaerere
2631 3072 2695 3132 et
2740 3069 2808 3132 in
2854 3066 3059 3134 alieno

675 3194 830 3261 agro
878 3194 1047 3252 esse,
1099 3172 1319 3239 videas
1358 3177 1421 3238 te
1461 3178 1650 3259 atque
1689 3171 1879 3238 illum
1920 3173 2145 3240 vidisti
2184 3174 2287 3253 (cf.
2316 3174 2473 3255 (1)),
2516 3173 3058 3259 quemadmodum

674 3282 1229 3361 narras‚·vivere,
1288 3284 1352 3344 et
1399 3278 1692 3345 alluserit
1739 3279 1819 3345 ad
1864 3277 2028 3345 illud
2076 3278 2246 3365 quod
2291 3282 2384 3345 ait
2437 3301 2669 3365 „quem
2716 3299 2837 3367 ego
2886 3280 3059 3347 vide-

672 3391 800 3454 rim
836 3390 904 3454 in
957 3389 1091 3455 vita
1135 3385 1549 3472 optimum''?

764 3494 944 3560 Adde
989 3494 1612 3580 Eugraphium:
1661 3493 1901 3560 Servus
1949 3498 2165 3558 narrat
2211 3514 2323 3579 pro
2366 3493 2624 3559 domino
2664 3514 2799 3560 sese
2842 3513 3060 3580 agere:

674 3622 980 3689 cognosce
1019 3606 1082 3666 te
1119 3607 1310 3684 atque
1348 3599 1542 3664 illum
1580 3621 1731 3665 cum
1772 3620 1895 3686 quo
1927 3598 2209 3685 loqueris
2234 3597 2534 3685 (legitnez
2578 3601 2715 3666 cui
2752 3599 3056 3682 narrasf).

674 3706 1120 3774 Bentleius
1173 3705 1392 3771 locum
1437 3710 1816 3793 corruptum
1865 3726 1999 3771 esse
2047 3705 2339 3771 credens:
2392 3705 2761 3785 „Donatus,
2810 3709 3057 3792 inquit,

676 3820 751 3880 ut
811 3811 974 3878 solet
1030 3811 1402 3897 implicatus
1464 3811 1657 3877 falsae
1705 3812 2005 3889 lectioni,
2057 3832 2181 3896 quo
2231 3833 2297 3877 88
2347 3816 2557 3878 vertat
2602 3814 2835 3878 nescit:
2884 3819 3063 3898 quat-

675 3926 822 3986 tuor
881 3919 1166 3985 diversas
1224 3920 1783 4004 interpretationes
1848 3917 2089 3997 adfert,
2157 3939 2375 3983 omnes
2439 3917 2882 3985 exsibilandas.
2929 3919 3062 3984 Nec

671 4028 1050 4093 recentiores
1122 4045 1188 4090 se
1237 4015 1616 4110 expediunt.
1695 4023 2183 4090 Palmerius
2245 4024 2753 4090 emendationem
2821 4031 3061 4105 tentat,

672 4133 782 4199 sed
819 4131 1186 4198 infeliciter:
1232 4130 1500 4208 „Videas
1541 4131 1674 4208 ted,
1719 4129 1908 4195 illum
1948 4137 2024 4195 ut
2063 4129 2321 4196 narras''
2345 4131 2404 4196 ”.
2456 4130 2724 4196 Bentl.
2766 4133 2903 4217 ipse
2928 4154 3061 4198 cor-

674 4241 866 4327 rigit:
917 4237 1190 4316 „Vidisti
1227 4235 1515 4315 nullum,
1559 4241 1635 4302 ut
1675 4238 1969 4317 narras'’;
2017 4239 2378 4303 coniectura
2411 4259 2536 4303 non
2563 4235 2772 4304 multo
2797 4237 3061 4304 felicior.

673 4344 1268 4410 Rhunkenius:
1341 4343 1593 4421 „Locus
1641 4343 2010 4409 foedissime
2057 4348 2392 4429 corruptus
2408 4364 2424 4423 3
2476 4344 2623 4409 vide
2672 4345 3063 4410 coniecturas

675 4451 846 4537 apud
889 4449 1320 4516 Bentleium'’.
1369 4449 1778 4514 Dziatzko
1826 4451 2071 4514 omittit
2121 4451 2303 4529 ‚,ut’'‚
2346 4449 2514 4515 unde
2554 4454 2752 4515 restat
2794 4449 3063 4527 „Videas

675 4563 773 4635 te,
837 4561 1027 4642 atque
1087 4555 1277 4622 illum
1326 4545 1606 4635 narras”,
1655 4555 1794 4621 scil.
1844 4557 2212 4640 „optimum
2264 4557 2463 4636 esse’'‚
2513 4561 2590 4622 ut
2638 4554 2847 4625 Geta
2894 4559 3053 4624 serio
