3392 5384
1432 437 1724 489 monus.
2635 422 2771 492 267
2879 523 2886 530 ὶ

470 601 620 681 128,
646 601 729 668 21
782 627 861 654 =
907 602 1141 669 Anecd.
1191 602 1394 668 Bekk.
1448 601 1715 682 395,’17
1763 635 1843 662 --
1890 604 2073 672 Suid.
2143 643 2227 654 —
2292 605 2761 687 ἄνέγρετον.

368 709 849 790 οὶνυπόστροφον.
914 707 1123 778 Immo
1182 707 1659 788 οἳνήγρετονῐ
1725 710 1798 776 Id
1865 712 2037 797 quod
2095 714 2329 777 retrahi
2373 715 2583 800 nequit
2627 717 2764 782 sive

364 817 431 880 οὐ
495 815 689 880 πάλιν
750 809 1011 895 οἶγρετόν
1075 817 1262 894 ἐστιν,
1329 821 1402 880 ut
1464 838 1614 882 cum
1660 823 1849 902 poeta
1893 817 2258 904 loquamur,
2311 827 2478 886 recte
2528 822 2766 888 dicitur

368 922 847 1002 ιένυπόστροφον,
891 923 1198 1008 quoniam
1238 924 1357 1003 οὐχ
1383 924 1864 1004 ὑποστρέφετοιι.
1907 923 2207 992 Similem
2233 931 2765 1013 compositionem

372 1050 470 1094 ex.
520 1050 573 1093 e.
622 1029 815 1094 habet
861 1031 1165 1108 ἀνήροτος.

458 1132 755 1202 Conferre
792 1138 978 1202 iuvat
1016 1155 1334 1214 errorem,
1377 1157 1503 1222 quo
1539 1137 1606 1200 in
1645 1141 1832 1203 textu
1857 1135 2207 1204 Homerico
2232 1140 2430 1205 verba
2465 1141 2762 1220 ἄγρέσθοιι

362 1248 428 1308 et
498 1242 778 1320 ε’γρὲσθκι
854 1245 989 1307 sive
1051 1242 1258 1323 colliqi
1321 1249 1386 1308 et
1448 1243 1779 1326 emperqisci
1841 1246 2009 1314 inter
2070 1266 2136 1311 se
2200 1252 2568 1332 permutata
2617 1253 2770 1314 sunt

376 1359 428 1416 H
456 1349 591 1416 434
638 1355 702 1416 et
754 1359 823 1414 Ω
855 1347 1021 1416 789:
1572 1339 1575 1342 ⁴

730 1456 905 1539 ἀμφὶ
957 1456 1145 1537 πυρὴν
1193 1457 1387 1520 πάλιν
1435 1455 1732 1536 ἔγρετο
1781 1453 1949 1529 λαὸς’
1985 1460 2285 1539 Ἀχαιῶν.

730 1563 901 1645 ἀμφὶ
954 1562 1144 1643 πυρὴν
1193 1559 1750 1643 κλυτοῦ“Ἔκτορος
1804 1563 2093 1644 ἔγρετο
2144 1567 2318 1639 λαός.
2537 1653 2540 1656 Α

371 1669 500 1752 Ubi
558 1670 850 1751 ἤγρετο
914 1671 1211 1734 certatim
1275 1671 1697 1735 restituerunt
1759 1673 1997 1750 critici,
2065 1675 2132 1736 in
2197 1673 2300 1738 his
2363 1671 2600 1753 Cobet,
2647 1675 2758 1740 sed

366 1779 617 1863 primus
657 1779 723 1841 ni
762 1775 952 1843 fallor
994 1775 1331 1841 Duentzer.
1381 1775 1523 1842 Non
1552 1784 1992 1859 pernoctarunt
2030 1781 2249 1865 copiae
2289 1779 2460 1864 apud
2494 1781 2757 1846 bustum

368 1883 478 1950 sed
539 1886 748 1970 prima
804 1882 949 1948 luce
1013 1881 1175 1948 illuc
1224 1890 1638 1949 convenerunt.
1686 1884 1773 1948 Et
1821 1883 1977 1950 alibi
2023 1885 2193 1971 apud
2241 1885 2604 1951 Homerum
2653 1907 2762 1953 va-

365 1992 536 2054 riant
575 1989 827 2068 ἄγερθεν
860 1994 921 2054 et
961 1987 1201 2069 ἔγερθεν
1226 1993 1312 2068 (Ψ
1340 1988 1520 2069 287),
1549 1990 1953 2070 ἀγειρομένων
1983 1998 2047 2057 et
2073 1992 2462 2071 ἐγειρομένων
2488 1998 2548 2073 (υ
2577 1993 2756 2074 103),

366 2096 693 2176 ἐγρόμενοιι
742 2103 808 2161 et
855 2095 1195 2174 ἀγρόμεναι
1246 2101 1307 2176 (υ
1338 2094 1515 2177 123).
1568 2096 1748 2177 Quod
1798 2103 2019 2164 autem
2065 2103 2293 2164 notatu
2343 2098 2618 2185 dignum
2666 2102 2765 2165 vi-

366 2201 575 2291 detur,
644 2208 908 2288 apparet
977 2205 1043 2266 in
1105 2201 1433 2266 lemmatis
1496 2206 1769 2269 minime
1829 2225 1972 2270 rara
1998 2283 2004 2288 .
2032 2226 2168 2271 esse
2233 2206 2554 2272 eiusmodi
2599 2208 2763 2272 vitia

360 2295 599 2395 quibus
648 2314 939 2374 mutetur
980 2308 1141 2394 ‘ordo
1190 2307 1649 2394 alphabeticus.

460 2528 610 2607 130,
638 2527 677 2593 5
723 2553 805 2580 =
850 2529 1087 2595 Anecd.
1136 2529 1339 2594 Bekk.
1391 2528 1543 2608 396,
1574 2529 1660 2595 25
1713 2556 1793 2583 =
1838 2531 2018 2597 Suid.
2087 2569 2170 2580 -
2236 2533 2753 2608 ὦνείληπτός

363 2639 496 2700 ἐστι
546 2637 614 2700 τὸ
661 2635 1040 2714 Ἑλληνικόν,
1089 2637 1229 2716 οὐχι
1280 2635 1677 2710 ὦνοίλειπτος.

458 2741 646 2820 „Lies
709 2741 1119 2816 οὲνήλειπτος”
1183 2741 1613 2809 Reitzenstein
1675 2746 2030 2810 annotavit.
2079 2697 2305 2810 Potius
2351 2749 2750 2832 scripserim:

365 2847 755 2934 „legendum
828 2869 963 2916 esse
1032 2849 1251 2921 ἀνήλ
1284 2873 1538 2922 ιπτος
1609 2849 1979 2950 observavit
2045 2846 2249 2918 'Cobet
2316 2853 2505 2932 (Nov.
2576 2853 2753 2919 Lect.

365 2976 429 3040 p.
483 2953 705 3036 170).”

460 3158 610 3237 130,
638 3156 677 3225 '7
714 3191 795 3216 =
835 3158 1069 3224 Anecd.
1111 3158 1310 3226 Bekk.
1340 3157 1490 3242 395,
1519 3158 1610 3224 29
1651 3193 1732 3219 =
1772 3159 1952 3226 Suid.
1978 3193 2059 3217 =
2084 3161 2368 3250 Hesych.
2421 3201 2506 3213 —-
2553 3165 2758 3230 ἁνεί-

361 3266 689 3338 maom-
742 3266 1193 3345 συστρέφεσθαι
1244 3266 1348 3329 κοοὶ
1398 3267 1713 3340 ἀλλήλους
1766 3276 1889 3338 τοῖς
1943 3266 2148 3346 δόρασι
2195 3270 2472 3335 τύπτειν.

455 3371 643 3452 „Lies
706 3371 1297 3437 ἀνείλλεσθοιι”
1365 3372 1838 3451 Reitzenstein,
1886 3381 1951 3438 et
2000 3376 2096 3440 ita
2142 3376 2337 3441 scribi
2382 3375 2595 3442 voluit
2639 3377 2761 3442 for-

361 3486 527 3544 tasse
572 3481 1069 3565 grammaticus,
1119 3481 1411 3563 sequitur
1456 3485 1675 3544 autem
1723 3500 1892 3546 nova
1931 3479 2750 3567 31οεεειεοῖνείλλεται·

360 3586 699 3651 ὦνειλεῖτοιι
754 3607 789 3652 e
834 3585 1082 3651 Timaei
1128 3586 1328 3651 lexico
1375 3585 1707 3652 Platonico
1755 3586 1951 3667 (Plat.
2003 3585 2204 3656 Conv.
2255 3588 2386 3654 206
2403 3592 2472 3671 d)
2521 3590 2712 3656 ducta
2728 3610 2746 3669 3

359 3692 467 3774 sed
536 3714 689 3760 vera
760 3693 939 3758 verbi
1006 3694 1214 3758 forma
1282 3699 1379 3758 est
1447 3693 1960 3760 ἀνίλλεσθαι.
2037 3695 2206 3760 Nam
2276 3697 2749 3780 reduplicatione

360 3802 579 3885 stirpis
654 3805 827 3880 ε(ε)λ,
900 3821 977 3864 ex
1050 3798 1395 3864 Homerico
1464 3798 1693 3864 εέλλειν
1757 3809 2013 3875 ramme
2077 3804 2234 3867 bene
2296 3810 2523 3882 notae,
2601 3810 2751 3870 nata

359 3914 455 3972 est
502 3908 710 3992 prima
756 3905 1008 3992 syllaba
1056 3906 1238 3972 verbi
1284 3907 1685 3998 ει-νλῑρέσθοιι,
1738 3908 1965 3980 αονὶείο
2013 3930 2163 3974 vero
2211 3911 2508 3995 proprius
2557 3916 2653 3975 est
2701 3933 2753 3974 ει

358 4032 585 4090 sonus,
634 4033 689 4076 e.
715 4033 782 4098 g.
830 4013 900 4076 in
944 4013 1283 4098 participio
1332 3999 1796 4090 περιειλάμενος
1848 4015 1959 4078 Ar.
2009 4013 2168 4080 Ran.
2216 4014 2429 4094 1066;
2470 4036 2543 4080 ea
2581 4018 2754 4082 enim

355 4118 695 4184 intercedit
742 4120 935 4195 ratio,
986 4125 1062 4183 ut
1108 4119 1229 4182 hoc
1269 4123 1437 4195 utar,
1482 4139 1641 4203 quae
1682 4125 1780 4184 est
1817 4121 1985 4184 inter
2023 4120 2348 4197 γίγνεσθαι
2389 4127 2454 4186 et
2497 4124 2750 4207 epicum

355 4225 743 4302 γεινάμενος.
792 4221 1212 4290 Conferantur
1259 4223 1455 4289 velim
1503 4245 1663 4309 quae
1713 4224 1794 4290 ad
1842 4224 2012 4290 Nub.
2059 4223 2184 4292 Ι761
2231 4229 2556 4295 annotavi.
2607 4227 2756 4292 Pas-

350 4332 470 4396 sivi
532 4333 768 4397 aoristo
832 4332 1139 4404 εἰληθῆνοιι
1204 4351 1282 4396 ex
1343 4330 1579 4396 Ionicis
1643 4333 2064 4418 scriptoribus
2134 4333 2290 4398 bene
2353 4339 2505 4399 noto
2556 4336 2757 4400 etiam

355 4437 801 4525 Thucydidem
866 4459 1058 4502 usum
1124 4458 1260 4503 esse
1324 4437 1441 4504 VII
1489 4437 1571 4504 81
1639 4439 1742 4525 §4
1798 4438 2238 4519 (ἄνειληθέντες
2287 4438 2346 4512 ἔς
2395 4463 2453 4504 τι
2504 4441 2748 4522 χωρίον)

355 4549 617 4612 annotat
663 4544 893 4622 Naber.
2189 4581 2198 4590 ·
