<?xml version="1.0" encoding="UTF-8"?>
<!DOCTYPE html PUBLIC "-//W3C//DTD XHTML 1.0 Transitional//EN"
    "http://www.w3.org/TR/xhtml1/DTD/xhtml1-transitional.dtd">
<html xmlns="http://www.w3.org/1999/xhtml" xml:lang="en" lang="en">
 <head>
  <title>
</title>
<meta http-equiv="Content-Type" content="text/html;charset=utf-8" />
  <meta name='ocr-system' content='tesseract 3.04.00' />
  <meta name='ocr-capabilities' content='ocr_page ocr_carea ocr_par ocr_line ocrx_word'/>
</head>
<body>
  <div class='ocr_page' id='page_1' title='image "./mnemosynebiblio13servgoog_0460.png"; bbox 0 0 3392 5384; ppageno 0'>
   <div class='ocr_carea' id='block_1_1' title="bbox 0 0 156 4034">
    <p class='ocr_par' dir='ltr' id='par_1_1' title="bbox 0 0 156 4034">
     <span class='ocr_line' id='line_1_1' title="bbox 0 0 156 4034; baseline 0 0"><span class='ocrx_word' id='word_1_1' title='bbox 0 0 156 4034; x_wconf 95' lang='lat' dir='ltr'><strong> </strong></span> 
     </span>
    </p>
   </div>
   <div class='ocr_carea' id='block_1_2' title="bbox 784 419 2228 486">
    <p class='ocr_par' dir='ltr' id='par_1_2' title="bbox 784 419 2228 486">
     <span class='ocr_line' id='line_1_2' title="bbox 784 419 2228 486; baseline -0.002 -1"><span class='ocrx_word' id='word_1_2' title='bbox 784 419 916 486; x_wconf 88' lang='lat'><strong>448</strong></span> <span class='ocrx_word' id='word_1_3' title='bbox 1706 434 1930 481; x_wconf 75' lang='lat' dir='ltr'><strong>conari</strong></span> <span class='ocrx_word' id='word_1_4' title='bbox 1974 434 2228 483; x_wconf 73' lang='lat' dir='ltr'><strong>ornnuu</strong></span> 
     </span>
    </p>
   </div>
   <div class='ocr_carea' id='block_1_3' title="bbox 776 598 3173 3127">
    <p class='ocr_par' dir='ltr' id='par_1_3' title="bbox 875 598 3173 792">
     <span class='ocr_line' id='line_1_3' title="bbox 875 598 3173 686; baseline 0.002 -19"><span class='ocrx_word' id='word_1_5' title='bbox 875 602 936 667; x_wconf 86' lang='lat'><strong>3.</strong></span> <span class='ocrx_word' id='word_1_6' title='bbox 985 602 1083 667; x_wconf 83' lang='lat' dir='ltr'><strong>Ad</strong></span> <span class='ocrx_word' id='word_1_7' title='bbox 1147 600 1212 667; x_wconf 82' lang='lat' dir='ltr'><strong>S.</strong></span> <span class='ocrx_word' id='word_1_8' title='bbox 1275 600 1573 665; x_wconf 78' lang='lat' dir='ltr'><strong>Karsten.</strong></span> <span class='ocrx_word' id='word_1_9' title='bbox 1639 600 1846 686; x_wconf 81' lang='lat' dir='ltr'><strong>Epist.</strong></span> <span class='ocrx_word' id='word_1_10' title='bbox 1896 598 2067 664; x_wconf 87' lang='lat' dir='ltr'><strong>VIII.</strong></span> <span class='ocrx_word' id='word_1_11' title='bbox 2132 602 2254 664; x_wconf 89' lang='lat' dir='ltr'><strong>An.</strong></span> <span class='ocrx_word' id='word_1_12' title='bbox 2310 598 2758 665; x_wconf 80' lang='lat'>1840—1855</span> <span class='ocrx_word' id='word_1_13' title='bbox 2822 624 2974 668; x_wconf 91' lang='lat' dir='ltr'><strong>cum</strong></span> <span class='ocrx_word' id='word_1_14' title='bbox 3038 627 3173 672; x_wconf 91' lang='lat' dir='ltr'><strong>uno</strong></span> 
     </span>
     <span class='ocr_line' id='line_1_4' title="bbox 982 707 1528 792; baseline 0 -20"><span class='ocrx_word' id='word_1_15' title='bbox 982 707 1102 772; x_wconf 84' lang='lat' dir='ltr'><strong>Ex.</strong></span> <span class='ocrx_word' id='word_1_16' title='bbox 1153 728 1248 792; x_wconf 91' lang='lat' dir='ltr'><strong>pr.</strong></span> <span class='ocrx_word' id='word_1_17' title='bbox 1293 707 1528 792; x_wconf 83' lang='lat' dir='ltr'><strong>fragm.</strong></span> 
     </span>
    </p>

    <p class='ocr_par' dir='ltr' id='par_1_4' title="bbox 874 798 2880 898">
     <span class='ocr_line' id='line_1_5' title="bbox 874 798 2880 898; baseline 0 -20"><span class='ocrx_word' id='word_1_18' title='bbox 874 815 937 878; x_wconf 89' lang='lat'><strong>4.</strong></span> <span class='ocrx_word' id='word_1_19' title='bbox 984 813 1085 877; x_wconf 91' lang='lat' dir='ltr'><strong>Ad</strong></span> <span class='ocrx_word' id='word_1_20' title='bbox 1132 813 1192 878; x_wconf 95' lang='lat' dir='ltr'>N</span> <span class='ocrx_word' id='word_1_21' title='bbox 1199 798 1212 876; x_wconf 57' lang='grc' dir='ltr'>ζ</span> <span class='ocrx_word' id='word_1_22' title='bbox 1259 812 1319 878; x_wconf 84' lang='lat' dir='ltr'><strong>J.</strong></span> <span class='ocrx_word' id='word_1_23' title='bbox 1368 811 1440 876; x_wconf 92' lang='lat' dir='ltr'><strong>B.</strong></span> <span class='ocrx_word' id='word_1_24' title='bbox 1490 811 1846 897; x_wconf 81' lang='lat' dir='ltr'>Kappeyne</span> <span class='ocrx_word' id='word_1_25' title='bbox 1893 832 2017 877; x_wconf 85' lang='lat' dir='ltr'><strong>van</strong></span> <span class='ocrx_word' id='word_1_26' title='bbox 2065 810 2141 875; x_wconf 92' lang='lat' dir='ltr'><strong>de</strong></span> <span class='ocrx_word' id='word_1_27' title='bbox 2188 810 2496 897; x_wconf 82' lang='lat' dir='ltr'><strong>Coppelle</strong></span> <span class='ocrx_word' id='word_1_28' title='bbox 2541 811 2747 898; x_wconf 81' lang='lat' dir='ltr'><strong>Epist.</strong></span> <span class='ocrx_word' id='word_1_29' title='bbox 2795 812 2880 878; x_wconf 96' lang='lat' dir='ltr'><strong>II.</strong></span> 
     </span>
    </p>

    <p class='ocr_par' dir='ltr' id='par_1_5' title="bbox 873 916 1859 1004">
     <span class='ocr_line' id='line_1_6' title="bbox 873 916 1859 1004; baseline -0.005 -18"><span class='ocrx_word' id='word_1_30' title='bbox 873 921 934 986; x_wconf 87' lang='lat'><strong>5.</strong></span> <span class='ocrx_word' id='word_1_31' title='bbox 983 921 1083 985; x_wconf 92' lang='lat' dir='ltr'><strong>Ad</strong></span> <span class='ocrx_word' id='word_1_32' title='bbox 1131 917 1203 986; x_wconf 83' lang='lat' dir='ltr'><strong>G.</strong></span> <span class='ocrx_word' id='word_1_33' title='bbox 1252 918 1324 983; x_wconf 87' lang='lat' dir='ltr'><strong>L.</strong></span> <span class='ocrx_word' id='word_1_34' title='bbox 1373 918 1644 1004; x_wconf 81' lang='lat' dir='ltr'><strong>Kayser.</strong></span> <span class='ocrx_word' id='word_1_35' title='bbox 1693 916 1859 982; x_wconf 91' lang='lat' dir='ltr'><strong>Una.</strong></span> 
     </span>
    </p>

    <p class='ocr_par' dir='ltr' id='par_1_6' title="bbox 874 1021 2461 1110">
     <span class='ocr_line' id='line_1_7' title="bbox 874 1021 2461 1110; baseline -0.001 -19"><span class='ocrx_word' id='word_1_36' title='bbox 874 1027 934 1092; x_wconf 92' lang='lat'><strong>6.</strong></span> <span class='ocrx_word' id='word_1_37' title='bbox 983 1026 1084 1090; x_wconf 92' lang='lat' dir='ltr'><strong>Ad</strong></span> <span class='ocrx_word' id='word_1_38' title='bbox 1135 1074 1148 1090; x_wconf 93' lang='lat'><strong>.</strong></span> <span class='ocrx_word' id='word_1_39' title='bbox 1202 1074 1216 1090; x_wconf 99' lang='lat'><strong>.</strong></span> <span class='ocrx_word' id='word_1_40' title='bbox 1264 1021 1571 1104; x_wconf 80' lang='lat' dir='ltr'><strong>Rotte.(?)</strong></span> <span class='ocrx_word' id='word_1_41' title='bbox 1618 1022 1839 1088; x_wconf 91' lang='lat' dir='ltr'><strong>Unum</strong></span> <span class='ocrx_word' id='word_1_42' title='bbox 1886 1022 2004 1088; x_wconf 82' lang='lat' dir='ltr'><strong>Ex.</strong></span> <span class='ocrx_word' id='word_1_43' title='bbox 2055 1044 2149 1109; x_wconf 92' lang='lat' dir='ltr'><strong>pr.</strong></span> <span class='ocrx_word' id='word_1_44' title='bbox 2198 1024 2461 1110; x_wconf 87' lang='lat' dir='ltr'><strong>fragmt.</strong></span> 
     </span>
    </p>

    <p class='ocr_par' dir='ltr' id='par_1_7' title="bbox 778 1129 3171 1535">
     <span class='ocr_line' id='line_1_8' title="bbox 778 1129 3171 1219; baseline -0 -20"><span class='ocrx_word' id='word_1_45' title='bbox 778 1133 1138 1219; x_wconf 81' lang='lat' dir='ltr'><strong>Supersunt</strong></span> <span class='ocrx_word' id='word_1_46' title='bbox 1196 1138 1521 1217; x_wconf 88' lang='lat' dir='ltr'><strong>praeterea</strong></span> <span class='ocrx_word' id='word_1_47' title='bbox 1582 1129 1894 1215; x_wconf 79' lang='lat' dir='ltr'><strong>pauculae</strong></span> <span class='ocrx_word' id='word_1_48' title='bbox 1957 1129 2269 1215; x_wconf 83' lang='lat' dir='ltr'><strong>quaedam</strong></span> <span class='ocrx_word' id='word_1_49' title='bbox 2333 1129 2643 1215; x_wconf 82' lang='lat' dir='ltr'><strong>epistulae</strong></span> <span class='ocrx_word' id='word_1_50' title='bbox 2704 1131 2784 1195; x_wconf 87' lang='lat' dir='ltr'><strong>ad</strong></span> <span class='ocrx_word' id='word_1_51' title='bbox 2846 1129 3171 1198; x_wconf 82' lang='lat' dir='ltr'><strong>Cobetum</strong></span> 
     </span>
     <span class='ocr_line' id='line_1_9' title="bbox 780 1233 3171 1323; baseline -0.001 -17"><span class='ocrx_word' id='word_1_52' title='bbox 780 1241 963 1306; x_wconf 89' lang='lat' dir='ltr'><strong>datae</strong></span> <span class='ocrx_word' id='word_1_53' title='bbox 1019 1241 1309 1322; x_wconf 86' lang='lat' dir='ltr'><strong>itemque</strong></span> <span class='ocrx_word' id='word_1_54' title='bbox 1369 1238 1436 1301; x_wconf 91' lang='lat' dir='ltr'><strong>in</strong></span> <span class='ocrx_word' id='word_1_55' title='bbox 1497 1235 1846 1320; x_wconf 81' lang='lat' dir='ltr'><strong>Trippiano</strong></span> <span class='ocrx_word' id='word_1_56' title='bbox 1893 1233 2197 1320; x_wconf 89' lang='lat' dir='ltr'><strong>epistolae</strong></span> <span class='ocrx_word' id='word_1_57' title='bbox 2244 1241 2416 1315; x_wconf 86' lang='lat' dir='ltr'><strong>octe,</strong></span> <span class='ocrx_word' id='word_1_58' title='bbox 2467 1256 2624 1320; x_wconf 88' lang='lat' dir='ltr'><strong>quas</strong></span> <span class='ocrx_word' id='word_1_59' title='bbox 2672 1234 2949 1303; x_wconf 86' lang='lat' dir='ltr'><strong>Cobetus</strong></span> <span class='ocrx_word' id='word_1_60' title='bbox 2970 1287 2987 1315; x_wconf 93' lang='lat'><strong>,</strong></span> <span class='ocrx_word' id='word_1_61' title='bbox 3037 1260 3171 1323; x_wconf 87' lang='lat' dir='ltr'><strong>quo</strong></span> 
     </span>
     <span class='ocr_line' id='line_1_10' title="bbox 778 1340 3169 1431; baseline -0.001 -19"><span class='ocrx_word' id='word_1_62' title='bbox 778 1353 1064 1431; x_wconf 82' lang='lat' dir='ltr'><strong>tempore</strong></span> <span class='ocrx_word' id='word_1_63' title='bbox 1126 1346 1195 1407; x_wconf 89' lang='lat' dir='ltr'><strong>in</strong></span> <span class='ocrx_word' id='word_1_64' title='bbox 1259 1340 1472 1408; x_wconf 82' lang='lat' dir='ltr'><strong>Gallia</strong></span> <span class='ocrx_word' id='word_1_65' title='bbox 1531 1348 1596 1405; x_wconf 92' lang='lat' dir='ltr'><strong>et</strong></span> <span class='ocrx_word' id='word_1_66' title='bbox 1656 1343 1727 1405; x_wconf 91' lang='lat' dir='ltr'><strong>in</strong></span> <span class='ocrx_word' id='word_1_67' title='bbox 1786 1340 1974 1406; x_wconf 89' lang='lat' dir='ltr'><strong>Italia</strong></span> <span class='ocrx_word' id='word_1_68' title='bbox 2034 1340 2581 1427; x_wconf 84' lang='lat' dir='ltr'><strong>peregrinabatur,</strong></span> <span class='ocrx_word' id='word_1_69' title='bbox 2644 1341 2722 1406; x_wconf 96' lang='lat' dir='ltr'><strong>ad</strong></span> <span class='ocrx_word' id='word_1_70' title='bbox 2770 1342 3169 1410; x_wconf 86' lang='lat' dir='ltr'><strong>Dentexium</strong></span> 
     </span>
     <span class='ocr_line' id='line_1_11' title="bbox 779 1446 2945 1535; baseline -0.001 -18"><span class='ocrx_word' id='word_1_71' title='bbox 779 1452 988 1530; x_wconf 85' lang='lat' dir='ltr'><strong>dedit,</strong></span> <span class='ocrx_word' id='word_1_72' title='bbox 1040 1452 1151 1535; x_wconf 89' lang='lat' dir='ltr'><strong>qui</strong></span> <span class='ocrx_word' id='word_1_73' title='bbox 1201 1457 1354 1513; x_wconf 89' lang='lat' dir='ltr'><strong>tunc</strong></span> <span class='ocrx_word' id='word_1_74' title='bbox 1400 1454 1540 1513; x_wconf 87' lang='lat' dir='ltr'><strong>acta</strong></span> <span class='ocrx_word' id='word_1_75' title='bbox 1587 1448 1853 1512; x_wconf 88' lang='lat' dir='ltr'><strong>curabat</strong></span> <span class='ocrx_word' id='word_1_76' title='bbox 1900 1447 2193 1512; x_wconf 87' lang='lat' dir='ltr'><strong>Instituti</strong></span> <span class='ocrx_word' id='word_1_77' title='bbox 2241 1447 2431 1534; x_wconf 89' lang='lat' dir='ltr'><strong>Regii</strong></span> <span class='ocrx_word' id='word_1_78' title='bbox 2477 1446 2945 1516; x_wconf 88' lang='lat' dir='ltr'><strong>Nederlandici.</strong></span> 
     </span>
    </p>

    <p class='ocr_par' dir='ltr' id='par_1_8' title="bbox 776 1552 3170 3127">
     <span class='ocr_line' id='line_1_12' title="bbox 867 1552 3169 1641; baseline -0 -19"><span class='ocrx_word' id='word_1_79' title='bbox 867 1557 1039 1623; x_wconf 90' lang='lat' dir='ltr'><strong>Illud</strong></span> <span class='ocrx_word' id='word_1_80' title='bbox 1080 1576 1368 1641; x_wconf 86' lang='lat' dir='ltr'><strong>quoque,</strong></span> <span class='ocrx_word' id='word_1_81' title='bbox 1409 1554 1577 1639; x_wconf 93' lang='lat' dir='ltr'><strong>quod</strong></span> <span class='ocrx_word' id='word_1_82' title='bbox 1615 1552 1883 1619; x_wconf 87' lang='lat' dir='ltr'><strong>lectores</strong></span> <span class='ocrx_word' id='word_1_83' title='bbox 1907 1554 2173 1619; x_wconf 86' lang='lat' dir='ltr'><strong>fortasse</strong></span> <span class='ocrx_word' id='word_1_84' title='bbox 2200 1552 2372 1617; x_wconf 87' lang='lat' dir='ltr'><strong>haud</strong></span> <span class='ocrx_word' id='word_1_85' title='bbox 2393 1553 2739 1619; x_wconf 77' lang='lat' dir='ltr'><strong>illabenter</strong></span> <span class='ocrx_word' id='word_1_86' title='bbox 2759 1562 3169 1641; x_wconf 85' lang='lat' dir='ltr'><strong>cognoscent.</strong></span> 
     </span>
     <span class='ocr_line' id='line_1_13' title="bbox 777 1658 3165 1746; baseline -0.001 -16"><span class='ocrx_word' id='word_1_87' title='bbox 777 1664 977 1730; x_wconf 88' lang='lat' dir='ltr'><strong>Vetus</strong></span> <span class='ocrx_word' id='word_1_88' title='bbox 1046 1662 1209 1727; x_wconf 89' lang='lat' dir='ltr'><strong>mihi</strong></span> <span class='ocrx_word' id='word_1_89' title='bbox 1279 1659 1677 1726; x_wconf 83' lang='lat' dir='ltr'><strong>necessitudo</strong></span> <span class='ocrx_word' id='word_1_90' title='bbox 1748 1674 1845 1725; x_wconf 86' lang='lat' dir='ltr'><strong>est</strong></span> <span class='ocrx_word' id='word_1_91' title='bbox 1912 1681 2061 1725; x_wconf 91' lang='lat' dir='ltr'><strong>cum</strong></span> <span class='ocrx_word' id='word_1_92' title='bbox 2131 1658 2409 1724; x_wconf 91' lang='lat' dir='ltr'><strong>Iohanne</strong></span> <span class='ocrx_word' id='word_1_93' title='bbox 2479 1660 2936 1746; x_wconf 84' lang='lat' dir='ltr'><strong>Dyserinckio‚</strong></span> <span class='ocrx_word' id='word_1_94' title='bbox 3001 1662 3165 1729; x_wconf 89' lang='lat' dir='ltr'><strong>olim</strong></span> 
     </span>
     <span class='ocr_line' id='line_1_14' title="bbox 779 1765 3167 1855; baseline 0 -21"><span class='ocrx_word' id='word_1_95' title='bbox 779 1768 1073 1836; x_wconf 89' lang='lat' dir='ltr'><strong>Harlemi</strong></span> <span class='ocrx_word' id='word_1_96' title='bbox 1134 1766 1366 1832; x_wconf 90' lang='lat' dir='ltr'><strong>dilecto</strong></span> <span class='ocrx_word' id='word_1_97' title='bbox 1429 1765 1746 1852; x_wconf 90' lang='lat' dir='ltr'><strong>discipulo</strong></span> <span class='ocrx_word' id='word_1_98' title='bbox 1806 1772 1871 1831; x_wconf 88' lang='lat' dir='ltr'><strong>et</strong></span> <span class='ocrx_word' id='word_1_99' title='bbox 1930 1788 2099 1831; x_wconf 87' lang='lat' dir='ltr'><strong>nunc</strong></span> <span class='ocrx_word' id='word_1_100' title='bbox 2147 1765 2318 1831; x_wconf 87' lang='lat' dir='ltr'><strong>fideli</strong></span> <span class='ocrx_word' id='word_1_101' title='bbox 2366 1769 2604 1842; x_wconf 91' lang='lat' dir='ltr'><strong>amico,</strong></span> <span class='ocrx_word' id='word_1_102' title='bbox 2654 1770 2801 1851; x_wconf 87' lang='lat' dir='ltr'><strong>qui,</strong></span> <span class='ocrx_word' id='word_1_103' title='bbox 2851 1770 3167 1855; x_wconf 88' lang='lat' dir='ltr'><strong>quamdiu</strong></span> 
     </span>
     <span class='ocr_line' id='line_1_15' title="bbox 778 1871 3169 1963; baseline 0 -21"><span class='ocrx_word' id='word_1_104' title='bbox 778 1900 892 1963; x_wconf 90' lang='lat' dir='ltr'><strong>per</strong></span> <span class='ocrx_word' id='word_1_105' title='bbox 952 1883 1228 1941; x_wconf 86' lang='lat' dir='ltr'><strong>aetatem</strong></span> <span class='ocrx_word' id='word_1_106' title='bbox 1293 1874 1516 1950; x_wconf 88' lang='lat' dir='ltr'><strong>licuit,</strong></span> <span class='ocrx_word' id='word_1_107' title='bbox 1577 1876 1747 1938; x_wconf 91' lang='lat' dir='ltr'><strong>inter</strong></span> <span class='ocrx_word' id='word_1_108' title='bbox 1806 1871 2315 1958; x_wconf 82' lang='lat' dir='ltr'><strong>Teleobaptistas</strong></span> <span class='ocrx_word' id='word_1_109' title='bbox 2375 1874 2543 1959; x_wconf 86' lang='lat' dir='ltr'><strong>apud</strong></span> <span class='ocrx_word' id='word_1_110' title='bbox 2594 1874 3169 1942; x_wconf 88' lang='lat' dir='ltr'><strong>Roterodamenses</strong></span> 
     </span>
     <span class='ocr_line' id='line_1_16' title="bbox 777 1982 3169 2067; baseline -0 -18"><span class='ocrx_word' id='word_1_111' title='bbox 777 1985 1049 2050; x_wconf 86' lang='lat' dir='ltr'><strong>verbum</strong></span> <span class='ocrx_word' id='word_1_112' title='bbox 1120 1982 1412 2046; x_wconf 87' lang='lat' dir='ltr'><strong>divinum</strong></span> <span class='ocrx_word' id='word_1_113' title='bbox 1482 1982 1941 2064; x_wconf 88' lang='lat' dir='ltr'><strong>interpretatus</strong></span> <span class='ocrx_word' id='word_1_114' title='bbox 2012 1988 2110 2044; x_wconf 91' lang='lat' dir='ltr'><strong>est</strong></span> <span class='ocrx_word' id='word_1_115' title='bbox 2181 1986 2247 2045; x_wconf 93' lang='lat' dir='ltr'><strong>et</strong></span> <span class='ocrx_word' id='word_1_116' title='bbox 2314 2001 2483 2044; x_wconf 89' lang='lat' dir='ltr'><strong>nunc</strong></span> <span class='ocrx_word' id='word_1_117' title='bbox 2545 1986 2779 2067; x_wconf 83' lang='lat' dir='ltr'><strong>vegeta</strong></span> <span class='ocrx_word' id='word_1_118' title='bbox 2838 1989 3169 2048; x_wconf 88' lang='lat' dir='ltr'><strong>senectute</strong></span> 
     </span>
     <span class='ocr_line' id='line_1_17' title="bbox 777 2084 3169 2172; baseline -0.001 -17"><span class='ocrx_word' id='word_1_119' title='bbox 777 2086 1188 2155; x_wconf 88' lang='lat' dir='ltr'><strong>laudabiliter</strong></span> <span class='ocrx_word' id='word_1_120' title='bbox 1246 2088 1456 2151; x_wconf 89' lang='lat' dir='ltr'><strong>utitur</strong></span> <span class='ocrx_word' id='word_1_121' title='bbox 1518 2084 1597 2150; x_wconf 89' lang='lat' dir='ltr'><strong>ad</strong></span> <span class='ocrx_word' id='word_1_122' title='bbox 1658 2092 1945 2151; x_wconf 88' lang='lat' dir='ltr'><strong>nostram</strong></span> <span class='ocrx_word' id='word_1_123' title='bbox 2006 2107 2143 2151; x_wconf 90' lang='lat' dir='ltr'><strong>rem</strong></span> <span class='ocrx_word' id='word_1_124' title='bbox 2199 2084 2579 2152; x_wconf 87' lang='lat' dir='ltr'><strong>litterariam</strong></span> <span class='ocrx_word' id='word_1_125' title='bbox 2628 2087 3169 2172; x_wconf 88' lang='lat' dir='ltr'><strong>promovendam,</strong></span> 
     </span>
     <span class='ocr_line' id='line_1_18' title="bbox 777 2191 3170 2279; baseline -0.002 -17"><span class='ocrx_word' id='word_1_126' title='bbox 777 2217 929 2262; x_wconf 88' lang='lat' dir='ltr'><strong>nam</strong></span> <span class='ocrx_word' id='word_1_127' title='bbox 966 2194 1117 2259; x_wconf 90' lang='lat' dir='ltr'><strong>huic</strong></span> <span class='ocrx_word' id='word_1_128' title='bbox 1155 2193 1418 2258; x_wconf 90' lang='lat' dir='ltr'><strong>mandes</strong></span> <span class='ocrx_word' id='word_1_129' title='bbox 1457 2194 1511 2257; x_wconf 90' lang='lat' dir='ltr'><strong>si</strong></span> <span class='ocrx_word' id='word_1_130' title='bbox 1549 2191 1703 2278; x_wconf 91' lang='lat' dir='ltr'><strong>quid</strong></span> <span class='ocrx_word' id='word_1_131' title='bbox 1741 2194 2022 2257; x_wconf 86' lang='lat' dir='ltr'><strong>maxime</strong></span> <span class='ocrx_word' id='word_1_132' title='bbox 2063 2193 2475 2257; x_wconf 88' lang='lat' dir='ltr'><strong>reconditum.</strong></span> <span class='ocrx_word' id='word_1_133' title='bbox 2497 2198 2667 2257; x_wconf 90' lang='lat' dir='ltr'><strong>recte</strong></span> <span class='ocrx_word' id='word_1_134' title='bbox 2690 2195 3170 2279; x_wconf 79' lang='lat' dir='ltr'><strong>investigatum</strong></span> 
     </span>
     <span class='ocr_line' id='line_1_19' title="bbox 778 2295 3168 2379; baseline -0.002 -10"><span class='ocrx_word' id='word_1_135' title='bbox 778 2301 974 2369; x_wconf 85' lang='lat' dir='ltr'><strong>velis:</strong></span> <span class='ocrx_word' id='word_1_136' title='bbox 1042 2300 1284 2379; x_wconf 73' lang='grc' dir='ltr'><strong><em>ἐκφέρει</em></strong></span> <span class='ocrx_word' id='word_1_137' title='bbox 1351 2298 1411 2361; x_wconf 74' lang='grc' dir='ltr'><strong>δέ</strong></span> <span class='ocrx_word' id='word_1_138' title='bbox 1458 2322 1543 2361; x_wconf 88' lang='grc' dir='ltr'><strong>νιν</strong></span> <span class='ocrx_word' id='word_1_139' title='bbox 1585 2298 1759 2369; x_wconf 83' lang='grc' dir='ltr'><strong><em>κυνὸς</em></strong></span> <span class='ocrx_word' id='word_1_140' title='bbox 1808 2296 2131 2372; x_wconf 77' lang='grc' dir='ltr'><strong>Λακαίνης</strong></span> <span class='ocrx_word' id='word_1_141' title='bbox 2175 2295 2249 2368; x_wconf 71' lang='grc' dir='ltr'><strong>ὥς</strong></span> <span class='ocrx_word' id='word_1_142' title='bbox 2298 2321 2393 2369; x_wconf 86' lang='grc' dir='ltr'><strong>τις</strong></span> <span class='ocrx_word' id='word_1_143' title='bbox 2444 2296 2665 2376; x_wconf 81' lang='grc' dir='ltr'><strong><em>εὔρινος</em></strong></span> <span class='ocrx_word' id='word_1_144' title='bbox 2709 2297 2924 2375; x_wconf 70' lang='grc' dir='ltr'><strong><em>βάσις.</em></strong></span> <span class='ocrx_word' id='word_1_145' title='bbox 2988 2298 3168 2364; x_wconf 83' lang='lat' dir='ltr'><strong>Huic</strong></span> 
     </span>
     <span class='ocr_line' id='line_1_20' title="bbox 777 2400 3169 2494; baseline -0.001 -21"><span class='ocrx_word' id='word_1_146' title='bbox 777 2411 983 2494; x_wconf 83' lang='lat' dir='ltr'><strong>igitur</strong></span> <span class='ocrx_word' id='word_1_147' title='bbox 1031 2407 1230 2492; x_wconf 28' lang='lat' dir='ltr'><strong>debeo·</strong></span> <span class='ocrx_word' id='word_1_148' title='bbox 1273 2402 1616 2490; x_wconf 90' lang='lat' dir='ltr'><strong>epistulam</strong></span> <span class='ocrx_word' id='word_1_149' title='bbox 1664 2404 1741 2468; x_wconf 90' lang='lat' dir='ltr'><strong>ab</strong></span> <span class='ocrx_word' id='word_1_150' title='bbox 1791 2400 2028 2469; x_wconf 87' lang='lat' dir='ltr'><strong>Cobeto</strong></span> <span class='ocrx_word' id='word_1_151' title='bbox 2078 2405 2382 2488; x_wconf 85' lang='lat' dir='ltr'><strong>scriptam</strong></span> <span class='ocrx_word' id='word_1_152' title='bbox 2428 2406 2597 2469; x_wconf 87' lang='lat' dir='ltr'><strong>intra</strong></span> <span class='ocrx_word' id='word_1_153' title='bbox 2644 2424 2837 2469; x_wconf 93' lang='lat' dir='ltr'><strong>annos</strong></span> <span class='ocrx_word' id='word_1_154' title='bbox 2880 2402 3055 2469; x_wconf 80' lang='lat'>1845</span> <span class='ocrx_word' id='word_1_155' title='bbox 3104 2411 3169 2470; x_wconf 91' lang='lat' dir='ltr'><strong>et</strong></span> 
     </span>
     <span class='ocr_line' id='line_1_21' title="bbox 783 2507 3167 2594; baseline -0.002 -16"><span class='ocrx_word' id='word_1_156' title='bbox 783 2511 956 2580; x_wconf 83' lang='lat'>1847</span> <span class='ocrx_word' id='word_1_157' title='bbox 1005 2513 1083 2577; x_wconf 90' lang='lat' dir='ltr'><strong>ad</strong></span> <span class='ocrx_word' id='word_1_158' title='bbox 1129 2513 1414 2577; x_wconf 91' lang='lat' dir='ltr'><strong>amicum</strong></span> <span class='ocrx_word' id='word_1_159' title='bbox 1461 2531 1654 2574; x_wconf 90' lang='lat' dir='ltr'><strong>suum</strong></span> <span class='ocrx_word' id='word_1_160' title='bbox 1698 2508 2057 2574; x_wconf 84' lang='lat' dir='ltr'><strong>Henricum</strong></span> <span class='ocrx_word' id='word_1_161' title='bbox 2105 2507 2475 2575; x_wconf 88' lang='lat' dir='ltr'><strong>Didericum</strong></span> <span class='ocrx_word' id='word_1_162' title='bbox 2522 2509 2804 2587; x_wconf 86' lang='lat' dir='ltr'><strong>Blaauw‚</strong></span> <span class='ocrx_word' id='word_1_163' title='bbox 2853 2512 2966 2594; x_wconf 91' lang='lat' dir='ltr'><strong>qui</strong></span> <span class='ocrx_word' id='word_1_164' title='bbox 3007 2516 3167 2574; x_wconf 86' lang='lat' dir='ltr'><strong>tunc</strong></span> 
     </span>
     <span class='ocr_line' id='line_1_22' title="bbox 777 2614 3163 2705; baseline -0.002 -19"><span class='ocrx_word' id='word_1_165' title='bbox 777 2622 1084 2705; x_wconf 88' lang='lat' dir='ltr'><strong>temporis</strong></span> <span class='ocrx_word' id='word_1_166' title='bbox 1153 2618 1321 2703; x_wconf 88' lang='lat' dir='ltr'><strong>apud</strong></span> <span class='ocrx_word' id='word_1_167' title='bbox 1392 2614 1805 2701; x_wconf 83' lang='lat' dir='ltr'><strong>Gapinganos</strong></span> <span class='ocrx_word' id='word_1_168' title='bbox 1866 2618 1933 2679; x_wconf 92' lang='lat' dir='ltr'><strong>in</strong></span> <span class='ocrx_word' id='word_1_169' title='bbox 1993 2615 2289 2680; x_wconf 90' lang='lat' dir='ltr'><strong>Zelandia</strong></span> <span class='ocrx_word' id='word_1_170' title='bbox 2350 2617 2532 2681; x_wconf 86' lang='lat' dir='ltr'><strong>verbi</strong></span> <span class='ocrx_word' id='word_1_171' title='bbox 2597 2616 2806 2683; x_wconf 82' lang='lat' dir='ltr'><strong>divini</strong></span> <span class='ocrx_word' id='word_1_172' title='bbox 2865 2618 3163 2681; x_wconf 88' lang='lat' dir='ltr'><strong>minister</strong></span> 
     </span>
     <span class='ocr_line' id='line_1_23' title="bbox 779 2721 3159 2808; baseline -0.003 -16"><span class='ocrx_word' id='word_1_173' title='bbox 779 2732 933 2792; x_wconf 87' lang='lat' dir='ltr'><strong>erat.</strong></span> <span class='ocrx_word' id='word_1_174' title='bbox 995 2726 1121 2791; x_wconf 90' lang='lat' dir='ltr'><strong>Hic</strong></span> <span class='ocrx_word' id='word_1_175' title='bbox 1182 2724 1548 2789; x_wconf 86' lang='lat' dir='ltr'><strong>Blaauwius</strong></span> <span class='ocrx_word' id='word_1_176' title='bbox 1596 2729 1936 2808; x_wconf 87' lang='lat' dir='ltr'><strong>postquam</strong></span> <span class='ocrx_word' id='word_1_177' title='bbox 1985 2721 2250 2786; x_wconf 90' lang='lat' dir='ltr'><strong>Leidam</strong></span> <span class='ocrx_word' id='word_1_178' title='bbox 2299 2729 2563 2787; x_wconf 87' lang='lat' dir='ltr'><strong>vocatus</strong></span> <span class='ocrx_word' id='word_1_179' title='bbox 2609 2729 2704 2787; x_wconf 88' lang='lat' dir='ltr'><strong>est</strong></span> <span class='ocrx_word' id='word_1_180' title='bbox 2750 2727 2825 2786; x_wconf 89' lang='lat' dir='ltr'><strong>ut</strong></span> <span class='ocrx_word' id='word_1_181' title='bbox 2869 2721 3159 2786; x_wconf 87' lang='lat' dir='ltr'><strong>fidelium</strong></span> 
     </span>
     <span class='ocr_line' id='line_1_24' title="bbox 776 2826 3163 2919; baseline -0.003 -22"><span class='ocrx_word' id='word_1_182' title='bbox 776 2854 1044 2919; x_wconf 83' lang='lat' dir='ltr'><strong>gregem</strong></span> <span class='ocrx_word' id='word_1_183' title='bbox 1105 2836 1423 2916; x_wconf 88' lang='lat' dir='ltr'><strong>pasceret,</strong></span> <span class='ocrx_word' id='word_1_184' title='bbox 1486 2828 1638 2892; x_wconf 84' lang='lat' dir='ltr'><strong>flore</strong></span> <span class='ocrx_word' id='word_1_185' title='bbox 1702 2830 1929 2893; x_wconf 90' lang='lat' dir='ltr'><strong>aetatis</strong></span> <span class='ocrx_word' id='word_1_186' title='bbox 1992 2826 2189 2905; x_wconf 89' lang='lat' dir='ltr'><strong>obiit,</strong></span> <span class='ocrx_word' id='word_1_187' title='bbox 2255 2828 2363 2892; x_wconf 91' lang='lat' dir='ltr'><strong>sed</strong></span> <span class='ocrx_word' id='word_1_188' title='bbox 2423 2827 2554 2893; x_wconf 87' lang='lat' dir='ltr'><strong>filia</strong></span> <span class='ocrx_word' id='word_1_189' title='bbox 2613 2828 2691 2891; x_wconf 92' lang='lat' dir='ltr'><strong>ab</strong></span> <span class='ocrx_word' id='word_1_190' title='bbox 2754 2829 2961 2893; x_wconf 90' lang='lat' dir='ltr'><strong>amico</strong></span> <span class='ocrx_word' id='word_1_191' title='bbox 3017 2848 3163 2892; x_wconf 91' lang='lat' dir='ltr'><strong>meo</strong></span> 
     </span>
     <span class='ocr_line' id='line_1_25' title="bbox 777 2930 3164 3025; baseline -0.003 -21"><span class='ocrx_word' id='word_1_192' title='bbox 777 2943 1005 3025; x_wconf 89' lang='lat' dir='ltr'><strong>rogata</strong></span> <span class='ocrx_word' id='word_1_193' title='bbox 1044 2936 1209 3001; x_wconf 91' lang='lat' dir='ltr'><strong>mihi</strong></span> <span class='ocrx_word' id='word_1_194' title='bbox 1247 2936 1502 3000; x_wconf 85' lang='lat' dir='ltr'><strong>veniam</strong></span> <span class='ocrx_word' id='word_1_195' title='bbox 1543 2933 1719 2997; x_wconf 90' lang='lat' dir='ltr'><strong>dedit</strong></span> <span class='ocrx_word' id='word_1_196' title='bbox 1758 2931 2153 2997; x_wconf 90' lang='lat' dir='ltr'><strong>describendi</strong></span> <span class='ocrx_word' id='word_1_197' title='bbox 2192 2934 2536 3019; x_wconf 88' lang='lat' dir='ltr'><strong>epistulam</strong></span> <span class='ocrx_word' id='word_1_198' title='bbox 2559 2934 2652 2997; x_wconf 79' lang='lat' dir='ltr'><strong>&#39;ab</strong></span> <span class='ocrx_word' id='word_1_199' title='bbox 2692 2930 2934 2999; x_wconf 84' lang='lat' dir='ltr'><strong>Cobeto</strong></span> <span class='ocrx_word' id='word_1_200' title='bbox 2973 2932 3164 3019; x_wconf 86' lang='lat' dir='ltr'><strong>plane</strong></span> 
     </span>
     <span class='ocr_line' id='line_1_26' title="bbox 778 3038 2056 3127; baseline -0.005 -17"><span class='ocrx_word' id='word_1_201' title='bbox 778 3043 1076 3111; x_wconf 86' lang='lat' dir='ltr'><strong>Oobetice</strong></span> <span class='ocrx_word' id='word_1_202' title='bbox 1122 3042 1577 3127; x_wconf 86' lang='lat' dir='ltr'><strong>compositam:</strong></span> <span class='ocrx_word' id='word_1_203' title='bbox 1627 3038 1782 3103; x_wconf 86' lang='lat' dir='ltr'><strong>audi</strong></span> <span class='ocrx_word' id='word_1_204' title='bbox 1826 3039 2056 3105; x_wconf 89' lang='lat' dir='ltr'><strong>modo:</strong></span> 
     </span>
    </p>
   </div>
   <div class='ocr_carea' id='block_1_4' title="bbox 1230 3206 1486 3274">
    <p class='ocr_par' dir='ltr' id='par_1_9' title="bbox 1230 3206 1486 3274">
     <span class='ocr_line' id='line_1_27' title="bbox 1230 3206 1486 3274; baseline -0.004 -1"><span class='ocrx_word' id='word_1_205' title='bbox 1230 3210 1453 3274; x_wconf 91' lang='lat' dir='ltr'><strong>Amice</strong></span> <span class='ocrx_word' id='word_1_206' title='bbox 1473 3206 1486 3272; x_wconf 83' lang='lat'>1</span> 
     </span>
    </p>
   </div>
   <div class='ocr_carea' id='block_1_5' title="bbox 774 3358 3165 4610">
    <p class='ocr_par' dir='ltr' id='par_1_10' title="bbox 775 3358 3163 3973">
     <span class='ocr_line' id='line_1_28' title="bbox 867 3358 3161 3446; baseline -0.003 -17"><span class='ocrx_word' id='word_1_207' title='bbox 867 3365 956 3430; x_wconf 80' lang='lat' dir='ltr'><strong>Er</strong></span> <span class='ocrx_word' id='word_1_208' title='bbox 1001 3366 1057 3427; x_wconf 91' lang='lat' dir='ltr'><strong>is</strong></span> <span class='ocrx_word' id='word_1_209' title='bbox 1105 3365 1283 3427; x_wconf 91' lang='lat' dir='ltr'><strong>nooit</strong></span> <span class='ocrx_word' id='word_1_210' title='bbox 1329 3382 1438 3425; x_wconf 89' lang='lat' dir='ltr'><strong>een</strong></span> <span class='ocrx_word' id='word_1_211' title='bbox 1488 3358 1791 3446; x_wconf 87' lang='lat' dir='ltr'><strong>grieksch</strong></span> <span class='ocrx_word' id='word_1_212' title='bbox 1840 3360 2110 3425; x_wconf 85' lang='lat' dir='ltr'><strong>verbum</strong></span> <span class='ocrx_word' id='word_1_213' title='bbox 2158 3363 2471 3445; x_wconf 86' lang='lat' dir='ltr'><strong>geweest,</strong></span> <span class='ocrx_word' id='word_1_214' title='bbox 2522 3360 2631 3424; x_wconf 89' lang='lat' dir='ltr'><strong>dat</strong></span> <span class='ocrx_word' id='word_1_215' title='bbox 2676 3359 2935 3438; x_wconf 76' lang='lat' dir='ltr'><strong>bbc&#39;nken,</strong></span> <span class='ocrx_word' id='word_1_216' title='bbox 2975 3360 3161 3423; x_wconf 75' lang='lat' dir='ltr'><strong>schit-</strong></span> 
     </span>
     <span class='ocr_line' id='line_1_29' title="bbox 777 3464 3163 3552; baseline -0.002 -16"><span class='ocrx_word' id='word_1_217' title='bbox 777 3479 960 3548; x_wconf 78' lang='lat' dir='ltr'><strong>teren,</strong></span> <span class='ocrx_word' id='word_1_218' title='bbox 1027 3468 1356 3549; x_wconf 72' lang='lat' dir='ltr'><strong>qlimteren</strong></span> <span class='ocrx_word' id='word_1_219' title='bbox 1424 3465 1496 3531; x_wconf 88' lang='lat' dir='ltr'><strong>of</strong></span> <span class='ocrx_word' id='word_1_220' title='bbox 1555 3468 1678 3530; x_wconf 83' lang='lat' dir='ltr'><strong>iets</strong></span> <span class='ocrx_word' id='word_1_221' title='bbox 1751 3465 2096 3551; x_wconf 85' lang='lat' dir='ltr'><strong>dergelijks</strong></span> <span class='ocrx_word' id='word_1_222' title='bbox 2164 3464 2552 3531; x_wconf 85' lang='lat' dir='ltr'><strong>beteekende</strong></span> <span class='ocrx_word' id='word_1_223' title='bbox 2577 3516 2594 3545; x_wconf 90' lang='lat'><em>,</em></span> <span class='ocrx_word' id='word_1_224' title='bbox 2668 3466 3014 3552; x_wconf 85' lang='lat' dir='ltr'><strong>uitgaande</strong></span> <span class='ocrx_word' id='word_1_225' title='bbox 3078 3487 3163 3552; x_wconf 88' lang='lat' dir='ltr'><strong>op</strong></span> 
     </span>
     <span class='ocr_line' id='line_1_30' title="bbox 776 3571 3161 3657; baseline -0.002 -17"><span class='ocrx_word' id='word_1_226' title='bbox 776 3576 992 3651; x_wconf 80' lang='grc' dir='ltr'><strong><em>-ινεύω,</em></strong></span> <span class='ocrx_word' id='word_1_227' title='bbox 1038 3575 1211 3637; x_wconf 81' lang='grc' dir='ltr'><strong><em>-νεύω</em></strong></span> <span class='ocrx_word' id='word_1_228' title='bbox 1262 3572 1335 3636; x_wconf 86' lang='lat' dir='ltr'><strong>of</strong></span> <span class='ocrx_word' id='word_1_229' title='bbox 1371 3572 1547 3635; x_wconf 73' lang='grc' dir='ltr'><strong><em>-εύωε</em></strong></span> <span class='ocrx_word' id='word_1_230' title='bbox 1617 3571 1772 3635; x_wconf 88' lang='lat' dir='ltr'><strong>zelfs</strong></span> <span class='ocrx_word' id='word_1_231' title='bbox 1835 3573 1973 3635; x_wconf 89' lang='lat' dir='ltr'><strong>niet</strong></span> <span class='ocrx_word' id='word_1_232' title='bbox 2036 3593 2117 3657; x_wconf 93' lang='lat' dir='ltr'><strong>op</strong></span> <span class='ocrx_word' id='word_1_233' title='bbox 2183 3572 2312 3637; x_wconf 81' lang='grc' dir='ltr'><em>-ύω,</em></span> <span class='ocrx_word' id='word_1_234' title='bbox 2374 3571 2527 3636; x_wconf 88' lang='lat' dir='ltr'><strong>Men</strong></span> <span class='ocrx_word' id='word_1_235' title='bbox 2574 3571 2748 3636; x_wconf 88' lang='lat' dir='ltr'><strong>zeide</strong></span> <span class='ocrx_word' id='word_1_236' title='bbox 2795 3571 3029 3646; x_wconf 69' lang='grc' dir='ltr'><strong><em>λαμπω</em></strong></span> <span class='ocrx_word' id='word_1_237' title='bbox 3079 3592 3161 3636; x_wconf 90' lang='lat' dir='ltr'><strong>en</strong></span> 
     </span>
     <span class='ocr_line' id='line_1_31' title="bbox 776 3676 3159 3767; baseline -0.003 -21"><span class='ocrx_word' id='word_1_238' title='bbox 776 3683 858 3767; x_wconf 89' lang='lat' dir='ltr'><strong>bij</strong></span> <span class='ocrx_word' id='word_1_239' title='bbox 925 3681 1001 3745; x_wconf 90' lang='lat' dir='ltr'><strong>de</strong></span> <span class='ocrx_word' id='word_1_240' title='bbox 1064 3678 1226 3744; x_wconf 87' lang='lat' dir='ltr'><strong>oude</strong></span> <span class='ocrx_word' id='word_1_241' title='bbox 1290 3677 1566 3743; x_wconf 82' lang='lat' dir='ltr'><strong>dichters</strong></span> <span class='ocrx_word' id='word_1_242' title='bbox 1627 3676 1765 3754; x_wconf 77' lang='grc' dir='ltr'><strong>πυρὶ</strong></span> <span class='ocrx_word' id='word_1_243' title='bbox 1834 3678 2264 3752; x_wconf 76' lang='grc' dir='ltr'><strong><em>λαμπετόωντι</em></strong></span> <span class='ocrx_word' id='word_1_244' title='bbox 2328 3677 2557 3755; x_wconf 77' lang='grc' dir='ltr'><strong><em>ἐΐκτην,</em></strong></span> <span class='ocrx_word' id='word_1_245' title='bbox 2619 3698 2694 3741; x_wconf 90' lang='lat' dir='ltr'><strong>en</strong></span> <span class='ocrx_word' id='word_1_246' title='bbox 2759 3676 3020 3755; x_wconf 85' lang='grc' dir='ltr'><strong><em>Φέγγω,</em></strong></span> <span class='ocrx_word' id='word_1_247' title='bbox 3083 3676 3159 3739; x_wconf 82' lang='grc' dir='ltr'><strong>τὸ</strong></span> 
     </span>
     <span class='ocr_line' id='line_1_32' title="bbox 775 3782 3161 3869; baseline -0.002 -18"><span class='ocrx_word' id='word_1_248' title='bbox 775 3790 1027 3866; x_wconf 83' lang='grc' dir='ltr'><strong><em>φέγγος</em></strong></span> <span class='ocrx_word' id='word_1_249' title='bbox 1087 3806 1163 3851; x_wconf 91' lang='lat' dir='ltr'><strong>en</strong></span> <span class='ocrx_word' id='word_1_250' title='bbox 1228 3782 1427 3860; x_wconf 81' lang='grc' dir='ltr'><strong><em>ςΙλβω</em></strong></span> <span class='ocrx_word' id='word_1_251' title='bbox 1477 3804 1553 3847; x_wconf 91' lang='lat' dir='ltr'><strong>en</strong></span> <span class='ocrx_word' id='word_1_252' title='bbox 1595 3783 1766 3859; x_wconf 76' lang='grc' dir='ltr'><strong><em>αὐγή</em></strong></span> <span class='ocrx_word' id='word_1_253' title='bbox 1814 3789 1950 3847; x_wconf 89' lang='lat' dir='ltr'><strong>met</strong></span> <span class='ocrx_word' id='word_1_254' title='bbox 1998 3783 2193 3849; x_wconf 79' lang='lat' dir='ltr'><strong>verba</strong></span> <span class='ocrx_word' id='word_1_255' title='bbox 2240 3804 2319 3869; x_wconf 92' lang='lat' dir='ltr'><strong>op</strong></span> <span class='ocrx_word' id='word_1_256' title='bbox 2365 3782 2515 3864; x_wconf 77' lang='grc' dir='ltr'><strong><em>-οὶζω</em></strong></span> <span class='ocrx_word' id='word_1_257' title='bbox 2566 3804 2644 3847; x_wconf 90' lang='lat' dir='ltr'><strong>en</strong></span> <span class='ocrx_word' id='word_1_258' title='bbox 2691 3783 3028 3859; x_wconf 70' lang='grc' dir='ltr'><strong><em>ἀνταυγεῖν</em></strong></span> <span class='ocrx_word' id='word_1_259' title='bbox 3075 3802 3161 3846; x_wconf 90' lang='lat' dir='ltr'><strong>en</strong></span> 
     </span>
     <span class='ocr_line' id='line_1_33' title="bbox 777 3888 1878 3973; baseline -0.005 -16"><span class='ocrx_word' id='word_1_260' title='bbox 777 3892 1102 3972; x_wconf 63' lang='grc' dir='ltr'><strong><em>μαρμαίρει</em></strong></span> <span class='ocrx_word' id='word_1_261' title='bbox 1150 3912 1226 3955; x_wconf 93' lang='lat' dir='ltr'><strong>en</strong></span> <span class='ocrx_word' id='word_1_262' title='bbox 1275 3889 1634 3971; x_wconf 85' lang='grc' dir='ltr'><strong><em>φλέγομαι,</em></strong></span> <span class='ocrx_word' id='word_1_263' title='bbox 1687 3888 1878 3973; x_wconf 86' lang='lat' dir='ltr'><strong>bijv.:</strong></span> 
     </span>
    </p>

    <p class='ocr_par' dir='ltr' id='par_1_11' title="bbox 774 3992 3165 4610">
     <span class='ocr_line' id='line_1_34' title="bbox 1047 3992 2885 4077; baseline -0.001 -18"><span class='ocrx_word' id='word_1_264' title='bbox 1047 3998 1254 4077; x_wconf 79' lang='grc' dir='ltr'><strong><em>χρυσῷ</em></strong></span> <span class='ocrx_word' id='word_1_265' title='bbox 1303 4018 1432 4072; x_wconf 87' lang='grc' dir='ltr'><strong><em>τοι,</em></strong></span> <span class='ocrx_word' id='word_1_266' title='bbox 1481 3995 1746 4071; x_wconf 78' lang='grc' dir='ltr'><strong><em>Φαέθων,</em></strong></span> <span class='ocrx_word' id='word_1_267' title='bbox 1795 3992 1863 4057; x_wconf 87' lang='grc' dir='ltr'><strong>τὸ</strong></span> <span class='ocrx_word' id='word_1_268' title='bbox 1916 3993 2286 4062; x_wconf 81' lang='grc' dir='ltr'><strong><em>πολύλλιςον</em></strong></span> <span class='ocrx_word' id='word_1_269' title='bbox 2333 3994 2651 4073; x_wconf 73' lang='grc' dir='ltr'><strong>φλέγεται</strong></span> <span class='ocrx_word' id='word_1_270' title='bbox 2700 3994 2885 4073; x_wconf 72' lang='grc' dir='ltr'><strong><em>κράς,</em></strong></span> 
     </span>
     <span class='ocr_line' id='line_1_35' title="bbox 775 4097 3164 4186; baseline -0.001 -18"><span class='ocrx_word' id='word_1_271' title='bbox 775 4124 954 4168; x_wconf 88' lang='lat' dir='ltr'><strong>maar</strong></span> <span class='ocrx_word' id='word_1_272' title='bbox 999 4101 1227 4167; x_wconf 88' lang='lat' dir='ltr'><strong>andere</strong></span> <span class='ocrx_word' id='word_1_273' title='bbox 1275 4100 1470 4165; x_wconf 84' lang='lat' dir='ltr'><strong>verba</strong></span> <span class='ocrx_word' id='word_1_274' title='bbox 1516 4102 1635 4184; x_wconf 86' lang='lat' dir='ltr'><strong>zijn</strong></span> <span class='ocrx_word' id='word_1_275' title='bbox 1683 4120 1752 4164; x_wconf 91' lang='lat' dir='ltr'><strong>er</strong></span> <span class='ocrx_word' id='word_1_276' title='bbox 1796 4102 1966 4176; x_wconf 89' lang='lat' dir='ltr'><strong>niet,</strong></span> <span class='ocrx_word' id='word_1_277' title='bbox 2014 4101 2082 4163; x_wconf 91' lang='lat' dir='ltr'><strong>in</strong></span> <span class='ocrx_word' id='word_1_278' title='bbox 2130 4120 2294 4185; x_wconf 87' lang='lat' dir='ltr'><strong>geen</strong></span> <span class='ocrx_word' id='word_1_279' title='bbox 2339 4100 2617 4186; x_wconf 85' lang='lat' dir='ltr'><strong>tijdperk</strong></span> <span class='ocrx_word' id='word_1_280' title='bbox 2656 4099 2768 4164; x_wconf 88' lang='lat' dir='ltr'><strong>der</strong></span> <span class='ocrx_word' id='word_1_281' title='bbox 2806 4097 3164 4165; x_wconf 82' lang='lat' dir='ltr'><strong>Grieksche</strong></span> 
     </span>
     <span class='ocr_line' id='line_1_36' title="bbox 775 4205 3163 4292; baseline -0.003 -17"><span class='ocrx_word' id='word_1_282' title='bbox 775 4209 924 4275; x_wconf 89' lang='lat' dir='ltr'><strong>taal.</strong></span> <span class='ocrx_word' id='word_1_283' title='bbox 988 4208 1075 4273; x_wconf 84' lang='lat' dir='ltr'><strong>Er</strong></span> <span class='ocrx_word' id='word_1_284' title='bbox 1133 4210 1189 4272; x_wconf 91' lang='lat' dir='ltr'><strong>is</strong></span> <span class='ocrx_word' id='word_1_285' title='bbox 1252 4227 1383 4292; x_wconf 90' lang='lat' dir='ltr'><strong>nog</strong></span> <span class='ocrx_word' id='word_1_286' title='bbox 1446 4227 1558 4271; x_wconf 91' lang='lat' dir='ltr'><strong>een</strong></span> <span class='ocrx_word' id='word_1_287' title='bbox 1623 4205 1751 4270; x_wconf 93' lang='lat' dir='ltr'><strong>oud</strong></span> <span class='ocrx_word' id='word_1_288' title='bbox 1810 4206 2203 4271; x_wconf 87' lang='lat' dir='ltr'><strong>adiectivum</strong></span> <span class='ocrx_word' id='word_1_289' title='bbox 2250 4206 2577 4288; x_wconf 76' lang='grc' dir='ltr'><strong><em>αἱγλήεις,</em></strong></span> <span class='ocrx_word' id='word_1_290' title='bbox 2629 4207 2740 4270; x_wconf 75' lang='grc' dir='ltr'><strong>ἀπ’</strong></span> <span class='ocrx_word' id='word_1_291' title='bbox 2791 4206 3163 4282; x_wconf 71' lang='grc' dir='ltr'><strong><em>αἰγλήεντος</em></strong></span> 
     </span>
     <span class='ocr_line' id='line_1_37' title="bbox 775 4310 3165 4399; baseline -0.002 -18"><span class='ocrx_word' id='word_1_292' title='bbox 775 4316 1106 4391; x_wconf 80' lang='grc' dir='ltr'><strong><em>Ὀλύμπου</em></strong></span> <span class='ocrx_word' id='word_1_293' title='bbox 1168 4335 1245 4380; x_wconf 89' lang='lat' dir='ltr'><strong>en</strong></span> <span class='ocrx_word' id='word_1_294' title='bbox 1308 4312 1543 4390; x_wconf 75' lang='grc' dir='ltr'><strong><em>αἴγλη,</em></strong></span> <span class='ocrx_word' id='word_1_295' title='bbox 1605 4313 1794 4399; x_wconf 89' lang='lat' dir='ltr'><strong>bijv.:</strong></span> <span class='ocrx_word' id='word_1_296' title='bbox 1846 4315 2105 4390; x_wconf 72' lang='grc' dir='ltr'><strong><em>λαμπρη</em></strong></span> <span class='ocrx_word' id='word_1_297' title='bbox 2154 4311 2569 4392; x_wconf 72' lang='grc' dir='ltr'><strong>περιδέδρομεν</strong></span> <span class='ocrx_word' id='word_1_298' title='bbox 2620 4311 2837 4389; x_wconf 75' lang='grc' dir='ltr'><strong><em>αἴγλη.</em></strong></span> <span class='ocrx_word' id='word_1_299' title='bbox 2901 4310 2985 4376; x_wconf 88' lang='grc' dir='ltr'><strong>ΑΙ</strong></span> <span class='ocrx_word' id='word_1_300' title='bbox 3030 4317 3165 4377; x_wconf 78' lang='lat' dir='ltr'><strong>wat</strong></span> 
     </span>
     <span class='ocr_line' id='line_1_38' title="bbox 774 4416 3161 4501; baseline -0.003 -13"><span class='ocrx_word' id='word_1_301' title='bbox 774 4423 1115 4490; x_wconf 84' lang='lat' dir='ltr'><strong>beteekent</strong></span> <span class='ocrx_word' id='word_1_302' title='bbox 1167 4422 1370 4501; x_wconf 65' lang='lat' dir='ltr'><strong>qiam,</strong></span> <span class='ocrx_word' id='word_1_303' title='bbox 1424 4421 1604 4500; x_wconf 72' lang='lat' dir='ltr'><strong>qloed</strong></span> <span class='ocrx_word' id='word_1_304' title='bbox 1645 4441 1722 4485; x_wconf 89' lang='lat' dir='ltr'><strong>en</strong></span> <span class='ocrx_word' id='word_1_305' title='bbox 1772 4420 2030 4498; x_wconf 75' lang='lat' dir='ltr'><strong>blinken,</strong></span> <span class='ocrx_word' id='word_1_306' title='bbox 2078 4440 2210 4484; x_wconf 88' lang='lat' dir='ltr'><strong>enz.</strong></span> <span class='ocrx_word' id='word_1_307' title='bbox 2262 4419 2448 4484; x_wconf 84' lang='lat' dir='ltr'><strong>komt</strong></span> <span class='ocrx_word' id='word_1_308' title='bbox 2496 4437 2617 4484; x_wconf 83' lang='lat' dir='ltr'><strong>van</strong></span> <span class='ocrx_word' id='word_1_309' title='bbox 2668 4416 2814 4483; x_wconf 88' lang='lat' dir='ltr'><strong>deze</strong></span> <span class='ocrx_word' id='word_1_310' title='bbox 2861 4416 3161 4483; x_wconf 84' lang='lat' dir='ltr'><strong>woorden</strong></span> 
     </span>
     <span class='ocr_line' id='line_1_39' title="bbox 774 4522 3159 4610; baseline -0.001 -17"><span class='ocrx_word' id='word_1_311' title='bbox 774 4530 871 4610; x_wconf 83' lang='lat' dir='ltr'><strong>af,</strong></span> <span class='ocrx_word' id='word_1_312' title='bbox 935 4548 1114 4593; x_wconf 89' lang='lat' dir='ltr'><strong>maar</strong></span> <span class='ocrx_word' id='word_1_313' title='bbox 1173 4526 1314 4591; x_wconf 80' lang='grc' dir='ltr'><strong><em>-εύω</em></strong></span> <span class='ocrx_word' id='word_1_314' title='bbox 1362 4528 1418 4591; x_wconf 92' lang='lat' dir='ltr'><strong>is</strong></span> <span class='ocrx_word' id='word_1_315' title='bbox 1465 4528 1530 4591; x_wconf 89' lang='lat' dir='ltr'><strong>in</strong></span> <span class='ocrx_word' id='word_1_316' title='bbox 1581 4526 1729 4591; x_wconf 90' lang='lat' dir='ltr'><strong>deze</strong></span> <span class='ocrx_word' id='word_1_317' title='bbox 1776 4528 1936 4592; x_wconf 89' lang='lat' dir='ltr'><strong>serie</strong></span> <span class='ocrx_word' id='word_1_318' title='bbox 1984 4545 2103 4591; x_wconf 86' lang='lat' dir='ltr'><strong>van</strong></span> <span class='ocrx_word' id='word_1_319' title='bbox 2154 4524 2450 4592; x_wconf 85' lang='lat' dir='ltr'><strong>woorden</strong></span> <span class='ocrx_word' id='word_1_320' title='bbox 2496 4522 2724 4610; x_wconf 88' lang='lat' dir='ltr'><strong>geheel</strong></span> <span class='ocrx_word' id='word_1_321' title='bbox 2770 4524 3159 4610; x_wconf 91' lang='lat' dir='ltr'><strong>ongehoord.</strong></span> 
     </span>
    </p>
   </div>
  </div>
 </body>
</html>
