3392 5384
721 402 808 467 82
1571 420 1827 468 iuncus
1872 420 2249 468 mmm-unus.

716 584 1172 666 argumentum
1233 581 1664 665 philosophice
1724 578 2138 665 perpenderet
2157 629 2173 658 ,
2250 582 2503 666 penitus
2568 585 3091 666 perscrutaretur,

712 693 882 751 recte
918 685 1368 772 distingueret,
1409 689 1930 771 perspicuitatem
1969 687 2299 751 enarrandi
2330 691 2553 769 sponte
2579 692 3089 770 consequeretur,

714 792 882 876 quod
944 797 1262 855 testantur
1319 797 1418 856 tot
1476 793 1685 875 capita
1746 797 1811 855 et
1874 789 2105 855 leniter
2166 797 2230 855 et
2288 790 2471 855 facile
2533 796 2598 855 et
2658 790 2975 875 pellucide
3023 796 3090 854 et

713 894 1037 981 eleganter
1094 897 1224 961 fere
1271 898 1648 981 perscripta,
1698 896 2060 980 ubicunque
2109 894 2365 959 offendit
2411 898 2611 959 oratio
2658 896 2929 979 abrupta
2976 894 3085 959 vel

712 1004 1082 1085 argumenti
1143 1001 1293 1066 ordo
1357 1001 1649 1066 deficiens
1669 1048 1684 1077 ,
1750 1002 1993 1064 codices
2052 1002 2210 1064 vitio
2269 1000 2555 1064 laborare
2613 998 2865 1064 facilius
2911 999 3078 1063 mihi

711 1104 1056 1189 persuadeo
1096 1126 1290 1190 quam
1327 1108 1538 1170 textui
1577 1104 1813 1170 tradito
1848 1104 2021 1169 docti
2058 1110 2248 1189 atque
2288 1107 2499 1169 arcani
2522 1103 2768 1188 aliquid
2793 1104 3077 1168 subesse.

1221 1549 1307 1595 An
1352 1548 1813 1599 Ams'rornms
1859 1551 2105 1597 numm
2150 1550 2285 1599 vss.
2336 1532 2468 1597 530
2493 1550 2584 1607 so.

892 1745 1068 1821 κάγώ
1121 1782 1206 1793 --
1252 1743 1537 1824 παρθένος
1583 1747 1711 1824 γὰρ
1758 1745 1845 1807 ἔτ’
1894 1742 1930 1820 ἦ
1976 1726 2121 1809 κοῦτε
2172 1744 2310 1821 ἐξῆν
2358 1747 2448 1808 πώ
2500 1770 2601 1823 μοι
2648 1755 2845 1812 τεκεῖν
2897 1784 2983 1839 -ῥ

891 1848 1181 1926 ἐξέθηκα,
1231 1858 1383 1922 παῖς
1433 1849 1484 1913 δ’
1535 1849 1713 1929 ἑτέρα
1762 1874 1858 1922 τις
1906 1850 2172 1926 λαβοῦσ’
2223 1852 2521 1917 οὶνεΙλετ-ο.

707 1952 776 2017 Si
821 1974 1124 2037 usquam,
1174 1955 1278 2019 hic
1322 1955 1504 2020 nobis
1547 1957 1615 2018 in
1664 1961 1949 2020 mentem
1996 1958 2212 2021 venire
2260 1956 2444 2020 debet
2488 1957 2778 2043 Philippi
2826 1958 3091 2023 Aethio-

713 2079 860 2141 pem
917 2057 1201 2123 aulioum
1261 2062 1581 2144 rogantis:
1644 2055 1815 2140 „o'c'pd
1882 2085 1958 2136 γε
2009 2064 2372 2136 γιγνώσκεις
2421 2061 2463 2125 ἃ
2514 2065 3005 2139 ἀναγιγνώσκεις
3022 2064 3086 2141 ;”

710 2163 835 2227 Per
892 2162 1038 2247 plus
1101 2164 1225 2228 duo
1270 2163 1455 2229 milia
1501 2186 1815 2237 annorum
1861 2167 2014 2230 haec
2057 2164 2291 2250 legunt
2335 2168 2461 2232 viri
2510 2168 2681 2233 docti
2726 2170 3085 2244 innumeri,

709 2289 915 2352 neque
978 2271 1318 2353 quisquam
1378 2274 1599 2333 eorum
1657 2269 1978 2334 intellexit
2039 2269 2143 2335 vel
2197 2270 2557 2356 intelligere
2615 2276 2847 2357 potuit.
2920 2271 3091 2351 Quid

712 2370 928 2437 enim?
975 2372 1209 2458 Lepide
1256 2380 1440 2458 poeta
1485 2396 1674 2440 causa
1719 2374 1866 2439 ficta
1910 2396 2129 2441 veram
2176 2396 2289 2439 cur
2334 2376 2619 2441 nondum
2666 2399 2781 2441 suo
2828 2380 3089 2441 nomine

711 2476 996 2542 fabulam
1043 2498 1260 2542 scenae
1307 2482 1698 2544 commiserit
1746 2480 2027 2565 obtegit,
2078 2479 2183 2543 vel
2229 2483 2441 2565 potius
2490 2487 2758 2547 venusta
2801 2484 3091 2567 imagine

712 2601 932 2645 veram
989 2580 1171 2645 illam
1232 2604 1489 2648 causam
1552 2590 1834 2648 exornat.
1898 2584 2319 2670 Peregrinum
2375 2606 2441 2650 se
2498 2606 2633 2651 esse
2680 2587 2867 2667 (facio
2918 2590 3092 2652 enim

711 2706 861 2750 cum
923 2686 1326 2766 Leeuwenio)
1388 2688 1646 2766 fatetur,
1712 2689 1822 2752 sed
1866 2709 2018 2753 mox
2061 2691 2306 2773 optimo
2353 2692 2495 2754 iure
2540 2694 2750 2777 civem
2796 2694 3091 2757 Atticum

711 2791 844 2855 fore
889 2789 1226 2875 gloriatur.
1268 2792 1444 2855 Olim
1483 2792 1714 2857 similis
1754 2798 1889 2857 erat
1928 2794 2235 2877 innuptae
2255 2841 2271 2871 ,
2320 2815 2481 2878 quae
2519 2799 2574 2859 si
2612 2802 2858 2881 peperit
2881 2798 3092 2861 fetum

713 2914 906 2957 suum
973 2893 1233 2959 mulieri
1299 2895 1493 2960 alicui
1563 2898 1967 2960 committere
2038 2897 2259 2975 debet,
2324 2918 2484 2982 quae
2545 2920 2696 2964 eum
2757 2907 3091 2985 tamquam

710 3000 883 3060 iusto
945 3005 1321 3082 conceptum
1383 3002 1799 3063 matrimonio
1862 3000 2076 3085 palam
2136 3002 2401 3068 educare
2458 3009 2523 3067 et
2584 3004 2750 3068 foras
2810 3005 3093 3089 proferre

709 3104 947 3185 possit,
997 3109 1063 3165 at
1107 3104 1371 3187 posthac
1399 3150 1412 3165 .
1443 3152 1457 3168 .
1489 3102 1542 3167 ‚1
1593 3103 1944 3168 Venustam
1990 3106 2158 3190 quod
2206 3126 2348 3171 eam
2385 3110 2741 3193 imaginem
2778 3104 3088 3187 dicebam,

710 3212 1059 3270 correctam
1122 3208 1589 3292 praecipiebam
1637 3210 1851 3273 animo
1870 3258 1887 3287 ,
1937 3197 2087 3274 nam
2131 3232 2299 3274 nuno
2348 3212 2607 3295 quidem
2654 3217 2947 3278 omnium
2995 3221 3095 3279 est

710 3312 1181 3377 absurdissima.
1222 3312 1420 3399 Virgo
1469 3314 1636 3398 quod
1673 3317 1955 3399 peperit,
1996 3318 2300 3398 quoniam
2339 3338 2557 3401 parere
2592 3321 2717 3403 ipsi
2755 3341 2878 3383 non
2914 3319 3090 3397 licet,

708 3420 1037 3502 exposuit:
1104 3422 1468 3503 expositum
1533 3418 1707 3483 tollit
1751 3425 1815 3483 et
1860 3440 2052 3483 suum
2098 3424 2411 3486 mentitur
2458 3421 2637 3508 quis?
2683 3424 2831 3489 Alia
2876 3427 3086 3510 virgo.

710 3522 808 3585 An
869 3521 1219 3606 quidquam
1273 3525 1577 3588 interesse
1629 3526 1807 3593 ,inter
1867 3524 2151 3602 παρθένον
2201 3532 2265 3589 et
2310 3526 2507 3590 παῖδας
2556 3529 2842 3612 aliquam
2891 3534 3091 3593 statu-

708 3623 934 3689 amus?
1002 3626 1088 3690 Et
1154 3634 1370 3692 tamen
1436 3636 1514 3692 ut
1574 3650 1687 3714 pro
1747 3631 2145 3714 ineptissima
2202 3632 2329 3696 ista
2385 3630 2657 3697 lectione
2702 3636 3085 3698 restituatur

709 3751 869 3815 quae
915 3730 1342 3796 salsissimum
1386 3735 1680 3818 praebeat
1718 3755 1976 3798 sensum
2016 3744 2077 3798 et
2116 3738 2529 3819 aptissimum
2566 3744 2786 3823 poetae
2826 3738 3081 3814 ὀνόμασι

711 3838 1129 3913 περιπέττοντι
1196 3840 1302 3911 τὴν
1352 3839 1642 3911 ἀλήθειαν
1687 3860 1766 3903 ne
1813 3860 1939 3903 una
1985 3840 2244 3924 quidem
2288 3840 2577 3906 litterula
2623 3847 2874 3908 mutata
2920 3864 3081 3927 opus

710 3945 835 4018 est,
885 3941 993 4005 sed
1042 3964 1154 4026 pro
1201 3941 1454 4017 ἐξέθηκα
1503 3952 1653 4016 παῖς
1699 3944 1996 4029 legamus
2050 3944 2276 4019 ἐξέθηκ’
2326 3946 2545 4017 ἄπαις.

767 4046 1043 4122 ’,βπ-αις
1113 4048 1286 4125 ἑτέρω
1358 4070 1451 4120 τις
1510 4048 1636 4112 alia
1697 4050 2007 4133 quaedam
2072 4050 2324 4127 mulier,
2389 4055 2495 4116 cui
2557 4058 2778 4137 utpote
2840 4056 3081 4137 nuptae

707 4151 852 4237 lege
913 4153 1171 4237 quidem
1232 4174 1448 4238 parere
1509 4154 1764 4228 liceret,
1828 4164 2055 4218 natura
2115 4177 2444 4241 nunquam
2511 4157 2925 4243 contigisset''
2993 4195 3081 4207 -—

711 4279 866 4320 num
929 4259 1276 4342 quidquam
1338 4260 1440 4323 hic
1504 4262 1650 4342 poni
1710 4262 1921 4343 potuit
1984 4261 2151 4344 quod
2192 4264 2401 4346 ipsam
2449 4267 2786 4328 veritatem
2832 4267 3086 4349 grat-ius

711 4367 774 4423 et
820 4371 1187 4445 agnosceret
1234 4368 1298 4427 et
1345 4360 1823 4427 dissimularet?
2692 4368 2751 4432 J.
2800 4367 2859 4433 J.
2910 4368 2996 4431 Η.
