3392 5384
697 394 784 459 52
1695 414 2043 462 1101110101.

785 576 965 642 Unde
1011 580 1218 662 igitur
1263 580 1431 643 mira
1473 577 1588 643 illa
1635 581 1828 644 verba
1872 576 2061 644 nata?
2110 601 2223 644 cur
2268 578 2563 645 invecta?

783 684 919 747 Aut
980 685 1237 768 egregie
1298 681 1484 748 fallor
1530 689 1642 748 aut
1688 690 1925 762 cantor,
1971 686 2076 749 cui
2120 684 2431 748 debentur
2474 683 2730 749 molesti
2778 706 2934 769 quos
2982 691 3074 749 at-

691 786 968 852 tulimus
1026 808 1282 866 versus,
1345 788 1414 852 id
1473 788 1642 872 quod
1705 790 2026 873 antiquior
2084 793 2269 873 poeta
2315 789 2563 854 dixerat
2608 811 2732 854 non
2780 792 2935 854 satis
2980 793 3076 854 in—

688 891 1021 958 tellectum
1069 896 1203 958 suis
1248 895 1460 959 verbis
1481 893 1672 969 ‚male
1718 894 2015 958 reddidit.

783 998 1054 1077 „Nestor
1113 1002 1365 1064 iuvenis
1413 998 1571 1063 olim
1615 1001 1785 1063 inter
1832 1001 2033 1083 patris
2077 998 2371 1083 aequales
2418 1002 2749 1084 regnavit,
2802 1036 2884 1048 —-
2932 1002 3069 1083 ipse

688 1107 860 1169 enim
921 1110 1102 1190 pater
1162 1104 1240 1169 ad
1301 1111 1697 1170 senectutem
1762 1126 1889 1169 non
1950 1107 2274 1189 pervenit,
2337 1142 2419 1151 —
2484 1104 2631 1170 dein
2692 1108 2861 1169 inter
2920 1127 3068 1171 suos

684 1212 888 1294 ipsius
960 1209 1253 1294 aequales
1326 1213 1622 1296 regnavit
1690 1212 1795 1275 vir
1863 1217 2155 1275 maturus
2224 1216 2289 1274 et
2358 1218 2503 1275 ante
2571 1209 2831 1275 Troiam
2916 1210 3067 1275 filiis

685 1317 817 1379 suis
869 1315 1229 1399 horumque
1289 1314 1661 1399 aequalibus
1705 1316 2053 1399 imperavit
2099 1322 2278 1399 pater
2321 1318 2491 1399 ipse:
2542 1315 2875 1393 rma-darom
2924 1315 3071 1379 τότε

686 1420 1046 1485 hirmos?
1095 1458 1179 1469 —
1228 1420 1406 1486 Haec
1451 1424 1697 1506 priscus
1745 1426 1946 1485 vates.
1996 1420 2171 1499 Quae
2216 1441 2315 1485 res
2350 1419 2628 1485 inauditi
2668 1421 2863 1485 habet
2901 1420 3067 1485 nihil

682 1546 886 1609 neque
933 1546 1006 1592 eo
1049 1525 1314 1591 consilio
1363 1547 1400 1590 a
1445 1532 1628 1610 poeta
1675 1531 1773 1591 est
1818 1531 2312 1591 commemorata
2359 1531 2435 1589 ut
2473 1525 2893 1590 admiratione
2931 1547 3071 1611 per-

681 1631 1062 1697 cellerentur
1109 1633 1510 1697 audientium
1559 1634 1795 1709 animi,
1848 1630 1956 1696 sed
2002 1636 2078 1695 ut
2119 1631 2510 1696 indicaretur
2558 1631 2844 1696 Nestoris
2890 1652 3071 1717 egre-

679 1740 790 1823 gia
850 1740 1110 1822 peritia,
1173 1737 1367 1823 longo
1427 1758 1549 1801 usu
1613 1758 1726 1821 per
1786 1757 2059 1822 regnum
2119 1736 2501 1801 diuturnum
2549 1743 2748 1820 parta.
2824 1736 3067 1813 „Senem

680 1844 885 1906 audite
922 1830 1205 1906 iuvenes’'
1238 1879 1324 1891 —-
1349 1846 1439 1907 sic
1478 1843 1607 1907 fere
1645 1843 1880 1908 Nestor
1918 1841 2163 1906 milites
2188 1841 2561 1907 Atridarum
2588 1842 2765 1905 affari
2788 1842 2951 1906 solet
2979 1879 3063 1891 —

680 1971 886 2031 „quem
946 1948 1209 2011 iuvenem
1275 1948 1558 2011 audivere
1610 1970 1776 2011 senes
1794 1947 1864 2009 !”
1918 1983 2000 1995 —
2051 1947 2226 2026 Quae
2288 1968 2439 2011 vero
2483 1949 2551 2010 in
2597 1945 2799 2011 Iliade
2846 1952 3063 2012 nostra

678 2051 817 2117 loco
866 2050 1125 2117 laudato
1173 2052 1482 2137 leguntur
1528 2073 1606 2117 ne
1651 2050 1949 2137 intellegi
2011 2052 2270 2136 quidem
2333 2056 2633 2135 possunt3
2696 2072 2848 2115 nam
2908 2053 3065 2115 duae

676 2164 901 2221 aetates
939 2157 1276 2223 hominum
1322 2157 1578 2223 Nestori
1626 2155 1770 2232 ἅμα
1818 2166 2129 2236 τραφῆναι
2178 2156 2280 2219 καὶ
2331 2156 2612 2233 γενέσθαι
2660 2155 2797 2220 11110
2844 2155 3065 2221 (1101111-

678 2270 819 2327 tur:
871 2300 954 2311 -
1001 2264 1257 2327 simuhze
1300 2265 1510 2349 igitur
1555 2265 1692 2327 nati
1740 2269 1891 2327 sunt
1936 2270 2146 2346 patres
2194 2282 2342 2325 cum
2386 2259 2649 2325 liberis?
2696 2260 2839 2325 Non
2888 2266 3064 2325 totus

680 2372 895 2431 tamen
940 2366 1118 2432 locus
1162 2368 1473 2433 molestus
1521 2374 1652 2445 est,
1702 2366 1810 2431 sed
1855 2366 1989 2431 sola
2035 2368 2285 2444 Φθίσθαι
2336 2371 2401 2429 01
2446 2363 2584 2441 ἅμα
2628 2367 2718 2429 sic
2757 2371 3066 2449 usurpata

681 2473 982 2537 officiunt.
1048 2472 1403 2538 Dicendum
1459 2480 1624 2544 erat:
1679 2474 1873 2549 τούτῳ
1921 2472 1982 2536 δὲ
2033 2473 2065 2544 ἦ
2114 2471 2225 2547 μὲν
2275 2470 2483 2549 ἔφθιτο
2532 2472 2721 2547 γενεὰ
2766 2471 3064 2546 βασιλεύ-

680 2600 836 2654 οντι,
904 2581 937 2652 ἦ
1000 2578 1062 2642 δὲ
1126 2578 1212 2642 ἔτι
1279 2578 1439 2658 διέζη
1505 2585 1619 2642 τῶν
1683 2575 1826 2652 ἅμα
1872 2579 2039 2652 αὐτῷ
2089 2577 2448 2653 γενομένων,
2501 2579 2533 2650 ἦ
2587 2576 2648 2640 δὲ
2696 2576 3059 2654 ἐπεγένετο,

680 2678 834 2745 ὥστε
872 2685 1094 2761 τρίτοις
1144 2684 1251 2758 ἤδη
1304 2684 1654 2760 ἐβασίλευε.
1707 2680 2262 2761 Quemadmodum
2312 2679 2581 2747 Calchas
2628 2686 2807 2746 vates
2855 2702 2891 2745 a
2938 2680 3062 2745 diis

679 2788 938 2853 edoctus
999 2795 1181 2854 norat
1247 2790 1331 2851 τά
1396 2792 1452 2850 τ’
1513 2789 1692 2852 ἐόντα
1756 2788 1841 2850 τοὶ
1904 2789 1961 2850 τ’
2026 2786 2333 2861 ἐσσόμενα
2399 2786 2511 2864 πρό
2572 2792 2628 2850 τ’
2695 2786 2907 2863 ἐόντα,
2971 2788 3063 2851 sic

677 2893 908 2958 Nestor
950 2915 1063 2958 rex
1107 2897 1247 2978 ipsa
1293 2896 1430 2959 vita
1477 2893 1735 2958 edoctus
1783 2894 2075 2977 cognitos
2121 2893 2393 2958 habebat
2441 2892 2581 2963 τούς
2631 2894 2689 2955 τ’
2729 2890 2912 2963 ὄντας
2952 2892 3060 2967 ἤδη

680 2984 943 3077 ἄνδρας,
1009 3001 1153 3070 τούς
1218 2996 1288 3062 τε
1350 3002 1493 3073 μετ’
1553 3000 1760 3075 ὀλίγον
1825 2999 1937 3072 μὲν
1987 2999 2302 3073 ἐσομένους
2350 3003 2452 3061 νῦν
2500 2998 2563 3062 δὲ
2612 2998 2925 3075 νεωτέρους
2973 2994 3061 3060 ἔτι

678 3102 896 3181 ὄντας,
960 3103 1107 3175 τούς4
1167 3128 1237 3167 τε
1302 3105 1578 3183 πρότερον
1639 3102 1859 3181 ὄντας,
1922 3105 2088 3167 sive:
2156 3104 2298 3174 τούς
2360 3126 2431 3165 τε
2485 3102 2703 3165 ἑαυτοῦ
2754 3102 3061 3179 ὁμήλικας

682 3212 823 3279 τούς
870 3233 940 3271 τε
988 3216 1102 3273 τῶν
1155 3209 1389 3274 παίδων
1438 3210 1578 3281 τούς
1628 3233 1696 3273 τε
1745 3214 1851 3273 τοῦ
1901 3209 2155 3285 πατρός.
2472 3210 2501 3223 “

769 3314 944 3379 Haec
1007 3314 1211 3379 dicere
1276 3315 1497 3380 debuit
1558 3318 1817 3400 priscus‘
1870 3319 2090 3399 poeta,
2154 3335 2267 3378 nec
2312 3313 2535 3377 dubito
2583 3315 2737 3398 quin
2786 3312 3021 3377 dixerit
3038 3332 3055 3390 3
3102 3374 3114 3389 ,

679 3419 788 3483 sed
834 3422 968 3484 suis
1016 3422 1226 3486 verbis
1275 3420 1592 3504 quomodo
1638 3420 1874 3484 dixerit
1918 3422 2151 3484 nescio.

770 3525 857 3587 At
893 3545 1048 3589 aevo
1085 3527 1420 3589 recentiori
1455 3546 1670 3589 rerum
1711 3524 2109 3590 mirabilium
2148 3525 2473 3607 appetenti
2508 3524 2703 3587 nimis
2736 3506 3055 3606 simplicia

679 3629 832 3695 talia
892 3636 1044 3694 sunt
1103 3633 1259 3696 visa.
1324 3630 1428 3695 Sic
1493 3632 1849 3709 τεττίγεσσι
1912 3632 2241 3701 πεπωκότας
2296 3637 2482 3714 poeta
2545 3634 2840 3693 vetustus
2889 3628 3055 3695 dixit

677 3755 855 3799 senes
903 3735 1168 3801 disertos
1199 3736 1267 3816 ¹),
1315 3756 1443 3801 non
1479 3740 1651 3821 ipsos
1689 3737 1919 3801 cicadis
1959 3734 2202 3798 similes
2243 3734 2613 3818 perhibens,
2656 3733 2764 3798 sed
2803 3732 3059 3797 dulcem

676 3861 898 3905 eorum
961 3844 1455 3925 continuamque
1516 3844 1873 3907 orationem
1936 3839 2298 3904 cicadarum
2358 3842 2575 3903 cantui
2636 3838 3058 3903 assimulans:

679 3982 762 3993 —-
811 3967 1027 4011 senem
1072 3950 1141 4011 in
1189 3947 1455 4023 τέττιγα
1501 3953 1831 4012 mutatum
1877 3948 2257 4011 recentiores
2303 3944 2581 4009 habuere
2629 3942 2901 4008 fabulae.

767 4048 987 4116 Crevit
1049 4058 1267 4116 autem
1314 4057 1485 4117 aetas
1531 4072 1763 4137 regum
1808 4049 2070 4114 Troiam
2116 4052 2634 4135 oppugnantium
2681 4047 2838 4111 dum
2884 4049 3053 4131 ipsa—

673 4176 822 4219 rum
882 4156 1247 4221 fabularum
1309 4177 1469 4241 quae
1535 4165 1713 4220 erant
1777 4156 1851 4219 de
1913 4154 2077 4219 bello
2139 4154 2408 4220 Troiano
2470 4157 2672 4219 crevit
2733 4155 3051 4218 ambitus:

675 4297 760 4307 —
799 4282 899 4325 res
937 4264 1298 4339 notissima,
1341 4282 1376 4325 a
1413 4262 1596 4326 nobis
1637 4280 1888 4343 quoque
1929 4261 2181 4343 saepius
2218 4258 2514 4324 indicata.
2571 4258 2801 4323 Nestor
2848 4256 3049 4323 simul

746 4490 797 4551 1)
834 4494 868 4535 r
899 4490 1012 4537 151.
