3392 5384
1429 386 1722 449 monus.
2631 382 2766 450 259

378 569 604 652 utpote
666 560 832 631 male
894 583 1121 629 sanum
1184 562 1734 650 dittographema,
1799 584 1986 631 nemo
2047 540 2416 631 admonitus
2463 566 2728 652 negabit
2755 614 2772 645 ,

376 674 627 758 opinor,
672 670 827 736 licet
870 673 937 735 in
984 669 1111 736 alia
1159 654 1376 737 omnia
1420 671 1697 745 abierint
1739 673 2118 757 interpretes
2163 670 2500 759 Hesychii.

476 778 601 843 Sed
670 784 889 843 actum
957 798 1036 843 ne
1106 798 1295 864 agam
1358 798 1601 857 vereor,
1666 798 1816 842 nam
1881 783 2028 843 ante
2087 800 2283 845 annos
2348 764 2775 865 quadraginta

384 885 595 949 Naber
656 887 723 949 in
783 884 1003 949 Photii
1066 886 1167 949 sui
1228 881 1712 970 Prolegomenis
1759 906 1822 970 p.
1873 882 1958 949 93
2005 884 2161 950 haec
2209 886 2612 952 observavit:
2666 889 2774 964 „in

385 990 590 1057 Bekk.
632 989 866 1057 Anecd.
904 1014 964 1077 p.
994 990 1146 1069 359,
1175 989 1262 1056 24
1302 989 1471 1056 male
1510 991 1812 1056 σκοτεινόν
1838 994 1952 1076 p‘ro
1979 990 2246 1057 κόσκινον
2271 997 2368 1057 est
2393 991 2773 1078 scriptum.'’

379 1238 385 1241 ·
486 1204 591 1284 61,
623 1204 702 1270 11
729 1204 1037 1271 =Bekk.
1071 1204 1305 1271 Anecd.
1335 1202 1549 1283 365,8
1574 1204 1858 1270 =Suid.
1895 1242 1978 1253 ——-
2021 1206 2320 1281 ἀκμαῖος·
2350 1206 2777 1289 νεανίσκος
2825 1290 2836 1301 ,

390 1321 1103 1505 σφῙρόζένονεανικός,
1152 1418 1427 1497 σφριγῶν,
1476 1414 1704 1496 (Cobet
1749 1415 1895 1481 Var.
1945 1416 2119 1483 Lect.
2169 1438 2230 1502 p.
2277 1416 2458 1499 260).

482 1632 590 1710 61,
639 1631 726 1697 26
774 1663 854 1689 =
903 1629 1137 1694 Anecd.
1189 1628 1389 1694 Bekk.
1442 1626 1593 1706 345,
1622 1626 1710 1693 23
1759 1658 1842 1685 =
1885 1626 2066 1694 Suid.
2120 1667 2204 1677 —
2257 1630 2608 1721 ἀκόλαστον
2672 1627 2778 1696 καὶ

394 1738 677 1821 ὖβριστὸν
722 1741 997 1816 πρᾶγμα
1048 1738 1081 1811 ἦ
1132 1732 1456 1815 ἄνθρωπος.
1507 1735 1680 1813 λέγοι
1722 1736 1774 1799 δ’
1833 1732 1910 1799 ἄν
1957 1758 2050 1807 τις
2099 1737 2203 1801 καὶ
2254 1736 2620 1815 ὑβριστικόν.

481 1846 657 1911 Haec
718 1842 1034 1930 quomodo
1098 1844 1227 1907 sint
1285 1840 1756 1929 intellegenda,
1823 1841 2006 1907 docet
2069 1841 2269 1908 altera
2314 1842 2567 1931 glossa,
2618 1866 2782 1930 quae
2825 1878 2833 1885 ·

392 1952 674 2019 eiusdem
743 1956 841 2016 est
904 1950 1311 2035 argumenti,
1377 1947 1487 2013 sed
1533 1946 1743 2013 multo
1791 1948 2066 2025 uberior,
2113 1937 2264 2036 pag.
2315 1950 2426 2029 62,
2455 1950 2656 2037 Ssqq.
2706 1976 2786 2000 =

386 2057 603 2124 Bekk.
669 2055 906 2122 Anecd.
973 2053 1271 2134 368,12;
1342 2056 1409 2118 in
1482 2076 1608 2140 qua
1670 2059 1734 2119 et
1793 2054 2145 2121 afferuntur
2203 2077 2426 2121 versus
2491 2056 2787 2123 Platonis

399 2166 625 2230 comici
688 2163 791 2243 (fr.
859 2160 967 2239 98,
1033 2158 1228 2227 Cobet
1290 2158 1461 2225 Plat.
1524 2181 1587 2245 p.
1655 2158 1834 2239 131),
1905 2160 2072 2226 unde
2133 2161 2402 2227 ductum
2465 2170 2562 2228 est
2624 2162 2788 2228 illud

400 2270 749 2336 ἀκόλαστον
800 2269 902 2332 καὶ
957 2267 1238 2348 ὑβριστόν
1288 2271 1595 2345 πρᾶγμα·

1548 2373 1703 2451 γυνὴ
1755 2372 1902 2452 γάρ,
1953 2372 2020 2446 ἢν
2069 2374 2183 2450 μὲν
2231 2375 2424 2449 αὐτὴν

670 2462 767 2548 ἀεὶ
820 2480 1123 2562 κολάζῃς,
1174 2481 1306 2545 ἐστὶ
1356 2480 1604 2544 πάντων
1654 2480 1990 2557 κτημάτων
2040 2478 2383 2560 κράτιστον,

672 2590 776 2655 ἐὰν
829 2589 879 2652 δ’
930 2589 1115 2669 ἀνῇς,
1167 2587 1451 2667 ὑβριστόν
1500 2587 1756 2666 <ἐστι>
1809 2593 2031 2669 χρῆμα
2081 2587 2184 2651 καὶ
2235 2587 2607 2656 ἀκόλαστον.

397 2695 770 2782 Phrynicho
830 2678 1039 2780 igitur
1095 2693 1362 2759 debetur
1404 2694 1661 2759 brevior
1707 2692 1822 2758 illa
1868 2693 2264 2772 observatio,
2314 2715 2438 2779 qua
2488 2695 2666 2761 docet
2715 2695 2791 2762 de

397 2800 669 2867 muliere
732 2806 1030 2887 proterva
1092 2799 1421 2887 eleganter
1468 2798 1594 2864 dici
1638 2819 1856 2885 posse:
1911 2800 2303 2893 ,,οέκόλαστον
2352 2801 2456 2866 καὶ
2508 2802 2793 2880 ὑβριστὸν

400 2912 675 2989 πρᾶγμα
725 2911 953 2988 (immo
999 2914 1250 2989 χρῆμα)
1302 2909 1462 2972 ἔστιν
1516 2909 1549 2983 ἦ
1598 2904 1966 2987 ἀνθρωπος”.
2016 2906 2308 2974 Fortasse
2347 2909 2600 2974 inutilis
2639 2910 2793 2975 haec

400 3036 545 3081 mea
590 3015 979 3091 observati03
1028 3013 1139 3078 sed
1187 3016 1489 3099 quonia-m
1538 3012 1999 3100 aliquantisper
2042 3014 2208 3080 illud
2259 3016 2290 3089 ἦ
2341 3012 2642 3094 ἄνθρωπος
2692 3015 2794 3081 ad-

404 3121 700 3187 dubitavi
760 3119 1113 3199 (tentabam
1189 3122 1220 3194 ἡ
1286 3119 1549 3197 ivea-dc),
1615 3119 1759 3184 dein
1822 3140 1859 3185 a
1918 3120 2168 3186 Nabero
2229 3142 2307 3185 ex
2372 3143 2582 3187 errore
2645 3144 2792 3187 sum

404 3232 773 3305 revocatus,
823 3247 946 3292 non
994 3224 1385 3291 reticendam
1433 3228 1679 3311 putavi.
2016 3224 2024 3235 “

497 3443 673 3522 62,2
719 3472 799 3497 =
848 3442 1086 3508 Anecd.
1137 3441 1345 3507 Bekk.
1398 3440 1550 3520 367,
1578 3441 1687 3506 21.
1740 3480 1824 3492 --
1874 3440 2227 3507 ἀκόλαστον
2276 3446 2506 3520 σῶμα
2555 3442 2795 3529 Sopho-

404 3550 531 3616 cles
591 3550 827 3616 dixisse
890 3549 1129 3629 fertur3
1203 3548 1471 3613 fortasse
1535 3553 1740 3627 recte,
1805 3548 1916 3613 sed
1981 3550 2256 3634 speciem
2318 3550 2510 3615 babet
2573 3549 2796 3617 Cobeti

406 3660 765 3723 coniectura
814 3656 1165 3721 ἀκόλαστον
1214 3656 1481 3731 στόμα
1529 3652 1697 3721 Nov.
1749 3654 1924 3720 Lect.
1974 3676 2035 3740 p.
2086 3640 2272 3721 428(

496 3763 743 3829 Ibidem
808 3762 1012 3831 Cobet
1074 3769 1333 3828 strenue
1395 3762 1877 3828 commendavit
1937 3766 2263 3849 sequentis
2327 3765 2620 3831 vocabuli
2667 3788 2798 3831 cor-

406 3874 753 3938 rectionem
800 3891 837 3935 a
883 3870 1168 3935 Dobraeo
1218 3871 1642 3954 propositam:
1711 3870 2442 3951 ἀκολαστάσματα,
2507 3893 2621 3957 pro
2672 3893 2797 3957 qua

404 3998 559 4044 voce
627 3975 1023 4040 ἀκόλαστ’
1089 3974 1188 4039 ἄσ
1205 3999 1435 4051 ματα
1496 3973 1744 4061 legitur
1813 3978 1881 4039 in
1952 3973 2404 4062 Aristophanis
2473 3978 2797 4067 codicibus

408 4084 591 4170 (Lys.
652 4080 815 4161 398)
873 4086 937 4147 et
1002 4081 1690 4156 ἀκολαστάματα
1760 4084 1828 4145 in
1897 4080 2105 4147 lexico
2153 4081 2581 4168 Sag-neriam,
2632 4088 2798 4148 ἀκο-

408 4189 927 4263 λαστήματα
996 4194 1214 4252 autem
1284 4209 1451 4252 nunc
1521 4188 1784 4272 praebet
1845 4187 2154 4266 Photius,
2224 4187 2418 4273 idque
2481 4188 2637 4253 olim
2693 4212 2800 4275 po-

408 4300 699 4381 poscerat
776 4291 1071 4378 Bentley.
1157 4292 1396 4358 Verum
1474 4296 1724 4368 -ήματα
1787 4294 1964 4358 ducit
2037 4293 2501 4369 Reitzensteim
2579 4316 2799 4362 vereor

406 4407 484 4467 ut
533 4403 713 4478 iure,
778 4420 903 4463 non
968 4401 1144 4463 enim
1205 4402 1295 4463 sic
1357 4401 1529 4464 nasci
1592 4402 1809 4485 potuit
1855 4398 2184 4465 ludicrum
2232 4398 2396 4465 illud
2442 4403 2680 4467 vitium
2728 4404 2796 4467 in

409 4511 594 4574 textu
644 4504 1134 4591 Aristophanen.
1318 4497 1322 4502 ’
