3392 5384
695 404 827 472 406
1731 421 2044 472 nonnus.

786 590 1140 656 Particulae
1185 591 1475 655 diversae.

783 695 956 762 Prol.
1006 695 1046 762 9
1073 695 1170 776 (3)
1217 696 1398 763 Unde
1443 694 1694 762 fabulae
1741 695 2020 760 Phasma
2065 716 2299 761 nomen
2347 699 2465 760 est.
2516 693 2642 775 (W.
2684 700 2790 775 c.).

780 802 989 868 Ι2.5
1031 803 1126 883 (1)
1198 802 1283 868 Et
1351 823 1559 868 avara.
1623 801 1755 884 (W.
1809 810 1916 882 c.).
2086 800 2167 866 15
2210 801 2306 882 (3)
2372 801 2513 866 Hoc
2580 809 2676 867 θεῖ
2708 803 2755 882 ¹)
2826 803 3087 866 animus

689 929 874 973 meus
913 907 1083 990 (A?).
1230 908 1314 974 35
1341 909 1438 990 (1)
1475 908 1561 972 Et
1603 911 1758 993 „qui
1798 905 1962 973 scis?
2002 907 2199 973 Modo
2233 928 2267 973 θ
2293 906 2475 974 Davo
2501 908 2793 974 audivi”.
2819 907 2946 988 (W.
2974 914 3085 988 c.).

690 1012 777 1077 43
804 1013 900 1106 (4)
947 1014 1033 1080 Et
1080 1014 1309 1080 multa.
1358 1015 1480 1095 (W.
1510 1021 1610 1093 c.).
1756 1012 1843 1078 50
1867 1013 1962 1094 (3)
2009 1013 2082 1079 Id
2131 1018 2261 1078 est:
2312 1012 2480 1078 illud
2534 1013 2808 1078 desinite
2855 1019 2920 1078 et
2958 1013 3085 1078 hoc

685 1121 1016 1188 attendite.
1187 1120 1271 1189 74
1311 1121 1407 1203 (2)
1491 1121 1565 1186 Id
1635 1128 1733 1186 est
1802 1123 2112 1206 persensit
2180 1118 2485 1186 dolorem.
2664 1118 2751 1185 87
2798 1119 2895 1200 (3)
2960 1118 3083 1186 Vel

689 1226 899 1292 multo
948 1233 1112 1313 post.

779 1333 842 1399 11
892 1333 1188 1415 1.13(2)
1234 1333 1377 1398 Hoc
1423 1339 1520 1398 est
1567 1333 1647 1398 ad
1693 1334 1921 1399 urbem
1959 1339 2171 1419 agent.
2296 1332 2381 1397 14
2407 1332 2503 1413 (2)
2542 1331 2760 1397 Etiam
2798 1339 3081 1398 coactus.

690 1439 752 1506 2.
781 1439 866 1504 19
891 1441 986 1521 (1)
1033 1439 1105 1505 Id
1146 1445 1243 1506 est
1281 1439 1545 1525 obsequi
1585 1442 1791 1506 venio.
1833 1438 1959 1520 (W.
1988 1445 2089 1519 c.).
2257 1437 2343 1503 26
2370 1439 2467 1519 (2)
2506 1437 2609 1504 Sic
2643 1445 2708 1504 et
2731 1437 3085 1505 macellum

689 1567 726 1610 a
764 1545 1117 1612 mactandis
1156 1546 1487 1631 pecoribus
1525 1544 1793 1610 dictum.
1838 1545 1965 1625 (W.
1995 1550 2097 1621 c.).
2218 1542 2302 1611 47
2348 1544 2529 1625 Quod
2570 1552 2664 1610 est
2701 1544 2960 1622 laboriS,
2994 1580 3082 1594 —-

688 1654 856 1739 quod
902 1658 1000 1718 est
1047 1654 1250 1718 exitii.
1272 1649 1370 1732 (?).
1512 1651 1572 1716 3.
1605 1652 1686 1715 15
1714 1651 1811 1732 (4)
1860 1650 1933 1715 Id
1974 1658 2071 1716 est
2110 1657 2257 1716 ante
2297 1672 2580 1718 versum.
2714 1652 2799 1716 21
2828 1650 2923 1732 (3)
2965 1650 3086 1717 Vel

687 1762 862 1824 satis.
903 1758 1031 1838 (W.
1058 1764 1159 1838 c.).
1276 1754 1361 1823 27
1389 1757 1484 1837 (1)
1524 1756 1747 1843 Neque
1790 1757 2061 1824 fucatus.
2089 1758 2219 1838 (W.
2248 1764 2349 1836 c.).
2472 1757 2558 1822 34
2583 1757 2679 1839 (4)
2719 1757 2804 1823 Et
2843 1778 3087 1844 magna

689 1864 991 1944 ἔμφασις,
1031 1863 1197 1948 quod
1243 1861 1663 1941 „felicitates”
1691 1862 2035 1951 pluraliter
2059 1865 2276 1949 posuit
2299 1862 2427 1944 (W.
2455 1885 2509 1930 c.
2535 1863 2828 1929 Fortasse
2852 1862 3081 1958 Edit.).

691 1969 777 2036 48
825 1970 910 2035 Et
955 1969 1118 2034 nihil
1163 1974 1300 2034 tam
1346 1968 1692 2034 moraliter.
1744 1969 1871 2048 (W.
1899 1976 1979 2049 c).
2143 1967 2227 2034 55
2274 1969 2399 2036 Sed
2446 1969 2526 2035 ad
2571 1970 2691 2035 hoc
2739 1990 3080 2055 quaerere,

689 2082 766 2142 ut
813 2076 980 2162 quod
1029 2078 1150 2141 scit
1187 2075 1535 2141 confirmet.
1565 2075 1709 2158 ,(W.
1736 2082 1837 2155 c.).
1958 2074 2042 2141 63
2069 2074 2165 2158 (1)
2203 2074 2275 2139 Id
2316 2080 2431 2153 est,
2475 2076 2791 2142 Phaedria
2828 2075 3077 2143 rivalis.

689 2183 780 2249 80
803 2184 899 2264 (l)
963 2182 1037 2247 Id
1094 2188 1192 2247 est
1251 2181 1546 2248 libenter.
1684 2180 1771 2246 83
1798 2181 1895 2261 (3)
1957 2181 2057 2247 Ita
2118 2188 2194 2246 ut
2255 2185 2542 2249 numeris
2600 2189 2666 2248 et
2726 2183 3079 2269 generibus

687 2291 842 2356 haec
887 2292 1267 2376 pronomina
1312 2288 1566 2354 infinita
1611 2291 1760 2354 sint.
1810 2289 1937 2368 (W.
1965 2311 2018 2354 c.
2068 2290 2149 2356 cf.
2198 2290 2414 2376 App.).

779 2396 874 2463 III
923 2397 982 2462 1.
1012 2396 1173 2481 3(2)
1221 2394 1294 2460 Id
1341 2401 1439 2460 est
1486 2395 1922 2480 productionis
1969 2393 2147 2460 locus
2194 2401 2312 2461 est.
2360 2397 2486 2477 (W.
2516 2402 2620 2476 c.).
2710 2395 2780 2460 ’6
2807 2396 2904 2476 (1)
2952 2394 3080 2461 Sed

688 2483 857 2569 nunc
916 2523 1016 2569 res
1081 2502 1256 2567 dicit.
1398 2500 1483 2566 32
1508 2501 1603 2582 (2)
1667 2501 1831 2581 Quia
1894 2508 1957 2566 et
2006 2500 2411 2590 (memoria)
2462 2501 2899 2588 intelligentia
2960 2513 3080 2567 est.

687 2610 828 2689 (Ed.
847 2607 916 2694 ἵ).
1036 2607 1121 2674 38
1149 2609 1246 2690 (1)
1291 2608 1465 2689 Quae
1513 2608 1592 2673 ad
1638 2630 1779 2674 rem
1825 2613 2024 2694 agant
2060 2609 2187 2688 (W.
2217 2615 2319 2690 c.).
2439 2608 2527 2673 40
2554 2607 2649 2689 (2)
2694 2607 2781 2672 Εῖ
2827 2607 3080 2673 dictum

687 2717 1104 2801 participium
1165 2721 1296 2791 est,
1357 2714 1426 2779 id
1473 2720 1569 2779 est
1616 2714 1787 2800 quod
1834 2715 2057 2778 dixisti
2106 2713 2233 2795 (W.
2262 2722 2366 2796 c.).
2510 2713 2811 2794 2.16(1)
2859 2712 2933 2777 Id
2968 2719 3080 2778 ‘est

688 2819 1059 2889 Chaeream.
1179 2818 1356 2885 3:13
1407 2819 1548 2885 Hoc
1593 2825 1690 2884 est
1737 2840 1931 2906 quam
1978 2841 2357 2898 amoenum,
2410 2841 2604 2906 quam
2644 2822 3074 2886 maritimum.

689 2927 985 3007 5.15(1)
1032 2926 1175 2992 Hoc
1220 2933 1318 2991 est
1365 2928 1541 2991 visus
1592 2929 1723 2991 oris
1769 2933 1834 2991 et
1880 2930 2180 3012 corporis.
2344 2926 2427 2992 36
2453 2926 2551 3007 (2)
2599 2925 2835 2994 Contra
2882 2929 3079 3011 parsi-

687 3035 974 3099 moniam
1020 3038 1238 3098 autem
1259 3081 1276 3110 ,
1324 3037 1546 3097 contra
1592 3032 2015 3119 dignitatem,
2066 3040 2286 3098 contra
2330 3033 2713 3118 pudicitiam
2752 3032 2880 3114 (W.
2907 3039 3015 3112 c.).

689 3139 796 3205 41.
823 3138 921 3219 (2)
971 3138 1114 3203 Hoc
1161 3143 1258 3203 est
1303 3137 1568 3203 insidias
1616 3150 1680 3203 et
1728 3139 2043 3204 fraudem.

775 3244 862 3311 IV
905 3247 965 3309 4.
996 3244 1082 3309 48
1107 3245 1203 3325 (1)
1249 3244 1332 3309 Et
1375 3250 1474 3312 est
1511 3244 1861 3330 deploratio
1901 3245 1979 3309 ab
2018 3247 2109 3310 eis
2148 3247 2239 3311 sic
2264 3246 2453 3312 dicta.
2598 3243 2658 3312 ’7.
2688 3244 2773 3310 39
2799 3244 2895 3326 (2)
2932 3245 3075 3311 Hoc

685 3359 783 3419 est
827 3352 998 3437 apud
1045 3357 1422 3437 praetorem.

775 3458 828 3523 V
881 3458 939 3523 1.
972 3457 1054 3523 16
1079 3457 1176 3538 (2)
1238 3456 1325 3522 Εῖ
1372 3461 1468 3522 θεῖ
1514 3457 1932 3542 proverbium
1982 3478 2215 3534 „ovem
2260 3457 2414 3544 lupo
2462 3457 2909 3523 commisisti'’.

690 3561 727 3630 Ι7
753 3564 850 3644 (1)
910 3562 984 3628 Id
1044 3570 1175 3628 est:
1241 3563 1591 3649 fatigatus,
1652 3562 1859 3628 lassus
1923 3570 1989 3628 et
2034 3562 2385 3650 languidus
2434 3585 2609 3642 sum,
2661 3564 2820 3629 dum
2864 3563 3071 3650 fugio.

683 3671 822 3750 (vix
881 3670 1288 3756 genuinum).
1408 3669 1470 3734 2.
1501 3668 1586 3734 60
1613 3668 1710 3748 (2)
1772 3667 1861 3734 Ut
1923 3668 2212 3735 Lucilius
2279 3673 2633 3750 „vicimus,
2682 3693 2719 3736 o
2765 3673 2953 3750 socii,
3009 3676 3073 3736 et

685 3796 990 3862 magnam
1037 3777 1477 3862 pugnavimus
1517 3775 1873 3862 pugnam''.
1926 3773 2116 3855 (Ed.?
2158 3777 2256 3842 W.
2284 3783 2387 3857 c.).
2521 3777 2582 3842 3.
2616 3777 2692 3840 11
2722 3776 2820 3859 (3)
2858 3777 2933 3842 Id
2973 3782 3072 3843 est

683 3889 759 3947 ut
797 3879 1084 3961 v010.(?>.
1228 3880 1289 3947 5.
1319 3881 1357 3946 5
1385 3882 1481 3963 (2)
1529 3871 1673 3947 Hoc
1722 3889 1818 3947 est
1858 3883 2141 3968 obsequi.
2260 3882 2301 3948 8
2326 3882 2423 3964 (3)
2469 3884 2654 3949 Nunc
2694 3883 3071 3948 adverbium

682 3995 780 4053 est
827 3987 1134 4072 producta
1179 3987 1232 4052 E
1276 3987 1514 4053 littera.
1559 3988 1686 4067 (W.
1716 3994 1817 4068 c.).
1963 3988 2024 4053 6.
2057 3987 2137 4053 19
2182 3987 2362 4054 Unde
2406 3988 2719 4055 dilatio
2765 3994 2865 4054 est
2902 3989 3072 4054 dicta

683 4093 812 4159 diei
854 4092 1126 4178 prolatio
1173 4094 1318 4180 (Ed.
1368 4093 1465 4159 W.
1493 4101 1575 4174 c.)
1714 4093 1776 4160 8.
1808 4094 1846 4160 6
1872 4095 1970 4176 (2)
2024 4093 2135 4161 Vel
2172 4098 2387 4180 potius
2430 4117 2770 4182 „sponsam
2808 4096 3066 4163 meam’'

683 4198 825 4279 (Ed.
868 4198 967 4265 W.
994 4205 1104 4280 c.).·
1240 4199 1328 4265 28
1368 4200 1547 4281 Quod
1587 4200 1818 4280 „fanda
1856 4201 2188 4280 nefanda”‚
2236 4203 2448 4280 „iusta
2484 4203 2790 4281 iniusta”,
2830 4202 3069 4290 „digna

751 4459 984 4523 ])Hoc
1029 4462 1144 4518 ῖ
1193 4458 1321 4507 (1
1335 4462 1421 4518 s‚t
1465 4458 1567 4508 si.m
1607 4457 1843 4508 eutmlta
1879 4459 2144 4508 eiauitmh
2150 4460 2332 4509 md
2370 4459 2551 4509 schl
2523 4476 2670 4525 aper
2704 4462 3112 4553 Mnenimad.

681 4475 1103 4605 maigsetmmAa
1107 4544 1479 4592 ucrereertomf
1481 4542 1599 4592 md
1633 4541 1859 4592 vienurdt
1862 4542 2763 4609 ..111³..CmeXXXIIp287sqsp
