3392 5384
1389 430 1682 480 moa-ms·
2594 415 2731 482 253

435 598 538 677 14,
570 596 630 664 7.
680 636 763 649 --
813 595 995 673 ἄγειν
1047 645 1060 660 .
1092 645 1105 660 .
1137 645 1151 659 .
1184 644 1197 659 .
1250 594 1353 659 καὶ
1405 594 1540 657 οέντὶ
1594 596 1963 673 τοῦπίνειν,
2020 593 2165 675 ὅπερ
2215 596 2318 661 καὶ
2372 597 2729 677 ἐπάγειν

344 705 562 783 ἔλεγον
612 704 906 770 Ἀττικοί.

437 813 613 878 Haeo
653 814 707 876 si
745 815 912 877 reete
951 814 1102 874 sunt
1143 808 1416 885 tradita,
1458 845 1542 857 —-
1583 829 1731 873 nam
1781 808 1950 893 apud
2002 810 2406 897 Hesychium
2455 817 2520 877 et
2566 812 2738 897 apud

343 919 762 984 Eustathium
808 915 1004 993 1399,
1035 914 1120 980 60
1163 916 1514 992 ὑπάγειν
1554 913 1769 979 editur
1811 921 1876 980 et
1914 918 2231 982 utriusvis
2271 938 2428 982 usus
2454 917 2738 984 desidero

344 1024 678 1110 exempla,
730 1060 812 1071 -
859 1025 952 1087 ita
1014 1020 1522 1107 intellegendum
1588 1028 1685 1085 est
1735 1021 1997 1099 ἐπάγειν
2046 1028 2119 1087 ut
2162 1025 2229 1087 in
2278 1024 2739 1110 Aristophaneo

338 1131 494 1211 illo:
540 1130 686 1211 „uoci
731 1128 926 1193 ἔπειτ’
967 1128 1195 1206 ἐπάγει
1240 1126 1784 1205 παπαπαππάξ”,
1832 1128 2135 1192 incitandi
2180 1132 2407 1216 igitur,
2452 1131 2738 1210 iterandi,

352 1247 568 1303 motum
630 1236 1009 1301 accelerandi
1072 1256 1259 1301 sensu
1320 1234 1476 1309 ille,
1527 1236 1639 1319 qui
1685 1236 1884 1299 etiam
1932 1234 2189 1301 aliunde
2239 1237 2397 1302 bene
2444 1240 2745 1323 cognitus

347 1351 477 1423 est,
544 1343 906 1409 adhibitum
969 1341 1164 1427 idque
1227 1341 1357 1407 fere
1419 1340 1637 1407 valens
1703 1341 1871 1426 quod
1936 1342 2189 1422 χανδόν,
2256 1344 2491 1420 ἀμυστὶ
2547 1342 2745 1411 ἕλκειν

346 1450 474 1527 ἤτοι
524 1454 692 1515 σπέἑν
741 1450 844 1513 τὸν
894 1444 1039 1514 οἶνον
1091 1454 1206 1513 τῶν
1258 1449 1552 1528 ποτηρίων
1602 1449 1825 1512 θᾶττον
1875 1450 2381 1529 περιφερομένων.

443 1669 668 1748 15,14
732 1703 811 1729 =
876 1667 1109 1735 Anecd.
1174 1667 1378 1734 Bekk.
1445 1666 1598 1745 336,
1650 1666 1751 1733 19.
1830 1706 1914 1718 —
1989 1669 2289 1747 ἆγενὲς
2365 1670 2466 1734 καὶ
2540 1670 2748 1735 στενὸν

349 1778 639 1858 φθέγμα.
709 1776 807 1840 ε’πὶ
875 1783 989 1839 τῶν
1052 1776 1312 1854 ἀφώνων
1379 1774 1480 1838 καὶ
1551 1776 1777 1851 μικρὰν
1840 1774 1943 1839 καὶ
1995 1775 2154 1848 ἀηδῆ
2201 1781 2407 1855 φωνὴν
2458 1778 2746 1857 ἐχόντων.

357 1883 733 1972 Legendum
774 1905 910 1950 esse
950 1883 1297 1960 ἀγεννὲς
1341 1882 1522 1947 docet
1561 1887 1920 1947 contextus.
1961 1881 2304 1947 Illiberali-2
2347 1883 2583 1950 dieitur
2622 1907 2747 1950 vox

356 1991 548 2058 surda
594 1998 657 2057 et
705 2011 933 2076 parum
982 1988 1338 2055 modulata.

451 2194 671 2277 16,1’7
701 2218 792 2282 sq.
846 2226 917 2248 =
969 2196 1206 2262 Anecd.
1255 2196 1462 2262 Bekk.
1507 2196 1659 2277 328,
1692 2196 1773 2261 15
1802 2219 1895 2283 sq.
1947 2235 2031 2247 —
2079 2198 2143 2264 S.
2186 2221 2248 2263 v.
2305 2199 2547 2276 αἰγῆλοιι
2605 2204 2752 2285 post

357 2302 482 2369 alia
529 2301 737 2368 multa
783 2303 937 2367 haec
985 2301 1331 2389 leguntur:
1381 2304 1646 2382 Φεύγειν
1693 2304 1805 2379 μὲν
1854 2301 1950 2369 οὖν
1996 2307 2118 2383 χρὴ
2159 2304 2229 2368 τὸ
2272 2307 2389 2369 τῶν
2430 2312 2749 2383 γλωττῶν,

356 2412 421 2475 εἰ
485 2410 563 2475 δέ
626 2410 720 2486 γέ
786 2433 902 2475 σοι
971 2408 1059 2483 εἴη
1125 2411 1371 2491 ἀρχαῖοι
1429 2414 1602 2490 φωνὴ
1667 2410 1772 2475 καὶ
1824 2410 2056 2484 σπουδὴ
2106 2411 2477 2488 σεμνότητος
2526 2412 2750 2491 λόγων,
2848 2458 2855 2465 ·

356 2518 622 2599 χρήσαιο
673 2516 876 2599 <ἃν>
925 2520 1007 2596 τῷ
1058 2517 1300 2598 τοιούτῳ
1351 2527 1702 2598 χαρακτῆρι
1752 2523 1867 2582 τῶν
1915 2517 2247 2597 ὀνομάτων,
2294 2520 2487 2599 φησὶν
2536 2520 2563 2585 ὀ
2606 2519 2753 2597 Φρύ-

358 2621 552 2705 νιχος.
1689 2619 1694 2623 ’

451 2731 873 2798 Emendatius
919 2732 1050 2796 iam
1098 2733 1188 2796 sie
1235 2734 1473 2817 scripta
1521 2737 1745 2798 extant
1792 2753 1953 2818 quae
2000 2734 2069 2797 in
2113 2732 2319 2799 lexico
2359 2732 2752 2819 Segueriano

362 2840 599 2919 tradita
659 2844 872 2904 erant:
947 2838 1254 2903 εἰδέναι
1311 2839 1388 2903 δὲ
1446 2838 1608 2916 εἴη,
1671 2860 1802 2904 non
1864 2842 2018 2905 satis
2066 2844 2236 2905 reete
2282 2860 2319 2905 a
2368 2840 2752 2906 Ruhnkenio

360 2947 466 3028 (ad
513 2945 680 3011 Tim.
729 2967 779 3010 Β.
805 2967 866 3009 v.
919 2942 1227 3027 ἄγαλμα)
1275 2948 1367 3011 sic
1408 2951 1687 3011 mutata:
1732 2945 1951 3011 εἰδέναι
1992 2948 2055 3012 δὲ
2101 2947 2152 3012 εἰ
2192 2943 2225 3027 ᾖ
2269 2947 2515 3027 ἀρχαία
2557 2949 2753 3027 Φωνῆ.

359 3051 482 3118 Sed
543 3072 750 3118 nonne
812 3058 1141 3137 praeterea
1188 3054 1278 3117 sie
1326 3051 1701 3138 corrigenda
1748 3059 1900 3118 sunt
1945 3054 2134 3118 haee:
2186 3054 2236 3118 εἰ
2286 3055 2349 3119 δέ
2397 3054 2475 3131 γέ
2523 3078 2611 3119 σοι
2662 3052 2752 3127 εἴη

363 3159 670 3239 ἀρχαίοις
720 3164 953 3239 φωνῆς
1005 3157 1310 3232 σπουδὴ
1362 3157 1496 3221 καὶ
1549 3159 1920 3235 σεμνότητος
1974 3157 2219 3236 mmm?

459 3375 562 3457 17,
598 3377 679 3442 16
720 3408 799 3433 =
835 3377 1037 3443 Bekk.
1080 3377 1316 3443 Anecd.
1360 3376 1514 3455 328,
1543 3377 1604 3443 5.
1648 3416 1735 3426 -
1776 3376 2299 3456 ἁγιστεύειν·
2342 3380 2754 3460 οξγιοέζειν.

364 3486 469 3549 καὶ
519 3485 1124 3562 ἁγιασθέντων·
1178 3486 1650 3564 ἆφιερωθέντων.
1701 3484 2026 3550 Probabili
2072 3485 2551 3563 emendatione,
2596 3508 2756 3572 quae

363 3593 636 3679 fugisset
681 3613 784 3656 me
833 3594 958 3657 nisi
1004 3590 1345 3656 indicasset
1392 3592 1622 3669 Naber,
1672 3591 1831 3657 olim
1868 3591 2023 3657 haee
2062 3594 2150 3657 sie
2189 3595 2463 3658 correxit
2504 3593 2758 3659 Mehler

365 3700 706 3778 (MnemOS.
754 3697 925 3763 1855
969 3720 1032 3783 p.
1071 3696 1218 3776 44):
1271 3696 1647 3779 ἁγίζειν·
1689 3698 2205 3775 ἁγιστεύειν.
2245 3699 2346 3762 καὶ
2390 3700 2773 3778 ἁγισθέν-.

366 3827 542 3869 των·
610 3804 1081 3884 ἀφιερωθέντων.
1147 3804 1394 3889 Nempe
1458 3806 1525 3869 in
1573 3826 1778 3869 unum
1830 3804 2208 3870 confluxisse
2256 3805 2561 3871 videntur
2599 3825 2758 3892 quae

365 3910 442 3977 de
479 3911 671 3976 verbo
713 3910 1043 3976 Platonico
1083 3910 1440 3988 ἁγιστεύειν
1471 3913 1608 3977 sive
1647 3912 2013 3996 sacr-aferre
2036 3912 2220 3998 (Leg.
2251 3909 2380 3977 759
2400 3914 2462 3991 d,
2488 3912 2755 3977 Ruhnk.

365 4016 441 4081 ad
489 4017 659 4081 Tim.
709 4039 770 4102 p.
824 4016 936 4097 11)
984 4023 1048 4082 et
1096 4037 1257 4102 quae
1302 4016 1379 4082 de
1426 4017 1871 4104 Aristophanis
1918 4019 2111 4085 verbo
2158 4016 2397 4098 οὲγΙζειν
2448 4022 2583 4085 sive
2630 4041 2760 4083 con-

361 4146 596 4188 secrare
641 4123 845 4205 (Plut.
899 4123 1057 4203 681)
1107 4129 1493 4190 annotarunt
1540 4127 1972 4211 grammatici.

455 4338 565 4419 26,
595 4338 634 4403 9
675 4365 754 4390 =
793 4338 1030 4404 Aneed.
1073 4337 1277 4403 Bekk.
1322 4337 1475 4417 331,
1504 4337 1589 4403 33
1629 4364 1711 4391 =
1750 4338 2059 4425 Harpocr.
2109 4375 2194 4387 -—
2234 4340 2417 4412 ἰδίους
2441 4340 2506 4405 δὲ
2530 4338 2757 4412 αὐτούς

367 4453 564 4523 Φοισιν
610 4442 767 4510 εἶναι
817 4445 1350 4517 ’Λπόλλωνοςκ

458 4550 640 4632 Quod
700 4557 998 4617 annotare
1059 4572 1283 4636 operae
1340 4552 1622 4636 pretium
1672 4554 1739 4616 in
1788 4552 1905 4618 hae
1953 4553 2104 4617 novi
2153 4553 2361 4638 operis
2410 4552 2759 4633 προεκόόσει
