3392 5384
1377 408 1708 458 nunnus,
2605 389 2732 454 103

450 573 606 654 258,
640 575 724 640 10
781 575 921 640 uidi
980 582 1044 641 et
1105 595 1320 640 ursam
1382 596 1719 641 mansuem
1770 623 1783 638 .
1814 623 1828 639 .
1877 573 2056 639 cultu
2104 573 2445 639 matronali
2494 581 2733 658 (quae)

352 680 512 746 sella
554 681 929 746 uehebatur.
2608 699 2616 707 ·

449 788 548 852 Ita
595 786 1038 874 Luetjohanno
1082 792 1427 872 praeeunte
1473 809 1534 852 v.
1577 787 1636 850 d.
1664 784 1837 850 Vliet
1884 784 2103 850 edidit.
2154 785 2468 864 Quoniam
2516 792 2735 851 autem
2795 801 2800 806 '

350 897 422 958 in
471 893 521 958 F
568 913 766 978 parva
811 892 1038 957 lacuna
1086 897 1182 957 est
1228 895 1396 956 inter
1441 907 1713 956 mansuen
1760 897 1825 956 et
1866 883 2035 954 ‘cultu
2072 891 2266 955 codex
2303 893 2440 975 ipse
2479 913 2738 958 monere

355 1000 632 1075 videtur,
687 1005 761 1063 ut
810 999 1192 1062 scribamus:
1241 998 1379 1063 uidi
1425 1005 1490 1062 et
1537 1019 1754 1062 ursam
1804 1018 2134 1062 mansuem
2182 1019 2334 1081 quae
2378 997 2557 1062 cultu
2606 1019 2736 1063 ma-

358 1103 589 1168 tronali
637 1102 793 1169 sella
837 1104 1210 1168 uehebatur.

447 1211 708 1275 Praeter
748 1231 1015 1272 mansues
1052 1208 1367 1294 Apuleius
1407 1211 1618 1273 utitur
1638 1213 1979 1271 mansuetus
2001 1206 2272 1286 (194,9;
2302 1204 2557 1283 251,1’7
2587 1213 2737 1286 cet.)

359 1322 425 1380 et
470 1316 920 1399 mansuefactus
967 1313 1146 1393 (190,
1176 1313 1261 1379 23
1308 1319 1490 1395 cet.);
1551 1316 1763 1399 priora
1808 1318 2027 1377 autem
2076 1315 2368 1397 scriptor,
2417 1315 2529 1397 qui
2572 1311 2738 1376 mul-

355 1427 465 1485 tus
528 1426 625 1485 est
686 1423 754 1484 in
816 1420 1238 1505 pleonasmis‚
1289 1423 1626 1505 coniungit
1672 1418 1853 1498 (158,
1881 1418 1994 1498 22)
2040 1427 2407 1483 mansuetos
2451 1439 2522 1483 ac
2565 1438 2738 1482 man-

350 1547 496 1592 sues
545 1526 770 1590 exinde
815 1527 1034 1591 factos.
1108 1554 1113 1559 ·
1774 1545 1778 1552 ·

418 1670 535 1727 258,
555 1669 616 1719 12
656 1669 846 1734 fryyiis
891 1669 998 1719 ῈΦ.
1068 1669 1131 1717 13
1187 1626 1361 1732 ρῖαΙαἹ
1397 1667 1464 1716 sic
1495 1670 1567 1716 est
1605 1667 1655 1716 in
1688 1673 1728 1729 φ
1760 1669 1913 1728 (errat
1948 1666 2136 1728 editor).
2192 1668 2253 1715 15
2290 1666 2647 1731 ὂεῖίονοῙοΜεηι
2680 1671 2734 1728 φ.

348 1752 414 1802 22
447 1750 603 1814 alieq5
636 1750 687 1799 F.

445 1878 597 1956 258,
626 1879 714 1944 22
775 1879 936 1944 aliae
998 1900 1158 1964 quae
1219 1881 1576 1944 nitentibus
1625 1878 1897 1962 speculis
1944 1900 2107 1964 pone
2156 1887 2416 1964 tergum
2463 1881 2736 1944 reuersis

347 1987 633 2050 uenienti
677 1985 827 2049 deae
877 1985 1146 2049 obuium
1193 1992 1713 2049 commonstrarent
1760 1985 2161 2070 obsequium.

442 2089 512 2154 Si
556 2094 1069 2177 perspexerimus
1116 2092 1449 2177 obsequium
1497 2090 1710 2156 valere
1748 2091 2236 2156 multitudinem
2278 2091 2732 2176 obsequentem

345 2199 542 2276 (sicut
587 2219 779 2281 supra
829 2197 934 2274 92,
964 2196 1001 2261 5
1052 2201 1373 2262 marinum
1423 2198 1801 2283 obsequium
1849 2197 2202 2283 significat:
2255 2196 2321 2260 di
2358 2199 2591 2261 marini
2631 2197 2734 2261 ob·

343 2307 705 2387 sequentes)
743 2303 907 2367 nihil
946 2303 1325 2368 habebimus
1368 2325 1481 2368 cur
1520 2324 1669 2368 cum
1710 2303 2158 2388 Petschenig-io
2190 2300 2235 2382 ¹)
2271 2302 2567 2388 legamus
2591 2325 2735 2366 eom-

343 2408 775 2472 minisbraffent.
817 2408 1155 2474 Invenitur
1178 2417 1500 2494 praeterea
1524 2408 1707 2489 (252,
1734 2408 1849 2488 23)
1872 2411 2023 2473 miti
2044 2413 2543 2473 commonstrato
2570 2410 2731 2473 cibo.

416 2559 530 2616 258,
549 2559 614 2607 24
648 2575 734 2623 que
767 2560 820 2608 F.
871 2561 940 2610 28
973 2558 1180 2624 Haqnus
1215 2560 1267 2609 F.
1322 2561 1385 2609 30
1407 2561 1598 2625 facuun
1630 2560 1734 2622 ΕΦ.

418 2640 534 2698 259,
554 2641 581 2688 1
631 2640 886 2704 εἰηρῆοηὶς.
923 2640 960 2688 F
1011 2640 1276 2706 simphonie.
1319 2646 1383 2702 Φ;
1435 2645 1543 2706 post
1586 2641 1676 2690 hoc
1723 2641 2005 2692 vocabulum
2050 2643 2101 2692 in
2150 2643 2355 2705 utroque
2390 2642 2549 2691 codice
2583 2642 2731 2691 inter-

341 2723 596 2788 pungitur.
649 2723 676 2770 1
712 2723 864 2773 dehic.
919 2723 949 2771 2
974 2724 1264 2787 personabat
1296 2727 1370 2786 (ut
1402 2723 1519 2785 vid.)
1547 2725 1612 2773 F*
1653 2728 1782 2774 certe
1816 2724 1878 2772 1³¹²
1917 2723 2106 2773 exhibet
2128 2725 2465 2787 personabant.
2520 2724 2729 2784 2amen;

343 2808 426 2866 (ει
469 2808 710 2862 amoenus)
745 2809 799 2865 Φ.
853 2806 882 2851 3
915 2805 1171 2854 lectissime
1203 2807 1241 2854 13·
1273 2805 1523 2867 (letissime
1555 2811 1628 2867 Φ).
1680 2807 1711 2853 3
1745 2805 1957 2854 iuuentis
1992 2806 2085 2867 ΕΦ.
2136 2807 2166 2854 9
2198 2808 2468 2868 pov-reatum
2502 2807 2591 2867 φὶ,
2623 2811 2732 2871 post

341 2902 370 2936 c
419 2900 505 2933 scr.
555 2889 626 2933 est
672 2885 896 2948 (fortasse
935 2903 964 2935 a
1007 2887 1164 2951 prima
1211 2889 1372 2950 manu)
1416 2903 1560 2952 supra
1596 2888 1799 2936 alteram
1834 2903 1877 2937 0.
1933 2888 1993 2938 15
2031 2888 2111 2938 hio
2146 2887 2235 2950 Fa.
2287 2888 2348 2935 15
2386 2888 2589 2936 uertice]
2624 2888 2729 2949 ΕΦ.

343 2974 414 3023 16
444 2964 613 3022 '‘i-rena
659 2975 749 3034 Po.
824 2973 882 3024 17
931 2978 1042 3040 eta„
1080 2975 1166 3032 w,
1217 2975 1296 3023 sed
1347 2990 1468 3024 m.r.
1517 2975 1710 3040 scripsit
1749 2992 1778 3039 J
1825 2991 1911 3040 per
1957 2980 1995 3025 t.
2065 2976 2127 3028 17
2175 2976 2347 3041 systris
2394 2975 2435 3024 F
2478 2975 2641 3024 sistris
2675 2981 2728 3037 φ.

347 3057 412 3106 18
447 3057 854 3122 constrepentesed
885 3057 971 3116 F⁸,
1005 3060 1055 3105 at
1089 3074 1152 3107 m.
1172 3073 1210 3106 r.
1249 3056 1436 3121 virgula
1470 3057 1625 3122 posita
1660 3058 1823 3106 divisit
1858 3058 1945 3107 sed
1977 3074 2004 3106 a
2037 3058 2200 3123 priore
2235 3057 2478 3106 vocabulo.

439 3199 593 3278 259,
625 3202 706 3266 19
769 3204 1086 3267 antistites
1148 3222 1473 3266 sacrorum
1522 3223 1810 3286 proceres
1854 3201 1953 3266 illi
1973 3249 1989 3278 ,
2039 3205 2150 3286 qui
2197 3202 2463 3266 candido
2509 3201 2731 3266 lintea·

345 3309 522 3371 mine
584 3310 863 3378 cinctum
924 3307 1306 3392 pectoralem
1359 3308 1437 3372 ad
1486 3328 1687 3393 usque
1736 3310 2018 3393 uestigia
2060 3307 2315 3370 strictim
2359 3310 2579 3372 iniecti
2622 3328 2730 3391 po-

347 3415 861 3478 tentissimorum
909 3413 1101 3478 deum
1135 3414 1537 3497 proferebant
1578 3415 1855 3498 insignis
1900 3414 2187 3477 exuuias.

443 3517 775 3583 Immerito
816 3518 1023 3583 editor
1061 3518 1438 3584 sollicitavit
1475 3519 1749 3595 strictim,
1790 3518 1957 3603 quod
1996 3524 2097 3596 (ut
2136 3520 2435 3583 omittam
2461 3517 2728 3584 Metam.

359 3621 508 3700 163,
535 3622 602 3702 2)
653 3626 808 3688 satis
857 3623 1221 3688 defenditur
1267 3623 1508 3688 Florid.
1558 3622 1677 3687 XV
1724 3631 1814 3704 (v.
1841 3623 1900 3688 d.
1926 3622 2101 3688 Vliet
2151 3622 2443 3704 165,11)
2488 3625 2732 3690 cithara

347 3728 559 3794 balteo
598 3728 838 3794 caelato
879 3735 1029 3814 apta
1063 3732 1339 3795 strictim
1379 3733 1751 3795 sustinetur.
1799 3729 2000 3794 Porro
2041 3731 2351 3795 habemus
2373 3734 2731 3817 imaginem

351 3837 587 3919 pictam
635 3835 953 3900 muralem
1001 3843 1388 3900 asservatam
1439 3834 1710 3921 Neapoli
1754 3838 1823 3899 in
1869 3836 2098 3901 Museo
2144 3836 2527 3915 Borboni00‚
2572 3859 2732 3922 quae

353 3947 780 4025 repraesentat
839 3941 1191 4006 sacerdotes
1253 3940 1513 4005 indutos
1574 3943 1958 4006 vestimento
2020 3941 2261 4026 Apulei
2321 3941 2733 4027 descriptioni

351 4054 738 4133 congruente
766 4046 836 4128 2).

444 4153 669 4237 Neque
716 4155 928 4238 magis
972 4152 1270 4238 legitima
1320 4152 1571 4217 videtur
1618 4152 1880 4217 editoris
1923 4151 2113 4217 lectio
2147 4154 2584 4237 praeferebant
2621 4176 2733 4238 pro

426 4444 476 4505 1)
509 4442 748 4506 Philolog.
786 4443 916 4491 1889
951 4444 1047 4505 (pg.
1084 4442 1223 4500 273).
1257 4423 1278 4444 '

369 4539 376 4546 ·
424 4524 476 4588 2)
511 4525 584 4574 Cf.
620 4524 738 4573 Mau
774 4524 986 4587 Pompei.
1023 4537 1104 4587 pg.
1142 4524 1251 4572 162.
