3392 5384
1362 418 1675 469 nom-rus.
2392 461 2396 464 .
2588 397 2720 466 21¹7

416 587 507 653 Ib.
564 583 647 652 17
714 585 880 668 Quid
923 588 1063 651 eius
1101 586 1232 652 tibi
1280 586 1506 651 faciem
1555 585 1916 672 praedicem
1965 584 2077 649 aut
2122 582 2380 648 laudem

415 693 787 760 Differentia
835 693 1068 759 Donati
1107 692 1237 774 <1):
1288 692 1892 758 Praedicamus
1941 696 2014 756 ut
2060 696 2210 756 sunt
2257 712 2389 770 res,
2438 689 2712 757 lauda-

325 823 495 867 mus
543 800 941 866 extollimus.
1040 801 1322 866 Editoris
1362 799 1487 881 (2):
1531 799 1637 866 vel
1677 799 2273 885 praedicamus
2316 820 2504 876 voce,
2552 797 2715 864 lau-

328 909 609 974 damus
653 910 1077 996 argumentis.

412 1014 571 1080 Ibid.
624 1013 711 1080 23
776 1017 955 1079 Ant.
1008 1013 1175 1094 Quid
1215 1013 1281 1078 id
1330 1009 1469 1079 est?
1538 1010 1672 1079 Oh.
1723 1011 1984 1078 Tacitus
2031 1013 2224 1076 citius
2271 1011 2490 1076 audies

410 1121 605 1186 Don.:
670 1121 767 1202 (1)
814 1119 1151 1186 Moraliter
1182 1119 1258 1201 ¹),
1311 1119 1596 1185 solemus
1644 1121 1965 1204 corripere
2018 1126 2196 1184 extra
2246 1117 2537 1184 ordinem
2585 1139 2718 1204 per-

324 1233 681 1305 contantes,
744 1226 840 1309 (2)
904 1233 968 1292 et
1026 1227 1185 1292 bene
1231 1225 1628 1292 celeritatem
1677 1227 2010 1311 promisit,
2061 1245 2182 1309 qua
2233 1222 2420 1290 facile
2467 1230 2720 1289 tenetur

328 1334 596 1400 auditor.

414 1440 674 1507 Editor:
724 1439 819 1521 (3)
866 1438 951 1503 Et
996 1440 1195 1516 mire,
1244 1443 1577 1524 tamquam
1626 1437 1760 1503 sola
1805 1439 2230 1523 interrogatio
2278 1457 2494 1502 morae
2543 1438 2648 1501 sit.

413 1547 572 1612 Ibid.
624 1545 709 1610 39
774 1545 1043 1610 Luserat
1087 1547 1219 1610 iam
1265 1545 1423 1618 olim
1471 1543 1584 1609 ille
1632 1543 1867 1609 ludum

410 1653 631 1735 ΙΡ<1)
694 1652 863 1719 Bene
926 1673 1047 1716 non
1119 1648 1411 1729 „scelus”
1476 1650 1660 1715 dixit.
1805 1649 1966 1714 Don.
2038 1647 2125 1713 38
2151 1648 2246 1731 (2)
2305 1597 2396 1714 Ut
2462 1649 2710 1726 „,hunc

328 1781 468 1839 or0,
535 1761 671 1825 sine
733 1780 837 1824 me
899 1759 1107 1824 furere
1170 1764 1316 1824 ante
1366 1755 1690 1823 furorem''
1741 1757 1928 1836 (Aen.
1984 1754 2089 1821 12.
2118 1755 2306 1837 680);
2358 1753 2566 1840 figura
2613 1755 2712 1836 ἀρ·

328 1866 625 1946 χαισμός.

408 1973 570 2039 Ibid.
622 1971 751 2042 40,

454 2079 665 2146 Deum
713 2100 780 2145 se
822 2081 892 2144 in
939 2079 1269 2144 hominem
1317 2079 1702 2144 convertisse
1753 2080 1945 2161 atque
1992 2077 2061 2140 in
2111 2074 2348 2141 alienas
2397 2073 2652 2162 tegulas

455 2186 719 2253 Venisse
764 2185 1128 2251 clanculum
1174 2206 1287 2270 per
1333 2183 1734 2270 impluvium
1785 2184 2008 2248 fucum
2056 2183 2298 2247 factum
2350 2180 2611 2248 mulieri

407 2294 503 2377 (2)
566 2293 693 2358 Hic
754 2298 1017 2378 apparet
1062 2293 1406 2378 separatim
1452 2291 1710 2372 Iovem,
1762 2292 2107 2376 separatim
2155 2291 2295 2355 auri
2344 2289 2542 2354 fuisse
2589 2289 2715 2374 pic-

320 2405 551 2466 turam.
678 2397 847 2480 (3),
846 2398 944 2475 ,In
984 2397 1357 2465 hominem''
1402 2403 1626 2462 utrum
1663 2399 1816 2482 quia
1855 2396 2148 2482 Iuppiter
2186 2396 2468 2460 humana
2506 2394 2712 2459 forma

318 2528 547 2572 aurum
612 2505 949 2570 infundens
1009 2507 1219 2590 pictus
1280 2509 1416 2569 erat
1470 2506 1539 2568 in
1591 2503 1845 2581 tabula,
1896 2525 2020 2567 non
2068 2524 2183 2587 pro
2230 2501 2381 2568 Iove
2429 2498 2708 2566 aurum?

318 2635 395 2679 an
443 2615 554 2692 „i'n
601 2609 973 2677 hominem'’
1023 2611 1090 2675 id
1138 2616 1234 2677 est
1280 2613 1348 2675 in
1394 2610 1673 2675 hominis
1722 2609 2053 2674 audaciam
2103 2615 2293 2693 atque
2340 2605 2626 2693 flagitia?

337 2748 357 2765 ·
406 2719 501 2784 De
562 2717 837 2784 lectione
902 2719 1011 2794 „in
1074 2715 1447 2782 hominem’'
1515 2722 1580 2781 et
1646 2737 1802 2801 „per
1862 2714 2302 2801 impluvium''
2369 2721 2513 2779 tum
2561 2734 2704 2779 con-

314 2826 553 2904 stabat,
606 2830 679 2890 ut
726 2824 913 2890 hodie
960 2829 1243 2899 constat,
1293 2826 1349 2888 si
1395 2823 1707 2888 Bembino
1751 2843 1970 2887 aurem
2008 2822 2387 2907 praebemus
2417 2819 2499 2903 ²);
2544 2842 2704 2907 quae

314 2930 502 2997 lectio
564 2952 755 3016 quem
818 2929 1200 3026 scrupulum
1247 2931 1527 2996 moverit
1574 2929 1876 2994 audimus
1922 2931 1990 2992 in
2036 2928 2336 3007 scholiis,
2388 2928 2554 2994 unde
2601 2949 2708 2993 na-

317 3044 456 3103 tum
528 3042 625 3102 est
692 3036 972 3104 alterum
1032 3038 1587 3124 interpretamenti
1650 3056 1954 3100 conamen
2018 3036 2094 3101 ab
2158 3037 2298 3120 ipso
2357 3035 2540 3101 Aelio
2601 3032 2707 3100 vel

314 3150 567 3209 auctore
616 3144 756 3207 eius
805 3143 1117 3220 factum,
1116 3144 1209 3219 ,in
1258 3142 1537 3207 hominis
1585 3142 1731 3207 aud.
1784 3163 1839 3206 a.
1889 3140 1997 3206 fl.'’

398 3247 845 3334 Interpolator,
909 3256 983 3314 ut
1029 3270 1251 3334 saepe,
1302 3250 1429 3313 ubi
1460 3248 1623 3315 Don.
1674 3247 2048 3326 dubitabat,
2100 3248 2354 3313 fortiter
2400 3249 2710 3332 quaestio-

315 3377 457 3421 nem
506 3355 769 3420 diremit
814 3357 883 3420 in
933 3354 1048 3437 (2).

400 3463 561 3528 Ibid.
613 3461 700 3527 42
766 3462 891 3542 Qui
935 3461 1177 3547 templa
1224 3461 1381 3528 caeli
1430 3481 1689 3528 summa
1736 3463 1949 3527 sonitu
1996 3449 2319 3526 concutit‘

399 3569 559 3635 Don.
626 3567 722 3650 (3)
775 3569 1038 3634 Parodia
1085 3569 1161 3634 de
1209 3567 1434 3634 Ennio.
1573 3568 1690 3633 Ed.
1745 3567 1840 3649 (3)
1890 3567 2192 3654 Tragice,
2239 3566 2350 3632 sed
2397 3565 2474 3632 de
2521 3565 2702 3658 indu7

318 3679 500 3755 stria,
552 3697 679 3741 non
728 3697 958 3742 errore.

401 3782 563 3848 Ibid.
614 3780 700 3848 47
774 3780 942 3866 Cape
988 3782 1107 3847 hoc
1157 3781 1516 3860 flabellum,
1569 3781 1913 3847 ventulum
1960 3782 2112 3846 huic
2161 3783 2251 3846 sic
2299 3782 2491 3847 facito

404 3887 571 3954 Don.
640 3887 737 3969 (l)
800 3887 1127 3954 Praeclare
1187 3910 1312 3954 non
1374 3910 1632 3954 sensum
1672 3888 1808 3954 sed
1857 3888 2052 3954 verba
2099 3890 2238 3973 ipsa
2284 3909 2398 3974 per
2444 3888 2704 3964 μίμησιν

330 3995 623 4074 induxit,
694 4016 807 4080 per
874 4016 1069 4082 quam
1140 4017 1314 4062 error
1383 3995 1687 4082 puellaris
1759 3997 2168 4080 exprimitur.
2331 3993 2501 4058 Hinc
2572 3997 2708 4059 orta

376 4239 426 4300 l)
462 4239 503 4288 I.
526 4253 568 4288 c.
606 4235 795 4294 ἠθικῶς.
830 4234 909 4288 Sic
943 4236 1129 4286 correxi
1166 4252 1253 4302 pro
1294 4236 1630 4287 „morantem”
1666 4237 1794 4301 quod
1831 4235 2068 4287 sententia
2101 4236 2386 4300 refragatur.

380 4322 435 4386 2)
485 4318 881 4378 Bentleius,
908 4318 1110 4369 coniecit
1159 4319 1256 4368 -in
1304 4318 1577 4369 aurum’'
1617 4320 1693 4369 vel
1747 4320 1843 4369 -in
1889 4317 2260 4386 pretium’'‚
2293 4323 2342 4368 et
2382 4335 2529 4385 uper
2572 4320 2713 4386 plu·

312 4403 547 4463 viam'’;
586 4404 679 4452 hoc
714 4418 868 4466 nuper
905 4403 1126 4467 probavit
1161 4418 1285 4452 van
1323 4404 1448 4451 Lae
1469 4418 1653 4453 uwen
1691 4404 1875 4454 Mncm.
1917 4401 2121 4452 XXXIV
2152 4418 2198 4466 p.
2235 4402 2350 4462 306,
2385 4403 2464 4451 sed
2498 4417 2586 4468 pro
2627 4403 2707 4453 nin

312 4483 581 4536 hominem'’
620 4482 825 4534 coniecit
864 4484 959 4534 nin
1007 4485 1137 4535 imb
1160 4501 1183 4534 r
1202 4483 1344 4545 em”,
1380 4487 1507 4550 quod
1542 4485 1638 4535 iam
1671 4484 1884 4535 Fabia
1917 4485 2181 4549 suspicatus
2215 4488 2318 4535 erat
2352 4492 2399 4535 et
2433 4485 2612 4551 recepit
2645 4486 2696 4535 in

312 4566 578 4646 Editioncm
614 4583 660 4618 a.
695 4567 841 4617 1895.
