<?xml version="1.0" encoding="UTF-8"?>
<!DOCTYPE html PUBLIC "-//W3C//DTD XHTML 1.0 Transitional//EN"
    "http://www.w3.org/TR/xhtml1/DTD/xhtml1-transitional.dtd">
<html xmlns="http://www.w3.org/1999/xhtml" xml:lang="en" lang="en">
 <head>
  <title>
</title>
<meta http-equiv="Content-Type" content="text/html;charset=utf-8" />
  <meta name='ocr-system' content='tesseract 3.04.00' />
  <meta name='ocr-capabilities' content='ocr_page ocr_carea ocr_par ocr_line ocrx_word'/>
</head>
<body>
  <div class='ocr_page' id='page_1' title='image "./mnemosynebiblio13servgoog_0173.png"; bbox 0 0 3392 5384; ppageno 0'>
   <div class='ocr_carea' id='block_1_1' title="bbox 1329 425 2698 492">
    <p class='ocr_par' dir='ltr' id='par_1_1' title="bbox 1329 425 2698 492">
     <span class='ocr_line' id='line_1_1' title="bbox 1329 425 2698 492; baseline -0.001 0"><span class='ocrx_word' id='word_1_1' title='bbox 1329 443 1703 492; x_wconf 65' lang='lat' dir='ltr'><strong>rumonim.</strong></span> <span class='ocrx_word' id='word_1_2' title='bbox 2576 425 2698 490; x_wconf 88' lang='lat'><strong>161</strong></span> 
     </span>
    </p>
   </div>
   <div class='ocr_carea' id='block_1_2' title="bbox 315 603 2711 1125">
    <p class='ocr_par' dir='ltr' id='par_1_2' title="bbox 315 603 2711 1125">
     <span class='ocr_line' id='line_1_2' title="bbox 315 603 2705 700; baseline -0.002 -20"><span class='ocrx_word' id='word_1_3' title='bbox 315 615 506 680; x_wconf 83' lang='lat' dir='ltr'><strong>Plato</strong></span> <span class='ocrx_word' id='word_1_4' title='bbox 565 616 822 700; x_wconf 77' lang='lat' dir='ltr'>scripsit</span> <span class='ocrx_word' id='word_1_5' title='bbox 882 620 1070 677; x_wconf 78' lang='grc' dir='ltr'><em>ποιεῖν</em></span> <span class='ocrx_word' id='word_1_6' title='bbox 1134 603 1178 676; x_wconf 73' lang='grc' dir='ltr'>ἃ</span> <span class='ocrx_word' id='word_1_7' title='bbox 1243 616 1495 688; x_wconf 85' lang='grc' dir='ltr'><strong><em>ποιεῖ,</em></strong></span> <span class='ocrx_word' id='word_1_8' title='bbox 1561 617 1636 674; x_wconf 87' lang='lat' dir='ltr'><strong>ut</strong></span> <span class='ocrx_word' id='word_1_9' title='bbox 1696 603 1867 674; x_wconf 77' lang='lat' dir='ltr'><strong>r&#39;ecte</strong></span> <span class='ocrx_word' id='word_1_10' title='bbox 1933 609 2180 696; x_wconf 78' lang='lat' dir='ltr'><strong>legitur</strong></span> <span class='ocrx_word' id='word_1_11' title='bbox 2228 609 2313 675; x_wconf 89' lang='lat'><strong>99</strong></span> <span class='ocrx_word' id='word_1_12' title='bbox 2335 611 2413 675; x_wconf 90' lang='lat' dir='ltr'><strong>A.</strong></span> <span class='ocrx_word' id='word_1_13' title='bbox 2485 610 2705 698; x_wconf 80' lang='lat' dir='ltr'><strong>Magis</strong></span> 
     </span>
     <span class='ocr_line' id='line_1_3' title="bbox 319 712 2708 803; baseline -0.001 -18"><span class='ocrx_word' id='word_1_14' title='bbox 319 724 518 786; x_wconf 86' lang='lat' dir='ltr'><strong>etiam</strong></span> <span class='ocrx_word' id='word_1_15' title='bbox 581 721 848 786; x_wconf 90' lang='lat' dir='ltr'><strong>idoneus</strong></span> <span class='ocrx_word' id='word_1_16' title='bbox 911 719 1089 784; x_wconf 87' lang='lat' dir='ltr'><strong>locus</strong></span> <span class='ocrx_word' id='word_1_17' title='bbox 1150 722 1245 784; x_wconf 89' lang='lat' dir='ltr'><strong>est</strong></span> <span class='ocrx_word' id='word_1_18' title='bbox 1307 714 1388 783; x_wconf 89' lang='lat' dir='ltr'><strong>ad</strong></span> <span class='ocrx_word' id='word_1_19' title='bbox 1450 716 1852 803; x_wconf 90' lang='lat' dir='ltr'><strong>probandum</strong></span> <span class='ocrx_word' id='word_1_20' title='bbox 1912 712 1981 779; x_wconf 88' lang='lat' dir='ltr'><strong>id</strong></span> <span class='ocrx_word' id='word_1_21' title='bbox 2028 715 2200 801; x_wconf 90' lang='lat' dir='ltr'><strong>quod</strong></span> <span class='ocrx_word' id='word_1_22' title='bbox 2239 716 2708 795; x_wconf 86' lang='lat' dir='ltr'><strong>commendavi,</strong></span> 
     </span>
     <span class='ocr_line' id='line_1_4' title="bbox 318 816 2711 913; baseline -0.002 -21"><span class='ocrx_word' id='word_1_23' title='bbox 318 827 478 913; x_wconf 80' lang='lat' dir='ltr'><strong>Rep.</strong></span> <span class='ocrx_word' id='word_1_24' title='bbox 527 826 559 894; x_wconf 92' lang='grc' dir='ltr'>Ι</span> <span class='ocrx_word' id='word_1_25' title='bbox 610 825 852 891; x_wconf 81' lang='lat' dir='ltr'><strong>342E:</strong></span> <span class='ocrx_word' id='word_1_26' title='bbox 916 825 1090 904; x_wconf 83' lang='grc' dir='ltr'><strong><em>λέγει</em></strong></span> <span class='ocrx_word' id='word_1_27' title='bbox 1157 816 1200 890; x_wconf 71' lang='grc' dir='ltr'>ἃ</span> <span class='ocrx_word' id='word_1_28' title='bbox 1259 822 1435 902; x_wconf 81' lang='grc' dir='ltr'><strong><em>λέγει</em></strong></span> <span class='ocrx_word' id='word_1_29' title='bbox 1493 819 1606 887; x_wconf 74' lang='grc' dir='ltr'><strong><em>’καὶ</em></strong></span> <span class='ocrx_word' id='word_1_30' title='bbox 1658 831 1821 888; x_wconf 84' lang='grc' dir='ltr'><strong><em>ποιεῖ</em></strong></span> <span class='ocrx_word' id='word_1_31' title='bbox 1863 817 1907 888; x_wconf 74' lang='grc' dir='ltr'>ἃ</span> <span class='ocrx_word' id='word_1_32' title='bbox 1958 829 2122 887; x_wconf 80' lang='grc' dir='ltr'><strong><em>ποιεῖ</em></strong></span> <span class='ocrx_word' id='word_1_33' title='bbox 2164 819 2447 888; x_wconf 71' lang='grc' dir='ltr'><strong><em>ἅπαντα.</em></strong></span> <span class='ocrx_word' id='word_1_34' title='bbox 2499 821 2711 888; x_wconf 78' lang='lat' dir='ltr'><strong>Aliter</strong></span> 
     </span>
     <span class='ocr_line' id='line_1_5' title="bbox 317 927 2709 1018; baseline -0.001 -20"><span class='ocrx_word' id='word_1_35' title='bbox 317 933 565 998; x_wconf 88' lang='lat' dir='ltr'><strong>indicat</strong></span> <span class='ocrx_word' id='word_1_36' title='bbox 607 932 1020 997; x_wconf 84' lang='lat' dir='ltr'><strong>Hermannus</strong></span> <span class='ocrx_word' id='word_1_37' title='bbox 1060 931 1139 997; x_wconf 86' lang='lat' dir='ltr'><strong>ad</strong></span> <span class='ocrx_word' id='word_1_38' title='bbox 1179 929 1426 1018; x_wconf 81' lang='lat' dir='ltr'><strong>Gratyl.</strong></span> <span class='ocrx_word' id='word_1_39' title='bbox 1474 928 1604 994; x_wconf 82' lang='lat'><strong>388</strong></span> <span class='ocrx_word' id='word_1_40' title='bbox 1622 927 1694 1009; x_wconf 83' lang='lat' dir='ltr'><strong>G,</strong></span> <span class='ocrx_word' id='word_1_41' title='bbox 1748 929 1855 994; x_wconf 91' lang='lat' dir='ltr'><strong>sed</strong></span> <span class='ocrx_word' id='word_1_42' title='bbox 1901 951 2026 995; x_wconf 93' lang='lat' dir='ltr'><strong>non</strong></span> <span class='ocrx_word' id='word_1_43' title='bbox 2071 935 2256 994; x_wconf 87' lang='lat' dir='ltr'><strong>muto</strong></span> <span class='ocrx_word' id='word_1_44' title='bbox 2303 932 2709 996; x_wconf 84' lang='lat' dir='ltr'><strong>sententiam.</strong></span> 
     </span>
     <span class='ocr_line' id='line_1_6' title="bbox 323 1026 1916 1125; baseline -0.002 -21"><span class='ocrx_word' id='word_1_45' title='bbox 323 1039 793 1104; x_wconf 87' lang='lat' dir='ltr'><strong>Herwerdenus</strong></span> <span class='ocrx_word' id='word_1_46' title='bbox 840 1037 1221 1125; x_wconf 85' lang='lat' dir='ltr'><strong>simpliciter</strong></span> <span class='ocrx_word' id='word_1_47' title='bbox 1270 1035 1512 1102; x_wconf 86' lang='lat' dir='ltr'><strong>delevit</strong></span> <span class='ocrx_word' id='word_1_48' title='bbox 1556 1026 1599 1099; x_wconf 71' lang='grc' dir='ltr'>ἃ</span> <span class='ocrx_word' id='word_1_49' title='bbox 1650 1034 1916 1118; x_wconf 80' lang='grc' dir='ltr'><strong><em>πάσχει.</em></strong></span> 
     </span>
    </p>
   </div>
   <div class='ocr_carea' id='block_1_3' title="bbox 328 1255 2720 1662">
    <p class='ocr_par' dir='ltr' id='par_1_3' title="bbox 328 1255 2720 1662">
     <span class='ocr_line' id='line_1_7' title="bbox 419 1255 2712 1333; baseline 0.001 -12"><span class='ocrx_word' id='word_1_50' title='bbox 419 1256 584 1323; x_wconf 88' lang='lat' dir='ltr'><strong>Ibid.</strong></span> <span class='ocrx_word' id='word_1_51' title='bbox 639 1256 880 1322; x_wconf 85' lang='lat' dir='ltr'><strong>lOlD:</strong></span> <span class='ocrx_word' id='word_1_52' title='bbox 947 1255 1151 1329; x_wconf 76' lang='grc' dir='ltr'><strong><em>δεδιὼς</em></strong></span> <span class='ocrx_word' id='word_1_53' title='bbox 1212 1255 1281 1321; x_wconf 80' lang='grc' dir='ltr'><strong><em>τὸ</em></strong></span> <span class='ocrx_word' id='word_1_54' title='bbox 1329 1255 1664 1333; x_wconf 83' lang='grc' dir='ltr'><strong><em>λεγόμενον</em></strong></span> <span class='ocrx_word' id='word_1_55' title='bbox 1713 1256 1821 1330; x_wconf 69' lang='grc' dir='ltr'><strong>τὴν</strong></span> <span class='ocrx_word' id='word_1_56' title='bbox 1875 1261 2108 1321; x_wconf 81' lang='grc' dir='ltr'><strong><em>σαυτοῦ</em></strong></span> <span class='ocrx_word' id='word_1_57' title='bbox 2159 1256 2340 1322; x_wconf 75' lang='grc' dir='ltr'><strong><em>σκιάν</em></strong></span> <span class='ocrx_word' id='word_1_58' title='bbox 2388 1256 2522 1322; x_wconf 78' lang='grc' dir='ltr'><strong>καὶ</strong></span> <span class='ocrx_word' id='word_1_59' title='bbox 2574 1259 2712 1331; x_wconf 79' lang='grc' dir='ltr'><strong>την</strong></span> 
     </span>
     <span class='ocr_line' id='line_1_8' title="bbox 329 1361 2715 1443; baseline 0.001 -16"><span class='ocrx_word' id='word_1_60' title='bbox 329 1365 738 1443; x_wconf 81' lang='grc' dir='ltr'><strong><em>άπειρίαν.</em></strong></span> <span class='ocrx_word' id='word_1_61' title='bbox 806 1363 958 1428; x_wconf 77' lang='lat' dir='ltr'><strong>&#39;I&#39;ria</strong></span> <span class='ocrx_word' id='word_1_62' title='bbox 1017 1362 1255 1428; x_wconf 88' lang='lat' dir='ltr'><strong>ultima</strong></span> <span class='ocrx_word' id='word_1_63' title='bbox 1312 1361 1628 1429; x_wconf 86' lang='lat' dir='ltr'><strong>vocabula</strong></span> <span class='ocrx_word' id='word_1_64' title='bbox 1681 1383 1833 1427; x_wconf 90' lang='lat' dir='ltr'><strong>cum</strong></span> <span class='ocrx_word' id='word_1_65' title='bbox 1880 1361 2285 1428; x_wconf 88' lang='lat' dir='ltr'><strong>Hartmanno</strong></span> <span class='ocrx_word' id='word_1_66' title='bbox 2332 1361 2715 1443; x_wconf 80' lang='lat' dir='ltr'><strong>deleverim,</strong></span> 
     </span>
     <span class='ocr_line' id='line_1_9' title="bbox 328 1467 2720 1557; baseline 0.001 -24"><span class='ocrx_word' id='word_1_67' title='bbox 328 1471 568 1555; x_wconf 89' lang='lat' dir='ltr'><strong>quippe</strong></span> <span class='ocrx_word' id='word_1_68' title='bbox 627 1491 788 1555; x_wconf 84' lang='lat' dir='ltr'><strong>quae</strong></span> <span class='ocrx_word' id='word_1_69' title='bbox 850 1470 1177 1557; x_wconf 90' lang='lat' dir='ltr'><strong>proverbii</strong></span> <span class='ocrx_word' id='word_1_70' title='bbox 1222 1467 1715 1554; x_wconf 78' lang='lat' dir='ltr'><strong>explicationem</strong></span> <span class='ocrx_word' id='word_1_71' title='bbox 1764 1469 2092 1534; x_wconf 81' lang='lat' dir='ltr'><strong>continent</strong></span> <span class='ocrx_word' id='word_1_72' title='bbox 2135 1489 2251 1534; x_wconf 87' lang='lat' dir='ltr'><strong>nec</strong></span> <span class='ocrx_word' id='word_1_73' title='bbox 2298 1473 2720 1535; x_wconf 85' lang='lat' dir='ltr'><strong>neeessariam</strong></span> 
     </span>
     <span class='ocr_line' id='line_1_10' title="bbox 328 1573 2718 1662; baseline 0 -22"><span class='ocrx_word' id='word_1_74' title='bbox 328 1597 443 1642; x_wconf 90' lang='lat' dir='ltr'><strong>nec</strong></span> <span class='ocrx_word' id='word_1_75' title='bbox 489 1581 751 1654; x_wconf 87' lang='lat' dir='ltr'><strong>rectam,</strong></span> <span class='ocrx_word' id='word_1_76' title='bbox 796 1597 947 1642; x_wconf 91' lang='lat' dir='ltr'><strong>nam</strong></span> <span class='ocrx_word' id='word_1_77' title='bbox 995 1578 1104 1651; x_wconf 65' lang='grc' dir='ltr'><strong>τὴν</strong></span> <span class='ocrx_word' id='word_1_78' title='bbox 1154 1575 1343 1641; x_wconf 80' lang='grc' dir='ltr'><strong><em>αὑτοῦ</em></strong></span> <span class='ocrx_word' id='word_1_79' title='bbox 1392 1575 1573 1640; x_wconf 77' lang='grc' dir='ltr'><strong><em>σκιάν</em></strong></span> <span class='ocrx_word' id='word_1_80' title='bbox 1623 1573 1873 1640; x_wconf 85' lang='grc' dir='ltr'><strong><em>δεδιέναι</em></strong></span> <span class='ocrx_word' id='word_1_81' title='bbox 1924 1574 2000 1640; x_wconf 88' lang='lat' dir='ltr'><strong>de</strong></span> <span class='ocrx_word' id='word_1_82' title='bbox 2046 1577 2303 1661; x_wconf 83' lang='lat' dir='ltr'><strong>ignavis</strong></span> <span class='ocrx_word' id='word_1_83' title='bbox 2351 1583 2718 1662; x_wconf 84' lang='lat' dir='ltr'><strong>usurpatur,</strong></span> 
     </span>
    </p>
   </div>
   <div class='ocr_carea' id='block_1_4' title="bbox 327 1680 970 1769">
    <p class='ocr_par' dir='ltr' id='par_1_4' title="bbox 327 1680 970 1769">
     <span class='ocr_line' id='line_1_11' title="bbox 327 1680 970 1769; baseline 0.003 -21"><span class='ocrx_word' id='word_1_84' title='bbox 327 1704 457 1748; x_wconf 93' lang='lat' dir='ltr'><strong>non</strong></span> <span class='ocrx_word' id='word_1_85' title='bbox 507 1680 585 1749; x_wconf 90' lang='lat' dir='ltr'><strong>de</strong></span> <span class='ocrx_word' id='word_1_86' title='bbox 628 1685 970 1769; x_wconf 87' lang='lat' dir='ltr'><strong>imperitis.</strong></span> 
     </span>
    </p>
   </div>
   <div class='ocr_carea' id='block_1_5' title="bbox 328 1883 2725 2082">
    <p class='ocr_par' dir='ltr' id='par_1_5' title="bbox 328 1883 2725 2082">
     <span class='ocr_line' id='line_1_12' title="bbox 424 1883 2725 1969; baseline 0 -17"><span class='ocrx_word' id='word_1_87' title='bbox 424 1887 586 1953; x_wconf 83' lang='lat' dir='ltr'><strong>Ibid.</strong></span> <span class='ocrx_word' id='word_1_88' title='bbox 630 1886 868 1952; x_wconf 77' lang='lat' dir='ltr'>IOGA:</span> <span class='ocrx_word' id='word_1_89' title='bbox 913 1883 1160 1968; x_wconf 69' lang='grc' dir='ltr'><strong><em>ὑπεξῄει</em></strong></span> <span class='ocrx_word' id='word_1_90' title='bbox 1203 1883 1278 1950; x_wconf 73' lang='grc' dir='ltr'><strong><em>ἂν</em></strong></span> <span class='ocrx_word' id='word_1_91' title='bbox 1322 1888 1354 1961; x_wconf 83' lang='grc' dir='ltr'><strong><em>ἧ</em></strong></span> <span class='ocrx_word' id='word_1_92' title='bbox 1388 1887 1540 1968; x_wconf 80' lang='grc' dir='ltr'><strong><em>χιὼν</em></strong></span> <span class='ocrx_word' id='word_1_93' title='bbox 1577 1883 1729 1952; x_wconf 81' lang='grc' dir='ltr'><strong><em>οὖσα</em></strong></span> <span class='ocrx_word' id='word_1_94' title='bbox 1764 1892 1877 1956; x_wconf 81' lang='grc' dir='ltr'><strong>σῶς</strong></span> <span class='ocrx_word' id='word_1_95' title='bbox 1908 1887 1971 1968; x_wconf 92' lang='grc' dir='ltr'><strong>[κ</strong></span> <span class='ocrx_word' id='word_1_96' title='bbox 1992 1885 2069 1951; x_wconf 75' lang='grc' dir='ltr'><strong>αὶ</strong></span> <span class='ocrx_word' id='word_1_97' title='bbox 2113 1884 2523 1969; x_wconf 76' lang='grc' dir='ltr'><strong><em>ἅτηκτος].</em></strong></span> <span class='ocrx_word' id='word_1_98' title='bbox 2565 1886 2725 1952; x_wconf 79' lang='lat' dir='ltr'><strong>Lan-</strong></span> 
     </span>
     <span class='ocr_line' id='line_1_13' title="bbox 328 1991 2663 2082; baseline 0 -23"><span class='ocrx_word' id='word_1_99' title='bbox 328 1999 492 2082; x_wconf 86' lang='lat' dir='ltr'><strong>guet</strong></span> <span class='ocrx_word' id='word_1_100' title='bbox 535 1996 1013 2080; x_wconf 85' lang='lat' dir='ltr'><strong>interpretatio;</strong></span> <span class='ocrx_word' id='word_1_101' title='bbox 1061 2000 1232 2059; x_wconf 90' lang='lat' dir='ltr'><strong>recte</strong></span> <span class='ocrx_word' id='word_1_102' title='bbox 1279 2015 1433 2058; x_wconf 82' lang='lat' dir='ltr'><strong>mox</strong></span> <span class='ocrx_word' id='word_1_103' title='bbox 1483 1993 1558 2058; x_wconf 88' lang='lat' dir='ltr'><strong>de</strong></span> <span class='ocrx_word' id='word_1_104' title='bbox 1604 1994 1787 2079; x_wconf 85' lang='lat' dir='ltr'><strong>igne:</strong></span> <span class='ocrx_word' id='word_1_105' title='bbox 1837 1999 1952 2058; x_wconf 83' lang='grc' dir='ltr'><strong><em>σῶν</em></strong></span> <span class='ocrx_word' id='word_1_106' title='bbox 1999 1991 2075 2058; x_wconf 73' lang='grc' dir='ltr'><strong><em>ἂν</em></strong></span> <span class='ocrx_word' id='word_1_107' title='bbox 2123 1993 2390 2057; x_wconf 81' lang='grc' dir='ltr'><strong><em>άπελθὸν</em></strong></span> <span class='ocrx_word' id='word_1_108' title='bbox 2439 1991 2663 2075; x_wconf 76' lang='grc' dir='ltr'><strong><em>ᾤχετο.</em></strong></span> 
     </span>
    </p>
   </div>
   <div class='ocr_carea' id='block_1_6' title="bbox 335 2211 2738 3363">
    <p class='ocr_par' dir='ltr' id='par_1_6' title="bbox 335 2211 2738 3363">
     <span class='ocr_line' id='line_1_14' title="bbox 431 2211 2727 2298; baseline 0.001 -21"><span class='ocrx_word' id='word_1_109' title='bbox 431 2212 594 2278; x_wconf 87' lang='lat' dir='ltr'><strong>Ibid.</strong></span> <span class='ocrx_word' id='word_1_110' title='bbox 648 2211 776 2277; x_wconf 88' lang='grc'><strong>109</strong></span> <span class='ocrx_word' id='word_1_111' title='bbox 794 2212 873 2278; x_wconf 93' lang='lat' dir='ltr'><strong>D.</strong></span> <span class='ocrx_word' id='word_1_112' title='bbox 933 2212 1004 2279; x_wconf 82' lang='lat' dir='ltr'><strong>Si</strong></span> <span class='ocrx_word' id='word_1_113' title='bbox 1062 2215 1206 2298; x_wconf 90' lang='lat' dir='ltr'><strong>quis</strong></span> <span class='ocrx_word' id='word_1_114' title='bbox 1267 2215 1335 2278; x_wconf 90' lang='lat' dir='ltr'><strong>in</strong></span> <span class='ocrx_word' id='word_1_115' title='bbox 1400 2213 1716 2298; x_wconf 88' lang='lat' dir='ltr'><strong>profundo</strong></span> <span class='ocrx_word' id='word_1_116' title='bbox 1779 2215 1942 2278; x_wconf 86' lang='lat' dir='ltr'><strong>mari</strong></span> <span class='ocrx_word' id='word_1_117' title='bbox 1988 2214 2285 2278; x_wconf 86' lang='lat' dir='ltr'><strong>habitans</strong></span> <span class='ocrx_word' id='word_1_118' title='bbox 2333 2215 2421 2290; x_wconf 65' lang='grc' dir='ltr'><strong>μὴ</strong></span> <span class='ocrx_word' id='word_1_119' title='bbox 2472 2215 2727 2295; x_wconf 79' lang='grc' dir='ltr'><strong><em>ἑορακὼς</em></strong></span> 
     </span>
     <span class='ocr_line' id='line_1_15' title="bbox 338 2317 2725 2410; baseline 0 -26"><span class='ocrx_word' id='word_1_120' title='bbox 338 2318 428 2393; x_wconf 79' lang='grc' dir='ltr'><strong><em>εἴη</em></strong></span> <span class='ocrx_word' id='word_1_121' title='bbox 495 2317 669 2410; x_wconf 68' lang='grc' dir='ltr'><strong><em>ε’κδζις</em></strong></span> <span class='ocrx_word' id='word_1_122' title='bbox 735 2320 836 2384; x_wconf 73' lang='grc' dir='ltr'><strong>καὶ</strong></span> <span class='ocrx_word' id='word_1_123' title='bbox 902 2319 1240 2398; x_wconf 81' lang='grc' dir='ltr'><strong><em>άνακύψας</em></strong></span> <span class='ocrx_word' id='word_1_124' title='bbox 1304 2320 1368 2384; x_wconf 80' lang='grc' dir='ltr'><strong>ἐκ</strong></span> <span class='ocrx_word' id='word_1_125' title='bbox 1433 2327 1545 2393; x_wconf 79' lang='grc' dir='ltr'><strong>τῆς</strong></span> <span class='ocrx_word' id='word_1_126' title='bbox 1610 2319 1933 2394; x_wconf 83' lang='grc' dir='ltr'><strong><em>θαλάττης</em></strong></span> <span class='ocrx_word' id='word_1_127' title='bbox 1981 2320 2068 2391; x_wconf 81' lang='grc' dir='ltr'><strong>εἷς</strong></span> <span class='ocrx_word' id='word_1_128' title='bbox 2116 2319 2215 2384; x_wconf 83' lang='grc' dir='ltr'><strong>τὸν</strong></span> <span class='ocrx_word' id='word_1_129' title='bbox 2266 2320 2474 2386; x_wconf 80' lang='grc' dir='ltr'><strong><em>ἐνθάδε</em></strong></span> <span class='ocrx_word' id='word_1_130' title='bbox 2520 2321 2725 2401; x_wconf 89' lang='grc' dir='ltr'><strong><em>τόπον,</em></strong></span> 
     </span>
     <span class='ocr_line' id='line_1_16' title="bbox 339 2423 2726 2506; baseline 0 -14"><span class='ocrx_word' id='word_1_131' title='bbox 339 2423 456 2505; x_wconf 75' lang='grc' dir='ltr'><strong>ὅσῳ</strong></span> <span class='ocrx_word' id='word_1_132' title='bbox 521 2426 793 2491; x_wconf 81' lang='grc' dir='ltr'><strong><em>καλλίων</em></strong></span> <span class='ocrx_word' id='word_1_133' title='bbox 855 2424 1166 2505; x_wconf 80' lang='grc' dir='ltr'><strong><em>τυγχάνει</em></strong></span> <span class='ocrx_word' id='word_1_134' title='bbox 1232 2425 1306 2489; x_wconf 79' lang='grc' dir='ltr'><strong><em>ὢν</em></strong></span> <span class='ocrx_word' id='word_1_135' title='bbox 1371 2429 1477 2488; x_wconf 83' lang='grc' dir='ltr'><strong><em>τοῦ</em></strong></span> <span class='ocrx_word' id='word_1_136' title='bbox 1541 2426 1714 2502; x_wconf 80' lang='grc' dir='ltr'><strong><em>παρά</em></strong></span> <span class='ocrx_word' id='word_1_137' title='bbox 1778 2425 1962 2506; x_wconf 80' lang='grc' dir='ltr'><strong><em>σφίσι</em></strong></span> <span class='ocrx_word' id='word_1_138' title='bbox 2010 2427 2154 2503; x_wconf 79' lang='grc' dir='ltr'><strong>μηδ’</strong></span> <span class='ocrx_word' id='word_1_139' title='bbox 2204 2424 2405 2490; x_wconf 80' lang='grc' dir='ltr'><strong><em>ἄλλου</em></strong></span> <span class='ocrx_word' id='word_1_140' title='bbox 2454 2427 2726 2500; x_wconf 77' lang='grc' dir='ltr'><strong><em>άκηκοὼς</em></strong></span> 
     </span>
     <span class='ocr_line' id='line_1_17' title="bbox 335 2529 2729 2628; baseline 0 -30"><span class='ocrx_word' id='word_1_141' title='bbox 335 2529 425 2608; x_wconf 78' lang='grc' dir='ltr'><strong><em>εἴη</em></strong></span> <span class='ocrx_word' id='word_1_142' title='bbox 473 2537 604 2598; x_wconf 83' lang='grc' dir='ltr'><strong><em>τοῦ</em></strong></span> <span class='ocrx_word' id='word_1_143' title='bbox 647 2531 980 2611; x_wconf 77' lang='grc' dir='ltr'><strong><em>ἕορακότος,</em></strong></span> <span class='ocrx_word' id='word_1_144' title='bbox 1021 2531 1151 2596; x_wconf 84' lang='grc' dir='ltr'><strong>κτὲ.</strong></span> <span class='ocrx_word' id='word_1_145' title='bbox 1199 2531 1468 2597; x_wconf 87' lang='lat' dir='ltr'><strong>Hiccine</strong></span> <span class='ocrx_word' id='word_1_146' title='bbox 1509 2531 1695 2628; x_wconf 74' lang='lat' dir='ltr'><strong>Plato</strong></span> <span class='ocrx_word' id='word_1_147' title='bbox 1738 2534 2073 2618; x_wconf 87' lang='lat' dir='ltr'><strong>participio</strong></span> <span class='ocrx_word' id='word_1_148' title='bbox 2109 2532 2462 2598; x_wconf 86' lang='lat' dir='ltr'><strong>articulum</strong></span> <span class='ocrx_word' id='word_1_149' title='bbox 2502 2533 2729 2600; x_wconf 77' lang='lat' dir='ltr'><strong>addere</strong></span> 
     </span>
     <span class='ocr_line' id='line_1_18' title="bbox 335 2635 2727 2725; baseline 0.001 -22"><span class='ocrx_word' id='word_1_150' title='bbox 335 2635 594 2725; x_wconf 79' lang='lat' dir='ltr'><strong>potuit?</strong></span> <span class='ocrx_word' id='word_1_151' title='bbox 662 2637 803 2704; x_wconf 92' lang='lat' dir='ltr'><strong>Non</strong></span> <span class='ocrx_word' id='word_1_152' title='bbox 853 2636 1036 2704; x_wconf 89' lang='lat' dir='ltr'><strong>credo</strong></span> <span class='ocrx_word' id='word_1_153' title='bbox 1083 2644 1147 2704; x_wconf 92' lang='lat' dir='ltr'><strong>et</strong></span> <span class='ocrx_word' id='word_1_154' title='bbox 1196 2639 1552 2724; x_wconf 78' lang='lat' dir='ltr'><strong>corrigam:</strong></span> <span class='ocrx_word' id='word_1_155' title='bbox 1596 2638 1741 2716; x_wconf 82' lang='grc' dir='ltr'><strong>μηδ’</strong></span> <span class='ocrx_word' id='word_1_156' title='bbox 1782 2638 1982 2703; x_wconf 77' lang='grc' dir='ltr'><strong><em>ἄλλον</em></strong></span> <span class='ocrx_word' id='word_1_157' title='bbox 2030 2640 2302 2712; x_wconf 76' lang='grc' dir='ltr'><strong><em>άκηκοὼς</em></strong></span> <span class='ocrx_word' id='word_1_158' title='bbox 2344 2637 2433 2714; x_wconf 76' lang='grc' dir='ltr'><strong><em>εἴη</em></strong></span> <span class='ocrx_word' id='word_1_159' title='bbox 2475 2665 2515 2704; x_wconf 87' lang='grc' dir='ltr'><strong>α</strong></span> <span class='ocrx_word' id='word_1_160' title='bbox 2542 2642 2727 2705; x_wconf 79' lang='grc' dir='ltr'><strong><em>ὐτοῦ</em></strong></span> 
     </span>
     <span class='ocr_line' id='line_1_19' title="bbox 341 2743 2730 2834; baseline 0.001 -24"><span class='ocrx_word' id='word_1_161' title='bbox 341 2745 680 2825; x_wconf 70' lang='grc' dir='ltr'><strong><em>ἑορακότας.</em></strong></span> <span class='ocrx_word' id='word_1_162' title='bbox 759 2745 998 2811; x_wconf 85' lang='lat' dir='ltr'><strong>Eodem</strong></span> <span class='ocrx_word' id='word_1_163' title='bbox 1059 2743 1250 2810; x_wconf 92' lang='lat' dir='ltr'><strong>modo</strong></span> <span class='ocrx_word' id='word_1_164' title='bbox 1315 2744 1508 2822; x_wconf 88' lang='lat' dir='ltr'><strong>olim,</strong></span> <span class='ocrx_word' id='word_1_165' title='bbox 1576 2747 1799 2811; x_wconf 82' lang='lat' dir='ltr'><strong>Mnem.</strong></span> <span class='ocrx_word' id='word_1_166' title='bbox 1867 2744 2040 2810; x_wconf 81' lang='lat'>1857</span> <span class='ocrx_word' id='word_1_167' title='bbox 2106 2768 2168 2831; x_wconf 87' lang='lat' dir='ltr'><strong>p.</strong></span> <span class='ocrx_word' id='word_1_168' title='bbox 2237 2743 2389 2825; x_wconf 80' lang='lat'><strong>127,</strong></span> <span class='ocrx_word' id='word_1_169' title='bbox 2454 2747 2730 2834; x_wconf 87' lang='lat' dir='ltr'><strong>Polybio</strong></span> 
     </span>
     <span class='ocr_line' id='line_1_20' title="bbox 338 2850 2735 2938; baseline 0.001 -22"><span class='ocrx_word' id='word_1_170' title='bbox 338 2850 519 2916; x_wconf 89' lang='lat' dir='ltr'><strong>volui</strong></span> <span class='ocrx_word' id='word_1_171' title='bbox 567 2851 812 2917; x_wconf 85' lang='lat' dir='ltr'><strong>auxilio</strong></span> <span class='ocrx_word' id='word_1_172' title='bbox 861 2853 1110 2930; x_wconf 87' lang='lat' dir='ltr'><strong>venire,</strong></span> <span class='ocrx_word' id='word_1_173' title='bbox 1160 2852 1331 2938; x_wconf 87' lang='lat' dir='ltr'><strong>apud</strong></span> <span class='ocrx_word' id='word_1_174' title='bbox 1380 2873 1572 2937; x_wconf 89' lang='lat' dir='ltr'><strong>quem</strong></span> <span class='ocrx_word' id='word_1_175' title='bbox 1618 2855 1996 2919; x_wconf 82' lang='lat' dir='ltr'><strong>inveneram</strong></span> <span class='ocrx_word' id='word_1_176' title='bbox 2035 2851 2121 2916; x_wconf 93' lang='lat' dir='ltr'><strong>IV</strong></span> <span class='ocrx_word' id='word_1_177' title='bbox 2162 2852 2225 2917; x_wconf 85' lang='lat'><strong>2.</strong></span> <span class='ocrx_word' id='word_1_178' title='bbox 2254 2851 2331 2917; x_wconf 85' lang='lat'><strong>2:</strong></span> <span class='ocrx_word' id='word_1_179' title='bbox 2373 2850 2440 2930; x_wconf 81' lang='grc' dir='ltr'><strong>ἐξ</strong></span> <span class='ocrx_word' id='word_1_180' title='bbox 2475 2850 2544 2918; x_wconf 84' lang='grc' dir='ltr'><strong>οὖ</strong></span> <span class='ocrx_word' id='word_1_181' title='bbox 2581 2878 2735 2931; x_wconf 82' lang='grc' dir='ltr'><strong><em>συμ-</em></strong></span> 
     </span>
     <span class='ocr_line' id='line_1_21' title="bbox 337 2958 2733 3040; baseline 0.001 -18"><span class='ocrx_word' id='word_1_182' title='bbox 337 2958 544 3033; x_wconf 82' lang='grc' dir='ltr'><strong><em>βαίνει</em></strong></span> <span class='ocrx_word' id='word_1_183' title='bbox 608 2967 737 3030; x_wconf 82' lang='grc' dir='ltr'><strong><em>τοῖς</em></strong></span> <span class='ocrx_word' id='word_1_184' title='bbox 800 2959 924 3034; x_wconf 82' lang='grc' dir='ltr'><strong>μὲν</strong></span> <span class='ocrx_word' id='word_1_185' title='bbox 978 2958 1204 3030; x_wconf 78' lang='grc' dir='ltr'><strong><em>αὐτοὺς</em></strong></span> <span class='ocrx_word' id='word_1_186' title='bbox 1269 2959 1434 3035; x_wconf 65' lang='grc' dir='ltr'><strong><em>ἡμᾶς</em></strong></span> <span class='ocrx_word' id='word_1_187' title='bbox 1500 2960 2039 3038; x_wconf 70' lang='grc' dir='ltr'><strong><em>παραγεγονέναι,</em></strong></span> <span class='ocrx_word' id='word_1_188' title='bbox 2104 2961 2184 3023; x_wconf 75' lang='grc' dir='ltr'><strong><em>τὰ</em></strong></span> <span class='ocrx_word' id='word_1_189' title='bbox 2253 2959 2316 3025; x_wconf 79' lang='grc' dir='ltr'><strong>δὲ</strong></span> <span class='ocrx_word' id='word_1_190' title='bbox 2366 2962 2538 3040; x_wconf 71' lang='grc' dir='ltr'><strong><em>παρὰ</em></strong></span> <span class='ocrx_word' id='word_1_191' title='bbox 2587 2968 2733 3025; x_wconf 84' lang='grc' dir='ltr'><strong>τῶν</strong></span> 
     </span>
     <span class='ocr_line' id='line_1_22' title="bbox 345 3064 2734 3152; baseline 0 -22"><span class='ocrx_word' id='word_1_192' title='bbox 345 3065 668 3144; x_wconf 77' lang='grc' dir='ltr'><strong><em>ἑορακότων</em></strong></span> <span class='ocrx_word' id='word_1_193' title='bbox 741 3064 1088 3138; x_wconf 71' lang='grc' dir='ltr'><strong><em>ἀκηκοέναι.</em></strong></span> <span class='ocrx_word' id='word_1_194' title='bbox 1174 3066 1504 3131; x_wconf 87' lang='lat' dir='ltr'><strong>Nimirum</strong></span> <span class='ocrx_word' id='word_1_195' title='bbox 1588 3066 1923 3152; x_wconf 83' lang='lat' dir='ltr'><strong>supplevi:</strong></span> <span class='ocrx_word' id='word_1_196' title='bbox 2011 3069 2157 3146; x_wconf 84' lang='grc' dir='ltr'><strong><em>παρ’</em></strong></span> <span class='ocrx_word' id='word_1_197' title='bbox 2228 3069 2540 3147; x_wconf 81' lang='grc' dir='ltr'><strong><em>(αὐτῶν)</em></strong></span> <span class='ocrx_word' id='word_1_198' title='bbox 2620 3069 2734 3132; x_wconf 80' lang='grc' dir='ltr'><strong>τῶν</strong></span> 
     </span>
     <span class='ocr_line' id='line_1_23' title="bbox 345 3170 2736 3259; baseline 0.001 -23"><span class='ocrx_word' id='word_1_199' title='bbox 345 3170 693 3252; x_wconf 77' lang='grc' dir='ltr'><strong><em>ἑορακότων,</em></strong></span> <span class='ocrx_word' id='word_1_200' title='bbox 735 3192 964 3259; x_wconf 88' lang='lat' dir='ltr'><strong>nempe</strong></span> <span class='ocrx_word' id='word_1_201' title='bbox 1004 3170 1255 3239; x_wconf 82' lang='lat' dir='ltr'><strong>Ctesiae</strong></span> <span class='ocrx_word' id='word_1_202' title='bbox 1293 3194 1562 3251; x_wconf 89' lang='lat' dir='ltr'><strong>memor,</strong></span> <span class='ocrx_word' id='word_1_203' title='bbox 1606 3175 1720 3258; x_wconf 91' lang='lat' dir='ltr'><strong>qui</strong></span> <span class='ocrx_word' id='word_1_204' title='bbox 1768 3175 2096 3259; x_wconf 76' lang='lat' dir='ltr'><strong>scripsisse</strong></span> <span class='ocrx_word' id='word_1_205' title='bbox 2137 3172 2449 3239; x_wconf 84' lang='lat' dir='ltr'><strong>traditur:</strong></span> <span class='ocrx_word' id='word_1_206' title='bbox 2498 3174 2579 3237; x_wconf 77' lang='grc' dir='ltr'><strong><em>τά</em></strong></span> <span class='ocrx_word' id='word_1_207' title='bbox 2620 3174 2736 3249; x_wconf 76' lang='grc' dir='ltr'><strong><em>μὲν</em></strong></span> 
     </span>
     <span class='ocr_line' id='line_1_24' title="bbox 346 3278 2738 3363; baseline 0 -20"><span class='ocrx_word' id='word_1_208' title='bbox 346 3280 528 3351; x_wconf 81' lang='grc' dir='ltr'><strong><em>αὐτὸς</em></strong></span> <span class='ocrx_word' id='word_1_209' title='bbox 583 3279 719 3345; x_wconf 76' lang='grc' dir='ltr'><strong><em>ἰδὼν</em></strong></span> <span class='ocrx_word' id='word_1_210' title='bbox 766 3280 1026 3359; x_wconf 83' lang='grc' dir='ltr'><strong><em>γράφω,</em></strong></span> <span class='ocrx_word' id='word_1_211' title='bbox 1077 3279 1160 3344; x_wconf 72' lang='grc' dir='ltr'><strong><em>τά</em></strong></span> <span class='ocrx_word' id='word_1_212' title='bbox 1210 3281 1273 3344; x_wconf 80' lang='grc' dir='ltr'><strong>δὲ</strong></span> <span class='ocrx_word' id='word_1_213' title='bbox 1322 3281 1469 3357; x_wconf 89' lang='grc' dir='ltr'><strong><em>παρ’</em></strong></span> <span class='ocrx_word' id='word_1_214' title='bbox 1518 3281 1717 3344; x_wconf 77' lang='grc' dir='ltr'><strong><em>αὐτῶν</em></strong></span> <span class='ocrx_word' id='word_1_215' title='bbox 1770 3284 1975 3355; x_wconf 82' lang='grc' dir='ltr'><strong><em>μαθὼν</em></strong></span> <span class='ocrx_word' id='word_1_216' title='bbox 2024 3285 2139 3344; x_wconf 80' lang='grc' dir='ltr'><strong>τῶν</strong></span> <span class='ocrx_word' id='word_1_217' title='bbox 2182 3278 2443 3356; x_wconf 72' lang='grc' dir='ltr'><strong><em>ἰδόντων,</em></strong></span> <span class='ocrx_word' id='word_1_218' title='bbox 2484 3280 2560 3344; x_wconf 90' lang='lat' dir='ltr'><strong>de</strong></span> <span class='ocrx_word' id='word_1_219' title='bbox 2601 3281 2738 3363; x_wconf 85' lang='lat' dir='ltr'><strong>qui·</strong></span> 
     </span>
    </p>
   </div>
   <div class='ocr_carea' id='block_1_7' title="bbox 345 3382 2111 3472">
    <p class='ocr_par' dir='ltr' id='par_1_7' title="bbox 345 3382 2111 3472">
     <span class='ocr_line' id='line_1_25' title="bbox 345 3382 2111 3472; baseline 0.001 -22"><span class='ocrx_word' id='word_1_220' title='bbox 345 3387 464 3452; x_wconf 89' lang='lat' dir='ltr'><strong>bus</strong></span> <span class='ocrx_word' id='word_1_221' title='bbox 511 3387 724 3453; x_wconf 88' lang='lat' dir='ltr'><strong>verbis</strong></span> <span class='ocrx_word' id='word_1_222' title='bbox 770 3385 1104 3452; x_wconf 85' lang='lat' dir='ltr'><strong>Mehlerus</strong></span> <span class='ocrx_word' id='word_1_223' title='bbox 1151 3388 1290 3472; x_wconf 85' lang='lat' dir='ltr'><strong>egit</strong></span> <span class='ocrx_word' id='word_1_224' title='bbox 1339 3387 1564 3451; x_wconf 80' lang='lat' dir='ltr'><strong>Mnem.</strong></span> <span class='ocrx_word' id='word_1_225' title='bbox 1620 3384 1795 3450; x_wconf 80' lang='lat'>1852</span> <span class='ocrx_word' id='word_1_226' title='bbox 1843 3407 1905 3472; x_wconf 93' lang='lat' dir='ltr'><strong>p.</strong></span> <span class='ocrx_word' id='word_1_227' title='bbox 1958 3382 2111 3451; x_wconf 85' lang='lat'>407.</span> 
     </span>
    </p>
   </div>
   <div class='ocr_carea' id='block_1_8' title="bbox 342 3599 2749 4732">
    <p class='ocr_par' dir='ltr' id='par_1_8' title="bbox 342 3599 2749 4646">
     <span class='ocr_line' id='line_1_26' title="bbox 437 3599 2734 3688; baseline -0.001 -21"><span class='ocrx_word' id='word_1_228' title='bbox 437 3603 595 3668; x_wconf 89' lang='lat' dir='ltr'><strong>Post</strong></span> <span class='ocrx_word' id='word_1_229' title='bbox 662 3622 864 3688; x_wconf 85' lang='lat' dir='ltr'><strong>pauca</strong></span> <span class='ocrx_word' id='word_1_230' title='bbox 933 3603 1259 3687; x_wconf 88' lang='lat' dir='ltr'><strong>sequitur:</strong></span> <span class='ocrx_word' id='word_1_231' title='bbox 1334 3601 1504 3677; x_wconf 86' lang='grc' dir='ltr'><strong><em>ε’πεί,</em></strong></span> <span class='ocrx_word' id='word_1_232' title='bbox 1571 3602 1622 3666; x_wconf 78' lang='grc' dir='ltr'><strong><em>εἰ</em></strong></span> <span class='ocrx_word' id='word_1_233' title='bbox 1688 3625 1781 3674; x_wconf 91' lang='grc' dir='ltr'><strong>τις</strong></span> <span class='ocrx_word' id='word_1_234' title='bbox 1848 3602 2039 3666; x_wconf 81' lang='grc' dir='ltr'><strong><em>αὐτοῦ</em></strong></span> <span class='ocrx_word' id='word_1_235' title='bbox 2106 3601 2206 3665; x_wconf 75' lang='grc' dir='ltr'><strong>ἐπ’</strong></span> <span class='ocrx_word' id='word_1_236' title='bbox 2268 3599 2427 3681; x_wconf 83' lang='grc' dir='ltr'><strong><em>άκρα</em></strong></span> <span class='ocrx_word' id='word_1_237' title='bbox 2494 3602 2650 3668; x_wconf 82' lang='grc' dir='ltr'><strong><em>ἔλθοι</em></strong></span> <span class='ocrx_word' id='word_1_238' title='bbox 2702 3601 2734 3676; x_wconf 72' lang='grc' dir='ltr'>ἢ</span> 
     </span>
     <span class='ocr_line' id='line_1_27' title="bbox 348 3705 2749 3788; baseline 0 -17"><span class='ocrx_word' id='word_1_239' title='bbox 348 3708 567 3781; x_wconf 78' lang='grc' dir='ltr'><strong><em>πτηνὸς</em></strong></span> <span class='ocrx_word' id='word_1_240' title='bbox 622 3708 945 3784; x_wconf 78' lang='grc' dir='ltr'><strong><em>γενόμενος</em></strong></span> <span class='ocrx_word' id='word_1_241' title='bbox 991 3706 1365 3786; x_wconf 79' lang='grc' dir='ltr'><strong><em>άνάπτοιτο,</em></strong></span> <span class='ocrx_word' id='word_1_242' title='bbox 1409 3705 1789 3771; x_wconf 78' lang='grc' dir='ltr'><strong><em>κατιδεῖν</em></strong></span> <span class='ocrx_word' id='word_1_243' title='bbox 1830 3707 2250 3788; x_wconf 83' lang='grc' dir='ltr'><strong><em>άνακύψαντα</em></strong></span> <span class='ocrx_word' id='word_1_244' title='bbox 2290 3705 2489 3784; x_wconf 72' lang='grc' dir='ltr'><strong><em>ὥσπερ</em></strong></span> <span class='ocrx_word' id='word_1_245' title='bbox 2529 3709 2749 3774; x_wconf 85' lang='grc' dir='ltr'><strong><em>ἐνθάδε·</em></strong></span> 
     </span>
     <span class='ocr_line' id='line_1_28' title="bbox 347 3801 2735 3894; baseline 0.001 -17"><span class='ocrx_word' id='word_1_246' title='bbox 347 3816 400 3878; x_wconf 82' lang='grc' dir='ltr'><strong>οἷ</strong></span> <span class='ocrx_word' id='word_1_247' title='bbox 451 3814 517 3878; x_wconf 82' lang='grc' dir='ltr'><strong>ἐκ</strong></span> <span class='ocrx_word' id='word_1_248' title='bbox 565 3824 674 3889; x_wconf 74' lang='grc' dir='ltr'><strong>τῆς</strong></span> <span class='ocrx_word' id='word_1_249' title='bbox 718 3815 1037 3889; x_wconf 74' lang='grc' dir='ltr'><strong><em>θαλάττης</em></strong></span> <span class='ocrx_word' id='word_1_250' title='bbox 1081 3815 1291 3894; x_wconf 77' lang='grc' dir='ltr'><strong><em>ἰχθύες</em></strong></span> <span class='ocrx_word' id='word_1_251' title='bbox 1335 3801 1964 3887; x_wconf 83' lang='grc' dir='ltr'><strong><em>άνακύπτοντες</em></strong></span> <span class='ocrx_word' id='word_1_252' title='bbox 2012 3814 2237 3893; x_wconf 77' lang='grc' dir='ltr'><strong><em>ὁρῶσι</em></strong></span> <span class='ocrx_word' id='word_1_253' title='bbox 2290 3815 2389 3879; x_wconf 73' lang='grc' dir='ltr'><strong><em>τὰ</em></strong></span> <span class='ocrx_word' id='word_1_254' title='bbox 2438 3815 2735 3891; x_wconf 82' lang='grc' dir='ltr'><strong><em>ἐνθάδε,</em></strong></span> 
     </span>
     <span class='ocr_line' id='line_1_29' title="bbox 349 3916 2739 4006; baseline 0 -21"><span class='ocrx_word' id='word_1_255' title='bbox 349 3916 534 3992; x_wconf 80' lang='grc' dir='ltr'><strong><em>οὕτως</em></strong></span> <span class='ocrx_word' id='word_1_256' title='bbox 583 3919 659 3984; x_wconf 73' lang='grc' dir='ltr'><strong><em>ἄν</em></strong></span> <span class='ocrx_word' id='word_1_257' title='bbox 710 3944 849 3986; x_wconf 85' lang='grc' dir='ltr'><strong><em>τινα</em></strong></span> <span class='ocrx_word' id='word_1_258' title='bbox 898 3921 1000 3984; x_wconf 74' lang='grc' dir='ltr'><strong>καὶ</strong></span> <span class='ocrx_word' id='word_1_259' title='bbox 1053 3922 1136 3985; x_wconf 79' lang='grc' dir='ltr'><strong><em>τά</em></strong></span> <span class='ocrx_word' id='word_1_260' title='bbox 1180 3924 1310 3985; x_wconf 82' lang='grc' dir='ltr'><strong><em>ἐκεῖ</em></strong></span> <span class='ocrx_word' id='word_1_261' title='bbox 1345 3922 1636 3986; x_wconf 82' lang='grc' dir='ltr'><strong><em>κατιδεῖν.</em></strong></span> <span class='ocrx_word' id='word_1_262' title='bbox 1687 3920 2029 3986; x_wconf 89' lang='lat' dir='ltr'><strong>Neminem</strong></span> <span class='ocrx_word' id='word_1_263' title='bbox 2070 3920 2307 3986; x_wconf 88' lang='lat' dir='ltr'><strong>vidisse</strong></span> <span class='ocrx_word' id='word_1_264' title='bbox 2346 3924 2567 4006; x_wconf 89' lang='lat' dir='ltr'><strong>spuria</strong></span> <span class='ocrx_word' id='word_1_265' title='bbox 2606 3942 2739 3986; x_wconf 90' lang='lat' dir='ltr'><strong>esse</strong></span> 
     </span>
     <span class='ocr_line' id='line_1_30' title="bbox 351 4023 2740 4112; baseline 0 -21"><span class='ocrx_word' id='word_1_266' title='bbox 351 4027 979 4099; x_wconf 81' lang='grc' dir='ltr'><strong><em>άνακὺπτοντες</em></strong></span> <span class='ocrx_word' id='word_1_267' title='bbox 1043 4028 1274 4105; x_wconf 83' lang='grc' dir='ltr'><strong><em>όρῶσι</em></strong></span> <span class='ocrx_word' id='word_1_268' title='bbox 1322 4028 1422 4091; x_wconf 76' lang='grc' dir='ltr'><strong><em>τοὶ</em></strong></span> <span class='ocrx_word' id='word_1_269' title='bbox 1471 4023 1793 4092; x_wconf 77' lang='grc' dir='ltr'><strong><em>ε’νθοίδεῙ</em></strong></span> <span class='ocrx_word' id='word_1_270' title='bbox 1857 4027 2111 4091; x_wconf 87' lang='lat' dir='ltr'><strong>Adiecit</strong></span> <span class='ocrx_word' id='word_1_271' title='bbox 2157 4029 2225 4090; x_wconf 85' lang='lat' dir='ltr'><strong>ni</strong></span> <span class='ocrx_word' id='word_1_272' title='bbox 2272 4026 2461 4092; x_wconf 80' lang='lat' dir='ltr'><strong>fallor</strong></span> <span class='ocrx_word' id='word_1_273' title='bbox 2505 4026 2740 4112; x_wconf 79' lang='lat' dir='ltr'><strong>aliquis</strong></span> 
     </span>
     <span class='ocr_line' id='line_1_31' title="bbox 349 4132 2739 4220; baseline 0 -22"><span class='ocrx_word' id='word_1_274' title='bbox 349 4135 455 4198; x_wconf 89' lang='lat' dir='ltr'><strong>cui</strong></span> <span class='ocrx_word' id='word_1_275' title='bbox 525 4133 734 4213; x_wconf 76' lang='grc' dir='ltr'><strong><em>ἰχθύες</em></strong></span> <span class='ocrx_word' id='word_1_276' title='bbox 806 4135 1206 4198; x_wconf 89' lang='lat' dir='ltr'><strong>nominativo</strong></span> <span class='ocrx_word' id='word_1_277' title='bbox 1269 4155 1418 4199; x_wconf 87' lang='lat' dir='ltr'><strong>casu</strong></span> <span class='ocrx_word' id='word_1_278' title='bbox 1479 4136 1570 4199; x_wconf 89' lang='lat' dir='ltr'><strong>sic</strong></span> <span class='ocrx_word' id='word_1_279' title='bbox 1629 4136 1915 4220; x_wconf 88' lang='lat' dir='ltr'><strong>positum</strong></span> <span class='ocrx_word' id='word_1_280' title='bbox 1980 4132 2390 4218; x_wconf 85' lang='lat' dir='ltr'><strong>displicebat,</strong></span> <span class='ocrx_word' id='word_1_281' title='bbox 2456 4134 2567 4199; x_wconf 91' lang='lat' dir='ltr'><strong>sed</strong></span> <span class='ocrx_word' id='word_1_282' title='bbox 2626 4155 2739 4199; x_wconf 90' lang='lat' dir='ltr'><strong>nos</strong></span> 
     </span>
     <span class='ocr_line' id='line_1_32' title="bbox 349 4239 2741 4326; baseline 0.002 -22"><span class='ocrx_word' id='word_1_283' title='bbox 349 4243 503 4304; x_wconf 88' lang='lat' dir='ltr'><strong>satis</strong></span> <span class='ocrx_word' id='word_1_284' title='bbox 542 4243 845 4306; x_wconf 90' lang='lat' dir='ltr'><strong>novimus</strong></span> <span class='ocrx_word' id='word_1_285' title='bbox 885 4243 976 4305; x_wconf 88' lang='lat' dir='ltr'><strong>sic</strong></span> <span class='ocrx_word' id='word_1_286' title='bbox 1015 4239 1294 4306; x_wconf 82' lang='lat' dir='ltr'><strong>Graecos</strong></span> <span class='ocrx_word' id='word_1_287' title='bbox 1333 4240 1518 4326; x_wconf 83' lang='lat' dir='ltr'><strong>loqui</strong></span> <span class='ocrx_word' id='word_1_288' title='bbox 1549 4240 1775 4306; x_wconf 86' lang='lat' dir='ltr'><strong>solere.</strong></span> <span class='ocrx_word' id='word_1_289' title='bbox 1819 4241 1943 4305; x_wconf 88' lang='lat' dir='ltr'><strong>His</strong></span> <span class='ocrx_word' id='word_1_290' title='bbox 1982 4246 2202 4306; x_wconf 87' lang='lat' dir='ltr'><strong>autem</strong></span> <span class='ocrx_word' id='word_1_291' title='bbox 2241 4244 2506 4307; x_wconf 89' lang='lat' dir='ltr'><strong>remotis</strong></span> <span class='ocrx_word' id='word_1_292' title='bbox 2542 4241 2741 4309; x_wconf 86' lang='lat' dir='ltr'><strong>simul</strong></span> 
     </span>
     <span class='ocr_line' id='line_1_33' title="bbox 347 4346 2740 4434; baseline 0.001 -22"><span class='ocrx_word' id='word_1_293' title='bbox 347 4349 830 4432; x_wconf 25' lang='lat' dir='ltr'><strong>apparet-prius</strong></span> <span class='ocrx_word' id='word_1_294' title='bbox 870 4347 1139 4412; x_wconf 84' lang='grc' dir='ltr'><strong><em>κατιδεῖν</em></strong></span> <span class='ocrx_word' id='word_1_295' title='bbox 1181 4347 1409 4413; x_wconf 89' lang='lat' dir='ltr'><strong>itidem</strong></span> <span class='ocrx_word' id='word_1_296' title='bbox 1448 4346 1790 4413; x_wconf 91' lang='lat' dir='ltr'><strong>delendum</strong></span> <span class='ocrx_word' id='word_1_297' title='bbox 1834 4369 1970 4413; x_wconf 91' lang='lat' dir='ltr'><strong>esse</strong></span> <span class='ocrx_word' id='word_1_298' title='bbox 2009 4368 2213 4432; x_wconf 90' lang='lat' dir='ltr'><strong>neque</strong></span> <span class='ocrx_word' id='word_1_299' title='bbox 2244 4369 2395 4412; x_wconf 92' lang='lat' dir='ltr'><strong>cum</strong></span> <span class='ocrx_word' id='word_1_300' title='bbox 2418 4348 2740 4434; x_wconf 83' lang='lat' dir='ltr'><strong>Stephano</strong></span> 
     </span>
     <span class='ocr_line' id='line_1_34' title="bbox 346 4450 2740 4540; baseline 0.002 -25"><span class='ocrx_word' id='word_1_301' title='bbox 346 4450 423 4516; x_wconf 79' lang='grc' dir='ltr'><strong><em>άν</em></strong></span> <span class='ocrx_word' id='word_1_302' title='bbox 485 4452 871 4538; x_wconf 85' lang='lat' dir='ltr'><strong>particulam</strong></span> <span class='ocrx_word' id='word_1_303' title='bbox 936 4454 1336 4520; x_wconf 84' lang='lat' dir='ltr'><strong>inserendam</strong></span> <span class='ocrx_word' id='word_1_304' title='bbox 1384 4475 1540 4519; x_wconf 90' lang='lat' dir='ltr'><strong>esse.</strong></span> <span class='ocrx_word' id='word_1_305' title='bbox 1587 4453 1926 4540; x_wconf 82' lang='lat' dir='ltr'><strong>Inelegans</strong></span> <span class='ocrx_word' id='word_1_306' title='bbox 1975 4453 2348 4519; x_wconf 81' lang='lat' dir='ltr'><strong>eorumdem</strong></span> <span class='ocrx_word' id='word_1_307' title='bbox 2400 4457 2740 4520; x_wconf 88' lang='lat' dir='ltr'><strong>verborum</strong></span> 
     </span>
     <span class='ocr_line' id='line_1_35' title="bbox 342 4558 2195 4646; baseline 0.001 -23"><span class='ocrx_word' id='word_1_308' title='bbox 342 4561 412 4623; x_wconf 88' lang='lat' dir='ltr'><strong>in</strong></span> <span class='ocrx_word' id='word_1_309' title='bbox 459 4558 952 4644; x_wconf 79' lang='lat' dir='ltr'><strong>interpolatione</strong></span> <span class='ocrx_word' id='word_1_310' title='bbox 1002 4563 1296 4646; x_wconf 84' lang='lat' dir='ltr'><strong>repetitio</strong></span> <span class='ocrx_word' id='word_1_311' title='bbox 1344 4563 1668 4626; x_wconf 90' lang='lat' dir='ltr'><strong>neminem</strong></span> <span class='ocrx_word' id='word_1_312' title='bbox 1719 4565 1930 4646; x_wconf 82' lang='lat' dir='ltr'><strong>potest</strong></span> <span class='ocrx_word' id='word_1_313' title='bbox 1974 4560 2195 4625; x_wconf 89' lang='lat' dir='ltr'><strong>latere.</strong></span> 
     </span>
    </p>

    <p class='ocr_par' dir='ltr' id='par_1_9' title="bbox 2398 4681 2457 4732">
     <span class='ocr_line' id='line_1_36' title="bbox 2398 4681 2457 4732; baseline 0.051 -3"><span class='ocrx_word' id='word_1_314' title='bbox 2398 4681 2457 4732; x_wconf 85' lang='lat'><strong>11</strong></span> 
     </span>
    </p>
   </div>
  </div>
 </body>
</html>
