3392 5384
642 394 775 459 212
1683 368 2000 460 nomos}

641 572 868 639 chrum
916 573 1153 639 donum
1206 577 1413 660 magis
1464 552 1710 659 placeat
1759 582 1903 661 post
1955 581 2178 660 turpe,
2227 576 2292 638 in
2341 573 2437 655 (2)
2483 574 2604 638 hoc
2649 572 2822 637 idem
2871 571 3035 636 latet

641 680 900 765 quidem
964 682 1035 744 in
1095 681 1304 765 prima
1367 683 1719 758 sententia,
1787 680 1896 746 sed
1957 678 2085 746 alia
2131 700 2321 745 causa
2367 679 2627 744 additur
2673 699 2787 764 per
2829 677 3031 753 simul,

642 805 873 871 nempe
935 784 1031 849 ut'
1075 805 1296 850 verum
1361 806 1602 851 munus
1647 786 1911 871 obtegat
1959 806 2228 871 sequens
2275 783 2532 849 falsum.
2674 784 2816 849 Hoc
2863 782 3035 847 addi-

642 897 1002 957 tamentum
1068 894 1264 956 nimis
1323 892 1682 977 speciosum
1747 892 1959 978 prodit
2003 897 2364 971 auctorem,
2415 891 2570 977 quid
2614 893 2784 957 enim
2833 891 3036 974 suspi-

642 1001 893 1064 cionem
962 1000 1271 1063 suscitare
1333 1000 1551 1083 potuit
1611 1001 1737 1063 nisi
1799 998 2080 1064 eunuchi
2123 1000 2429 1063 iuventus
2473 1002 2538 1063 et
2585 995 3031 1083 pulchritud0,

642 1110 711 1169 at
757 1104 912 1169 haec
956 1106 1304 1189 praemissa
1354 1108 1638 1189 turpiore
1687 1105 2092 1190 Aethiopissa
2141 1107 2352 1190 magis
2399 1106 2675 1181 enitent,
2716 1107 2795 1167 ut
2831 1107 2928 1168 eet
2964 1104 3034 1165 in

641 1217 915 1296 utroque
952 1209 1228 1291 scholio,
1269 1216 1461 1296 atque
1501 1211 1620 1276 hae
1659 1210 2004 1297 qualitates
2045 1232 2192 1277 mox
2227 1213 2518 1277 omnium
2543 1210 3032 1276 admirationem

640 1316 884 1383 nullius
925 1317 1393 1382 dubitationem
1432 1323 1800 1403 provocant.
1917 1317 2143 1383 Editor
2181 1324 2399 1383 autem
2448 1321 2590 1402 post
2627 1337 2820 1381 suum
2860 1315 3034 1381 scho-

640 1424 808 1489 lium
870 1422 950 1489 ad
1020 1420 1103 1488 17
1165 1426 1362 1489 etiam
1427 1424 1509 1490 ad
1575 1423 1657 1489 18
1723 1424 2086 1490 Donateum
2148 1426 2304 1490 satis
2368 1424 2696 1489 diversum
2756 1424 3036 1508 recipere

640 1532 884 1616 potuit,
933 1549 1081 1593 nam
1131 1527 1407 1595 alterum
1451 1530 1720 1595 alterius
1765 1551 2168 1617 nequaquam
2216 1536 2314 1596 est
2358 1532 2658 1616 repetitio
2692 1528 2758 1609 ¹).
2845 1525 2855 1543 '

731 1635 891 1701 Ibid.
944 1635 1029 1700 18
1105 1634 1347 1702 Thraso
1408 1639 1804 1723 conspiciens
1869 1618 2134 1722 turpem.
2172 1636 2455 1723 puellam
2505 1635 2855 1701 exclamat:
2906 1633 3036 1701 Hic

640 1748 790 1808 sunt
835 1747 965 1807 tres
1011 1740 1259 1808 minaei

730 1847 824 1929 (4)
888 1846 1131 1915 Callide
1193 1869 1430 1914 munus
1494 1850 1570 1915 ad
1634 1852 1918 1935 pretium
1981 1851 2347 1929 revocavit,
2411 1854 2485 1913 ιιι
2549 1848 2627 1914 ad
2687 1848 3034 1913 avaritiam

636 1959 1035 2021 converteret
1083 1957 1519 2035 meretricem,
1569 1977 1648 2021 ne
1694 1956 1899 2021 officio
1947 1955 2240 2022 donantis
2288 1961 2351 2021 et
2397 1957 2606 2041 gratia
2652 1953 2984 2019 leniretur.

733 2061 880 2126 Huc
920 2082 1121 2145 usque
1159 2060 1341 2139 Don.,
1383 2065 1788 2148 persequitur
1824 2061 2084 2127 Editor:
2126 2066 2193 2127 et
2231 2061 2373 2127 ideo
2413 2082 2538 2125 non
2579 2060 2743 2126 dixit
2785 2061 3037 2138 „tribus

645 2170 838 2232 minis
901 2166 1139 2245 valet''‚
1202 2169 1312 2233 sed
1379 2169 1525 2247 „hic
1589 2168 1785 2248 habe,
1851 2168 2077 2247 Thais,
2143 2175 2272 2234 tres
2336 2168 2608 2245 minas'',
2673 2170 2856 2253 quasi
2898 2169 3036 2232 iam

647 2274 975 2341 vendenda
1022 2276 1127 2340 sit.

734 2381 895 2447 Ibid.
945 2380 1031 2446 22
1112 2381 1235 2447 Pa.
1302 2381 1466 2461 Quid
1534 2387 1607 2447 tu
1668 2384 1799 2461 ais,
1865 2378 2166 2448 Gnatho?
2229 2380 2564 2465 Numquid
2622 2379 2816 2445 habes
2861 2378 3032 2465 quod

644 2485 1055 2555 contemnas?
1220 2482 1225 2487 ’
1467 2523 1474 2529 ·
2361 2500 2367 2503 ·

732 2595 828 2676 (2)
889 2594 1048 2659 Plus
1109 2599 1205 2659 est
1255 2593 1708 2673 „contemnas”
1758 2616 1953 2680 quam
2002 2594 2439 2679 „vituperes”.
2565 2591 2665 2656 IP
2715 2591 2820 2657 vel
2867 2589 3035 2656 alius

645 2704 974 2788 magister.
999 2735 1015 2750 ι

731 2806 889 2872 Ibid.
942 2806 1023 2870 31
1094 2806 1404 2872 Parmeno
1451 2828 1633 2871 erum
1682 2828 1875 2871 suum
1923 2808 2245 2872 meretrici
2291 2808 2382 2870 sic
2429 2804 2872 2870 commendat:

914 2912 1043 2977 Ubi
1090 2912 1436 2979 molestum
1483 2935 1609 2979 non
1656 2916 1814 2991 erit,
1858 2914 1973 2978 ubi
2021 2921 2092 2978 tu
2143 2912 2317 2978 voles

914 3018 1043 3083 Ubi
1090 3030 1348 3105 tempus
1398 3019 1516 3083 tibi
1563 3021 1722 3096 erit,
1774 3026 1873 3084 sat
1920 3017 2114 3084 habet
2159 3021 2216 3082 si
2262 3022 2404 3083 tum
2452 3020 2760 3104 recipitur

732 3125 827 3206 (3)
888 3125 975 3190 Et
1036 3129 1199 3204 mire
1263 3131 1531 3211 occupat
1584 3127 1879 3190 animum
1943 3126 2330 3202 meretricie,
2397 3145 2548 3188 cum
2607 3122 2790 3189 illam
2837 3124 3034 3190 huius

639 3232 932 3319 impulsu
993 3233 1240 3298 inducit
1302 3234 1536 3311 facere,
1600 3232 1906 3318 quicquid
1969 3232 2124 3297 dure
2181 3231 2329 3296 fecit
2390 3229 2782 3297 excludendo
2831 3230 3035 3295 Phae-

640 3342 866 3408 driam.
935 3341 1059 3407 Hic
1105 3344 1329 3428 igitur,
1379 3344 1491 3428 qui
1538 3344 1659 3406 scit
1704 3347 2042 3428 praecepta
2091 3339 2166 3406 de
2213 3340 2534 3406 beneficiis
2581 3340 3032 3418 aestimandis,

638 3449 967 3536 intellegit
1026 3450 1297 3514 oratorie
1356 3450 1422 3513 in
1472 3454 1814 3533 utramque
1860 3452 2110 3533 partem
2157 3446 2326 3511 dicta
2375 3449 2610 3513 omnia.
2754 3446 2852 3511 Ad
2912 3445 3032 3511 32:

642 3555 765 3619 His
815 3554 1003 3619 dictis
1052 3560 1118 3619 et
1161 3554 1437 3619 militem
1486 3553 1771 3640 reppulit
1819 3555 1897 3619 ab
1942 3555 2157 3619 animo
2206 3555 2560 3617 meretricis
2607 3558 2671 3617 et
2716 3573 3034 3617 commen-

639 3662 819 3726 davit
887 3660 1358 3726 adulescentem
1431 3667 1496 3725 et
1558 3661 1859 3745 perfecit,
1926 3681 2004 3725 ne
2064 3662 2303 3725 iniuria
2367 3659 2681 3737 videatur,
2746 3665 2821 3725 ut
2868 3680 3028 3745 quae

637 3772 862 3853 sponte
908 3769 1258 3851 susceperit
1305 3766 1710 3832 Phaedriam.
2556 3829 2562 3835 .

728 3873 1039 3939 Eiusdem
1102 3876 1454 3940 sententiae
1525 3875 2083 3958 interpretationes
2145 3873 2432 3938 diversae
2495 3874 2689 3937 unius
2751 3874 3027 3938 auctoris

638 3983 748 4047 vix
796 4001 932 4046 esse
980 3986 1265 4066 possunt.
1330 3978 1517 4044 Illam
1584 3978 1830 4045 Donato
1878 3979 2198 4057 dederim,
2250 3982 2400 4064 quia
2446 3982 2514 4043 in
2564 3979 2765 4045 altera
2814 3982 3028 4043 minus

636 4090 885 4151 iustum
934 4092 1066 4164 est,
1115 4081 1497 4151 Phaedriam
1547 4088 1674 4150 iam
1727 4091 2098 4170 susceptum
2145 4106 2301 4150 esee.
3008 4146 3013 4151 .

728 4194 826 4274 (4)
873 4192 1111 4258 Utrum
1163 4192 1369 4270 „tibi”
1420 4192 1770 4258 molestum
1819 4189 2128 4257 analiis?
2168 4192 2278 4257 sed
2318 4191 2497 4270 aliis,
2541 4194 2694 4276 quia
2728 4190 3030 4257 illaturus

641 4306 736 4365 est
789 4301 943 4378 „ubi
993 4306 1115 4377 <tu
1164 4300 1375 4378 voles,
1424 4300 1586 4373 ubi>
1644 4305 1902 4384 tempus
1953 4299 2072 4364 tibi
2121 4298 2312 4365 erit'’.
2453 4299 2847 4364 Absurdum.

708 4530 760 4594 1)
798 4530 1083 4595 Excerptum
1119 4530 1243 4579 alius
1276 4530 1494 4594 magistri
1531 4531 1591 4579 18
1612 4531 1680 4593 (2)
1716 4545 1772 4578 ex
1809 4530 1957 4591 1805)
1992 4544 2136 4594 snpra
2169 4528 2416 4593 designavi
2452 4544 2500 4593 p.
2538 4528 2620 4577 22.
