3392 5384
672 410 799 478 176
1647 425 2026 476 PnA‘roch.

664 594 828 660 οὐδὲν
875 598 1149 673 πρᾶγμα
1166 641 1183 670 ,
1234 589 1275 656 ὦ
1327 591 1689 672 Σώκρατες,
1739 592 1860 670 ἐγὼ
1906 591 2035 671 γὰρ
2083 587 2365 666 Ξοὶσομοιι.
2417 589 2542 655 Hic
2591 594 2760 655 certe
2807 588 3060 654 librarii

663 699 829 765 nihil
889 699 1360 787 adscripserunt
1380 747 1397 777 ,
1461 718 1854 784 quamquam
1923 696 2242 784 praeclara
2305 703 2473 763 esset
2519 698 2762 762 occasio
2806 697 3061 782 ingenii

666 805 1042 872 ostentandi.

759 1025 921 1093 Ibid.
977 1024 1209 1092 183sz
1263 1024 1574 1090 Μέλισσον
1623 1025 1739 1103 μὲν
1786 1024 1888 1089 καὶ
1942 1024 2080 1096 τοὺς
2131 1022 2366 1095 ἄλλους
2417 1013 2470 1088 οἳ
2517 1012 2576 1085 ἓν
2627 1022 2758 1094 ε’ςὸς
2808 1021 3066 1099 λέγουσι

669 1135 739 1199 τὸ
778 1137 928 1211 πᾶν,
969 1132 1582 1217 αἰσχυνόμενος
1625 1127 1802 1208 ἦττον
1843 1131 2227 1236 αἰσχύνομοιι
2269 1129 2302 1205 ἢ
2346 1127 2451 1194 ’ἕνα
2479 1126 2624 1193 ὄντα
2653 1126 3064 1208 Παρμενίδην.

669 1238 1072 1325 Interpolabo
1094 1259 1107 1304 :
1180 1243 1256 1319 (οι-
1274 1239 1316 1303 ά
1335 1263 1364 1301 ν
1382 1245 1443 1318 υ)
1495 1236 1958 1318 αἰσχυνόμενος.

759 1412 918 1508 Ibid.
969 1441 1097 1508 185
1116 1440 1201 1509 G:
1250 1438 1293 1508 ἃ
1343 1443 1514 1518 νυνδὴ
1566 1445 1601 1519 ἦ
1615 1466 1644 1522 ρ
1662 1469 1704 1508 ω
1725 1467 1764 1506 τ
1783 1449 1825 1506 ὦ
1841 1467 1890 1520 μ
1911 1467 1938 1506 ε
1957 1466 2006 1508 ν.
2057 1439 2413 1509 Gontextus
2459 1439 2832 1526 planissime
2881 1438 3070 1504 docet

668 1571 827 1637 opus
874 1570 1009 1615 esse
1054 1549 1370 1636 singulari
1418 1570 1687 1615 numero
1737 1550 1769 1624 ἦ
1792 1550 1880 1630 pel>
1902 1573 1938 1613 τ
1955 1574 1996 1613 ω
2017 1574 2046 1613 ν
2066 1596 2085 1628 ,
2136 1548 2216 1614 cf.
2271 1546 2399 1613 198
2419 1547 2516 1614 F.-

759 1770 919 1838 Ibid.
977 1770 1101 1837 185
1119 1770 1194 1836 E.
1260 1770 1387 1836 Hie
1431 1771 1721 1857 primum
1770 1769 2121 1836 de‘scribam
2168 1792 2240 1837 ea
2286 1789 2446 1856 quae
2491 1769 2933 1834 Hartmannus
2981 1764 3059 1826 de

674 1878 951 1942 Emblem.
1016 1879 1350 1944 adnotavit
1410 1877 1488 1942 ad
1552 1900 1613 1963 p.
1680 1875 1802 1944 87:
1872 1877 2204 1964 „Rogatus
2267 1898 2304 1942 a
2363 1876 2621 1943 Socrate
2683 1872 3058 1940 Theodorus

670 2003 935 2069 ecquem
1001 1986 1133 2050 iam
1205 2005 1478 2072 magnae
1543 1986 1679 2069 spei
1748 1983 2221 2050 adulescentem
2285 1982 2557 2048 Athenis
2622 1981 2891 2058 viderit,
2966 1977 3060 2040 sic

672 2111 928 2156 narrare
992 2093 1255 2177 incipit:
1326 2093 1428 2154 καὶ
1493 2092 1637 2170 μὴν,
1701 2087 1743 2156 ὦ
1811 2087 2170 2171 Σώκρατες,
2203 2090 2374 2178 ’.ἐμοί
2438 2113 2506 2154 τε
2569 2089 2763 2153 εἰπεῖν
2812 2084 2915 2150 καὶ
2966 2081 3058 2148 σοὶ

673 2198 932 2261 ἀκοῦσαι
997 2199 1161 2261 πάνυ
1223 2195 1412 2276 ἄξιον,
1478 2195 1571 2277 οἵῳ
1632 2196 1773 2272 ὑμῖν
1824 2204 1937 2261 τῶν
1989 2189 2254 2262 οιολιτῶν
2299 2198 2591 2278 μειρκιιίῳ
2642 2193 3061 2271 ἐντετύχηκα.

673 2303 777 2367 καὶ
842 2304 893 2368 εἷ
953 2304 1066 2381 μὲν
1129 2299 1195 2377 ἦν
1260 2303 1483 2382 καλός,
1552 2303 1910 2381 ἐφοβούμην
1970 2302 2048 2367 ἂν
2112 2303 2351 2382 σφόδρα
2401 2303 2633 2380 λέγειν,
2682 2300 2769 2375 μη
2821 2297 2928 2364 καί
2972 2320 3058 2374 τῳ

672 2405 831 2486 δόξων
873 2409 933 2474 ἐν
981 2410 1275 2494 ἐπιθυμίᾳ
1325 2413 1514 2476 αὐτοῦ
1564 2405 1746 2474 εἶναι·
1791 2414 1890 2474 νῦν
1931 2409 2031 2488 δέ,
2072 2409 2176 2473 καὶ
2219 2409 2306 2485 μή
2350 2432 2450 2485 μοι
2486 2406 2709 2489 ἄχθου,
2751 2405 3059 2482 προσέοικε

674 2515 762 2579 σοὶ
821 2517 930 2591 τήν
992 2542 1062 2581 τε
1127 2518 1435 2593 σιμότητα
1506 2515 1609 2580 καὶ
1674 2516 1743 2580 τὸ
1808 2515 1919 2594 ἔξω
1979 2522 2093 2580 τῶν
2141 2515 2462 2593 ὀμμάτων.
2525 2513 2859 2579 Urbanene
2905 2530 3056 2575 cum

672 2620 931 2687 Socrate
992 2645 1364 2689 censeamus
1427 2622 1718 2688 locutum
1765 2624 2084 2700 amicum,
2132 2644 2325 2708 quem
2370 2623 2593 2708 magni
2639 2620 2862 2684 fecerit
2908 2613 3059 2691 ille,

674 2749 753 2793 an
812 2731 1168 2796 scurriliter
1210 2729 1614 2816 rusticeque?
1670 2730 1743 2796 Si
1789 2730 2070 2796 urbanus
2117 2732 2255 2796 eius
2303 2730 2429 2794 fuit
2472 2750 2682 2794 sermo
2728 2728 2918 2805 haec,
2964 2727 3061 2789 ita

673 2842 749 2899 ut
794 2857 907 2901 nos
954 2839 1331 2914 citavimus,
1380 2844 1477 2902 est
1522 2835 1814 2914 locutus,
1865 2857 2067 2922 neque
2114 2843 2439 2922 praeterea
2487 2834 2731 2900 addidit
2770 2833 3061 2899 verbum.
3172 2914 3180 2920 ⁸

676 2941 746 3006 Si
808 2964 957 3010 vero
1018 2945 1531 3029 impudens'fuit
1578 2944 1838 3021 derisor,
1889 2943 2096 3021 hisce,
2148 2965 2308 3028 quae
2354 2945 2422 3007 in
2468 2942 2791 3007 codicibus
2835 2938 3066 3025 legun-

673 3053 803 3128 tur,
865 3049 1146 3116 ludibrio
1210 3051 1439 3116 habuit
1492 3049 1854 3119 Socratem:
1917 3055 2018 3115 νῦν
2065 3051 2164 3130 δὲ,
2215 3053 2318 3114 καὶ
2368 3050 2455 3126 μή
2505 3073 2606 3127 μοι
2655 3045 2876 3128 ἄχθου,
2925 3045 3063 3110 οὐκ

676 3152 793 3224 ἔςι
860 3157 1133 3234 καλός,
1198 3156 1505 3237 προσέοικε
1568 3157 1643 3221 δὲ
1708 3157 1796 3221 σοὶ
1847 3157 1974 3221 xrs.
2027 3156 2363 3222 Eiusmodi
2413 3161 2633 3221 autem
2682 3155 2910 3242 fuisset
2953 3150 3067 3216 ho-

676 3265 871 3328 minis
932 3284 1010 3328 ne
1069 3262 1270 3329 lenire
1332 3263 1592 3348 quidem
1636 3263 2108 3349 impudentiam
2157 3283 2343 3328 suam
2387 3260 2662 3328 formula
2708 3257 2917 3346 qualis
2966 3261 3066 3322 est

674 3369 790 3435 illa
837 3373 937 3434 καὶ
988 3372 1075 3444 μή
1126 3394 1228 3447 μοι
1277 3367 1541 3450 ἄχθου”.
1593 3370 1770 3453 Haec
1818 3372 1876 3435 si
1922 3372 2155 3436 merito
2201 3371 2608 3454 probaveriS,
2657 3388 2780 3433 non
2831 3383 3061 3450 anceps

675 3465 961 3542 haerebis
1025 3476 1102 3541 de
1164 3498 1226 3561 p.
1281 3475 1515 3542 185E:
1577 3479 1766 3549 καλὸς
1816 3477 1943 3555 γὰρ
1995 3472 2085 3554 εἷ,
2134 3472 2175 3540 ὦ
2227 3476 2570 3554 Θεαίτητε,
2622 3473 2724 3538 καὶ
2774 3473 2934 3552 οὐχ,
2981 3472 3059 3541 ὦς

675 3582 857 3658 ἔλεγε
930 3582 1265 3662 Θεόδωρος,
1339 3582 1687 3662 αἰσχρός
1760 3590 1825 3647 et
1894 3582 2206 3647 ultimum
2270 3581 2658 3648 vocabulum
2727 3602 2802 3646 ex
2875 3582 3061 3642 textu

676 3688 1057 3754 eliminabis.
1120 3688 1453 3754 Praeterea
1500 3690 1920 3775 subiungitur
1965 3688 2300 3775 stupidum
2347 3687 2685 3765 emblema,
2735 3685 2901 3772 quod
2950 3687 3064 3750 vix

678 3796 841 3861 feras
908 3795 1076 3881 apud
1136 3794 1525 3861 mediocrem
1596 3799 2005 3881 scriptorem,
2071 3797 2310 3862 nedum
2374 3795 2544 3882 apud
2607 3794 2980 3862 Platonem:
3032 3790 3059 3854 ὅ

681 3904 835 3980 γὰρ
881 3909 1145 3973 καλῶς
1196 3903 1455 3979 λέγων
1502 3903 1750 3974 καλός
1792 3927 1875 3967 τε
1920 3903 2312 3980 κάγαθός.
2365 3901 2664 3967 Senarius
2700 3907 2796 3966 est
2835 3904 3069 3987 potest-

680 4030 800 4094 que
862 4008 1017 4074 adeo
1076 4029 1111 4074 e
1157 4013 1345 4094 poeta
1392 4007 1729 4073 desumtus
1775 4008 2015 4092 videri,
2067 4008 2176 4074 sed
2225 4011 2437 4095 magis
2481 4013 2707 4096 putem
2755 4004 3068 4074 vocabula

676 4115 839 4180 forte
886 4115 1141 4180 fortuna
1185 4116 1252 4179 in
1300 4136 1523 4180 versus
1572 4117 1852 4200 speciem
1901 4118 2398 4181 concucurrisse.

763 4329 925 4394 Ibid.
977 4351 1039 4414 p.
1090 4327 1217 4394 201
1240 4327 1311 4395 Β.
1378 4302 1544 4393 Sunt
1599 4326 1789 4413 plane
1833 4328 1968 4392 sine
2015 4347 2204 4392 sensu
2256 4347 2417 4411 quae
2470 4324 2760 4391 Socrates
2807 4324 2882 4390 de
2932 4345 3066 4390 ora-

680 4436 923 4501 toribus
971 4438 1365 4521 interrogat:
1416 4434 1449 4510 ἢ
1501 4435 1574 4500 σὺ
1626 4436 1730 4499 οἴει
1773 4434 1988 4505 δεινούς
2033 4458 2202 4506 τινας
2243 4431 2394 4498 οὕτω
2437 4431 2841 4503 διδασκάλους
2886 4427 3063 4508 εἶναι,

678 4537 793 4608 ὥςε
840 4536 952 4612 οἷς
1004 4543 1091 4619 μὴ
1144 4541 1551 4618 παρεγένοντό
1597 4565 1752 4611 τινες
1807 4540 2303 4618 ἀπεςερουμένοις
2355 4542 2662 4621 χρήματα
2713 4539 2744 4614 ἤ
2794 4563 2852 4602 τι
2903 4527 3064 4601 ἄλλο
