3392 5384
1463 358 1774 475 miurus.
2538 460 2545 467 .
2683 406 2814 473 295

425 596 729 682 loquatur
789 597 1090 680 optetque
1150 595 1302 659 hoc:
1367 593 1502 671 Tu,
1564 594 1907 670 Phormio,
1956 589 2194 671 talem,
2243 598 2380 657 tam
2426 593 2702 672 bonum,
2750 598 2815 660 te

425 702 683 780 videas,
734 700 989 786 qualem
1025 700 1218 767 illum
1258 721 1392 767 esse
1431 721 1669 765 narras.
1718 698 2084 765 Sloman:
2130 696 2489 785 „Compare
2527 699 2826 787 yourself

427 808 550 875 and
612 809 751 872 him
815 807 1157 894 according
1219 814 1285 872 to
1347 828 1514 893 your
1574 806 1907 882 account”,
1969 808 2013 870 i.
2056 826 2111 870 e.
2180 806 2399 883 „what
2444 827 2481 871 a
2530 810 2813 871 contrast

421 916 708 981 between
771 915 929 979 such
990 934 1070 979 an
1129 912 1443 979 excellent
1502 920 1670 978 man‘
1720 933 1786 977 as
1849 934 1983 999 you
2032 912 2313 979 describe
2359 912 2481 978 and
2529 933 2566 977 a
2611 912 2814 979 rascal

422 1019 555 1086 like
616 1020 966 1108 yourself.''
1030 1018 1165 1085 'Phe
1227 1022 1530 1107 meaning
1576 1024 1755 1083 must
1803 1019 1880 1083 be
1928 1017 2557 1107 uncomplimentary
2603 1024 2670 1086 to
2717 1040 2814 1085 ac-

423 1136 617 1193 count
678 1128 778 1192 for
839 1126 1202 1193 Phormio's
1248 1126 1562 1214 rejoinder
1607 1129 1676 1207 (i.
1706 1146 1759 1191 e.
1810 1126 1945 1191 seni
1991 1124 2093 1190 illi
2140 1125 2420 1207 ficticio).
2470 1125 2661 1192 Some
2709 1136 2827 1191 ex-'
2930 1145 2933 1147 ’

422 1233 596 1319 plain
664 1234 852 1311 thus,
919 1233 1044 1311 „do
1109 1255 1270 1321 you
1333 1253 1436 1299 see
1501 1238 1565 1298 to
1627 1254 1794 1319 your
1840 1234 2069 1297 storics
2116 1232 2310 1297 about
2354 1232 2651 1319 yourself
2686 1232 2810 1297 and

419 1340 595 1418 him,
660 1342 715 1404 it
758 1342 816 1405 is
863 1340 1137 1425 nothing
1184 1345 1251 1404 to
1300 1338 1444 1417 us'',
1493 1360 1580 1415 or,
1637 1360 1782 1418 „see
1828 1338 2005 1404 what
2050 1337 2199 1403 liess
2245 1360 2378 1425 you
2424 1359 2531 1405 are
2576 1337 2811 1427 teHing

420 1447 612 1512 about
659 1445 956 1534 yourself
995 1445 1118 1511 and
1168 1445 1370 1509 him.''

511 1552 641 1618 Ubi
685 1556 881 1619 etiam
929 1551 1117 1617 hodie
1165 1554 1255 1617 sic
1304 1552 1646 1629 titubatur,
1696 1550 1853 1635 quid
1898 1552 2143 1616 mirum
2184 1553 2241 1617 si
2278 1549 2445 1618 nihil
2482 1552 2577 1618 ibi
2612 1553 2811 1620 bonae

418 1661 626 1745 frugis
669 1659 1103 1745 praebuerunt
1147 1661 1528 1745 interpretes
1575 1663 1844 1723 veteres.
1916 1656 2015 1722 Ex
2053 1658 2286 1723 horum
2326 1662 2809 1745 temptamentis

416 1768 485 1830 in
531 1766 626 1847 (5)
688 1764 872 1830 facile
919 1767 1328 1851 agnoscimus
1374 1766 1609 1830 miram
1658 1762 2031 1850 philosophi
2076 1766 2281 1829 nostri
2326 1766 2806 1845 inventionem,

416 1874 529 1955 qui
590 1871 666 1937 de
728 1878 976 1959 spectro
1035 1874 1300 1958 cogitat.
1370 1871 1613 1937 Auctor
1668 1868 1898 1935 scholii
1946 1870 2041 1952 (6)
2100 1871 2293 1936 verba
2342 1875 2552 1959 magis
2599 1874 2806 1940 sobrie

417 1978 761 2064 explicuit,
826 2000 1056 2064 nempe
1122 1976 1358 2045 Getam
1421 2000 1570 2044 cum
1635 1978 1758 2043 hoc
1807 1974 2059 2063 eloquio
2107 1999 2270 2073 non,
2320 1984 2397 2043 ut
2442 1982 2510 2044 in
2558 1979 2805 2066 reliquo

415 2107 741 2164 sermone,
805 2091 972 2152 stare
1018 2106 1055 2150 a
1100 2091 1280 2171 part-e
1327 2085 1785 2170 Demiphonis,
1836 2084 1947 2149 sed
1993 2082 2195 2164 clam,
2246 2086 2567 2153 submissa
2612 2108 2803 2167 voce,

414 2192 874 2258 Phormionem
935 2190 1351 2277 compellare,
1401 2196 1466 2256 et
1508 2192 1747 2255 ironice
1795 2194 2047 2276 optare:
2101 2196 2401 2270 „tantum
2448 2192 2567 2257 tu’'
2616 2200 2802 2274 cett.;

413 2304 480 2363 at
533 2319 687 2363 vero
734 2298 889 2384 quid
932 2298 1086 2362 haec
1133 2300 1272 2383 ipsa
1321 2297 1513 2363 verba
1562 2300 1863 2373 „tantum
1911 2295 2028 2361 tu'’
2078 2317 2206 2382 seq.
2263 2300 2517 2382 proprie
2562 2296 2803 2383 signifi-

411 2410 554 2469 cent
589 2426 718 2470 ssnon
756 2409 972 2490 aperte
1013 2401 1324 2483 declarat3
1369 2402 1627 2469 videtur
1663 2399 1881 2467 locum
1928 2399 2292 2488 intelligere
2339 2407 2417 2467 ut
2464 2403 2798 2483 Dziatzko,

412 2509 521 2575 sed
579 2512 836 2576 ironice.
910 2510 1221 2574 Omnium
1286 2511 1557 2574 minime
1621 2507 1953 2594 displicet,
2020 2508 2187 2594 quod
2246 2507 2493 2595 legitur
2552 2512 2618 2575 in
2682 2509 2797 2593 (7),
2885 2530 2897 2541 ·

413 2618 594 2681 cuius
642 2614 871 2681 scholii
918 2614 1304 2701 significatio
1350 2613 1582 2679 saltem
1631 2619 1849 2699 aperta
1896 2620 1993 2679 est
2037 2635 2152 2679 nec
2199 2614 2505 2694 absurda;
2556 2615 2801 2683 scilicet

411 2725 635 2808 arripit
685 2720 850 2788 Geta
893 2722 1302 2788 Phormionis
1350 2722 1546 2788 verba
1591 2720 1862 2787 ultima:
1907 2721 2036 2799 „At
2075 2742 2267 2807 quem
2307 2722 2560 2788 viruml
2604 2746 2797 2810 quem

411 2849 531 2916 ego
578 2829 940 2895 viderim
988 2832 1054 2894 in
1105 2832 1244 2895 vita
1290 2826 1736 2914 optimum!
1797 2834 1862 2893 et
1909 2826 2123 2893 odiose
2174 2831 2234 2893 ei
2278 2829 2543 2895 eandem
2590 2834 2796 2897 vitam

407 2938 475 3000 in
536 2934 742 3001 alieno
789 2957 944 3023 agro
991 2957 1437 3002 aerumnosam
1487 2938 1903 3023 imprecatur,
1950 2957 2143 3021 quam
2190 2935 2303 3003 ille
2351 2940 2519 3003 senis
2565 2941 2797 3024 optimi

406 3043 601 3107 fuisse
640 3045 946 3108 narravit.
987 3042 1157 3106 Tum
1197 3062 1349 3127 ergo
1389 3041 1662 3108 elocutio
1702 3045 1875 3107 iusto
1915 3042 2170 3108 brevior
2207 3044 2297 3108 sic
2323 3048 2421 3109 est
2445 3042 2791 3130 explenda:

409 3148 682 3227 „Videas
744 3155 806 3213 te
867 3150 960 3213 ita
1025 3150 1354 3214 viventem
1416 3154 1609 3233 atque
1673 3148 1865 3214 illum
1928 3148 2188 3228 vidisti,
2253 3155 2328 3214 ut
2390 3150 2577 3232 (falso
2626 3152 2795 3235 scil.)

404 3254 686 3325 narras.’'
737 3252 832 3318 De
878 3256 1001 3319 ita
1048 3255 1284 3319 omisso
1330 3258 1477 3319 ante
1527 3253 1805 3338 „atque”
1849 3253 1980 3319 vid.
2024 3254 2433 3321 Dziatzko
2473 3256 2553 3321 ad
2591 3258 2655 3325 h.
2683 3280 2746 3325 v.

493 3360 635 3427 Hoc
678 3362 887 3446 igitur
934 3359 1258 3425 Donatum
1305 3361 1627 3425 invenisse
1673 3365 1865 3445 put0,
1907 3380 1941 3424 e
1979 3361 2163 3425 cuins
2202 3360 2443 3427 scholio
2484 3366 2797 3450 magister

406 3465 504 3547 (1)
564 3467 912 3551 excerpsit:
978 3464 1153 3531 deest
1216 3459 1525 3543 „vidisti”
1546 3485 1563 3544 3
1627 3464 1795 3531 alius
1842 3465 1938 3546 (2)
1984 3466 2179 3531 verba
2228 3472 2348 3544 „ut
2392 3468 2654 3535 narras'’
2704 3473 2793 3537 sic

403 3574 863 3657 interpretatus
923 3576 1020 3638 est
1084 3574 1246 3650 „scit
1308 3573 1483 3657 enim
1543 3570 1738 3637 illum
1800 3594 1926 3638 non
1990 3564 2155 3639 vera'
2203 3572 2473 3641 dicere'’.
2538 3574 2793 3643 Tertius

407 3679 680 3764 denique
726 3699 841 3744 suo
891 3684 1096 3744 marte
1141 3680 1738 3765 interpretationem
1784 3678 2129 3745 infeliciter
2176 3684 2525 3767 temptavit
2568 3685 2635 3747 in
2672 3682 2792 3765 (4).

404 3785 573 3851 Tum
620 3788 691 3850 in
737 3783 832 3866 (5)
879 3784 1213 3851 Editorem
1259 3785 1468 3851 audiri
1517 3807 1711 3871 supra
1760 3785 2065 3851 vidimus.

493 3893 616 3959 Sed
666 3892 822 3978 quid
865 3892 1249 3958 censendum
1297 3899 1392 3959 est
1441 3892 1516 3958 de
1564 3897 1821 3959 auctore
1871 3892 2065 3958 schol.
2115 3889 2253 3973 (6)?
2301 3894 2517 3960 Possis
2563 3899 2791 3981 putare

400 4000 522 4065 hoc
559 3998 838 4065 alterum
877 4004 1273 4083 temptamen
1315 4020 1450 4064 esse
1491 3998 1809 4077 Editoris,
1838 4001 2055 4065 minus
2079 4001 2375 4085 ineptum
2402 4022 2596 4087 qnam
2620 4024 2793 4089 prae-

403 4105 626 4171 cedens
687 4104 816 4187 (5);
883 4111 951 4170 at
1005 4105 1122 4170 hoc
1179 4126 1292 4171 nec
1356 4127 1468 4191 per
1531 4127 1597 4171 se
1662 4104 2015 4171 verisimile
2080 4111 2175 4171 est
2230 4144 2315 4155 —
2362 4128 2512 4173 nam
2566 4109 2793 4195 procul

402 4211 594 4277 dubio
653 4213 807 4276 huic
868 4212 1119 4277 homini
1180 4214 1359 4297 prins
1422 4210 1592 4277 illud
1655 4211 1866 4278 multo
1928 4215 2141 4299 magis
2187 4211 2476 4298 placebat
2525 4218 2790 4301 eiusque

397 4320 659 4405 ingenio
720 4318 1168 4393 conveniebat,
1219 4354 1304 4365 —-
1353 4324 1418 4383 et
1479 4322 1578 4383 est
1645 4340 1761 4384 cur
1820 4318 1939 4383 hoc
1985 4321 2055 4383 in
2102 4328 2462 4385 commento
2508 4322 2639 4386 iam
2682 4322 2793 4395 ,ad-

399 4426 594 4490 fuisse
642 4422 931 4500 credam,
980 4443 1209 4507 nempe
1260 4424 1519 4508 propter
1565 4424 1886 4489 scholium
1934 4426 2201 4489 unicum
2251 4427 2326 4504 A,
2374 4426 2569 4513 huius
2614 4431 2787 4493 enim

398 4531 627 4598 scholii
687 4529 890 4596 forma
955 4535 1021 4595 et
1082 4535 1542 4617 argumentum
1608 4554 1678 4597 ea
1743 4536 1928 4611 sunt,
1980 4536 2054 4599 ut
2100 4531 2347 4599 Donato
2394 4518 2786 4602 reddendum
