3392 5384
1184 408 1269 463 nn
1312 413 1635 463 nummus
1680 414 1997 463 Pinlruoo.
2636 394 2769 463 373

381 602 505 669 qua
567 580 857 669 adigitur
914 579 1292 666 Euripidem
1340 584 1418 645 ut
1463 582 1529 644 in
1580 579 1998 646 describendo
2048 579 2223 645 caelo
2276 556 2551 660 stellato,
2601 581 2769 668 quod

379 693 558 754 tanta
617 687 771 753 colit
831 689 1221 777 reverentia,
1289 689 1486 752 etiam
1545 692 1749 772 atque
1811 688 2008 751 etiam
2056 686 2136 752 ad
2186 687 2439 754 easdem
2485 693 2769 753 recurrat

373 797 710 881 imagines.
762 791 1005 860 Cursus
1053 814 1303 879 semper
1349 798 1501 857 sunt
1548 799 1613 857 et
1661 793 1927 858 choreae
1976 793 2291 872 siderum,
2343 815 2504 880 quae
2544 797 2598 859 si
2638 817 2768 860 non

374 923 566 967 curru
606 902 949 980 vehuntur,
992 899 1260 965 saltant:
1305 900 1610 979 τέθριππα
1649 906 1800 965 sunt
1842 897 2103 979 ἅρματα
2147 901 2357 965 Ἤλιόυ
2382 900 2555 982 (Hel.
2584 901 2763 983 341),

374 1005 596 1079 ἵππους
647 1006 883 1071 ἐλαύνει
928 1006 1039 1071 Sol
1079 1005 1172 1087 (Io
1216 1004 1440 1085 1145),
1481 1004 1636 1070 alati
1677 1008 1816 1070 eius
1854 1011 1987 1071 tam
2028 1008 2177 1093 equi
2218 1006 2341 1087 (El.
2370 1006 2529 1088 464)
2571 1030 2765 1094 quam

374 1134 598 1179 currus
657 1112 791 1193 (Or.
849 1112 1039 1192 100);
1097 1111 1284 1177 Luna
1343 1113 1516 1198 bigis
1578 1112 1914 1177 invehitur
1975 1112 2071 1193 (Io
2124 1110 2348 1195 1164),
2412 1116 2572 1179 item
2621 1112 2764 1179 Nox

371 1219 604 1301 μακρὸν
644 1218 934 1295 ἵππευμα
977 1219 1170 1283 διώκει
1211 1219 1315 1298 (fr.
1353 1217 1544 1299 114);
1592 1218 1840 1283 Aurora
1878 1218 2227 1295 μονόπωλος
2254 1224 2350 1284 est
2373 1219 2505 1299 (Or.
2540 1219 2763 1301 1000),

371 1328 835 1415 sed-maritum
885 1327 1021 1390 eius
1067 1324 1335 1404 ἀστέρων
1381 1326 1702 1404 τέθριππος
1753 1324 2011 1404 χρύσεος
2061 1325 2206 1406 ὄχος
2253 1327 2322 1389 in
2358 1325 2607 1391 caelum
2649 1325 2766 1392 tol-

371 1433 451 1499 lit
514 1432 766 1513 (Troad.
819 1431 1000 1519 856).
1064 1469 1147 1480 —
1214 1430 1452 1498 Contra
1513 1428 1836 1510 βαδίζουσι
1886 1430 1996 1497 sol
2045 1438 2235 1518 atque
2282 1430 2467 1497 Luna
2516 1433 2763 1499 Phoen.

373 1538 524 1619 542,
573 1539 780 1605 Sirius
826 1539 1026 1604 αι’σσει
1069 1537 1212 1624 Iph.
1254 1539 1332 1602 A.
1377 1538 1437 1617 ’7,
1481 1537 1822 1617 δραμοῦσαι
1864 1537 2193 1604 Peleiades
2234 1544 2385 1604 sunt
2425 1539 2531 1603 Or.
2564 1539 2759 1605 1000.

370 1646 537 1724 Tum
582 1645 750 1711 Solis
788 1666 981 1731 equos
1021 1644 1225 1710 alatos
1266 1643 1366 1710 El.
1406 1642 1538 1709 464
1580 1647 1973 1710 comitantur
2014 1642 2249 1723 ἄστρων
2289 1646 2526 1724 αἰθέριοι
2568 1646 2759 1727 χόροι,

369 1760 432 1819 et
495 1750 752 1818 tandem
813 1755 881 1816 in
943 1752 1092 1817 Ione
1158 1749 1332 1819 1077
1396 1752 1616 1818 vivide
1678 1759 1866 1837 poet-a
1926 1751 2221 1839 depingit
2281 1750 2566 1831 caelum,
2633 1773 2761 1818 una

367 1881 514 1926 cum
579 1858 960 1925 mortalibus
1020 1858 1234 1925 Iacchi
1290 1860 1450 1925 festa
1512 1864 1824 1925 nocturna
1887 1857 2209 1925 celebrans
2262 1856 2405 1939 »ὅτε
2456 1859 2560 1924 καὶ
2614 1861 2757 1933 Διὸς

366 1964 713 2044 ἀστερωπὸς
765 1966 1166 2045 ἀνεχόρευσεν
1215 1965 1408 2045 αἰθήρ,
1456 1965 1697 2045 χορεύει
1748 1965 1809 2030 δὲ
1860 1964 2184 2031 Σελανα”.

456 2073 550 2138 De
597 2072 944 2159 fragmenti
990 2070 1122 2137 594
1169 2072 1446 2137 dictione
1496 2074 1610 2138 vix
1658 2092 1851 2158 agere
1899 2093 2160 2158 possum
2209 2073 2336 2137 nisi
2384 2071 2583 2138 simul
2624 2094 2759 2139 sen-

365 2182 638 2244 tentiam
684 2177 1339 2266 meteorologiamque
1370 2180 1426 2243 si
1465 2199 1591 2264 qua
1633 2183 1731 2243 est
1768 2178 2098 2264 Euripidis
2138 2180 2462 2265 attingens
2476 2199 2492 2257 ς
2535 2182 2757 2265 itaque
2841 2221 2849 2231 -

368 2285 444 2351 de
507 2284 821 2351 adiectivo
888 2286 1187 2364 ακοέμας,
1252 2285 1327 2351 de
1389 2306 1462 2350 eo
1526 2284 1694 2371 quod
1760 2290 1857 2350 est
1922 2284 2137 2349 ἀέναον
2186 2289 2421 2365 ῥεῦμα,
2476 2286 2551 2351 de
2599 2306 2755 2352 voce

365 2392 716 2463 ὧκύπλανος
785 2413 913 2457 non
966 2412 1178 2478 agam.
1243 2390 1431 2455 Nunc
1486 2390 1761 2456 sufficiat
1816 2412 2077 2456 monere
2134 2392 2327 2457 verba
2375 2391 2753 2461 ὧκυπλοὲνοις

362 2501 680 2578 πτερύγων
749 2502 956 2579 ῥιπαῖς
1036 2504 1252 2564 sumta
1320 2520 1455 2564 esse
1517 2497 1717 2564 simul
1779 2520 1857 2563 ex
1920 2498 2241 2585 Aeschylo
2303 2520 2375 2564 ac
2439 2482 2751 2577 Pindaro,

361 2627 520 2691 quos
563 2607 816 2691 saepius
853 2610 1132 2671 sectatus
1173 2612 1270 2671 est
1308 2604 1666 2690 Euripide&
1719 2603 2070 2672 Coniunxit
2110 2607 2282 2671 enim
2319 2604 2751 2693 Aeschylenm

359 2712 602 2792 (Prom.
670 2712 826 2793 126)
887 2713 1213 2793 ἐλαφραῖς·
1260 2713 1584 2794 πτερύγων
1645 2716 1854 2793 ῥιπαῖς
1919 2718 1985 2777 et
2047 2711 2463 2778 Pindaricum
2521 2713 2748 2799 (Pyth.

359 2819 421 2885 4.
452 2818 610 2905 346)
657 2818 991 2899 ὠκυπόρους
1040 2819 1331 2897 κυμάτων
1369 2823 1602 2901 ῥιπαῖς.
1643 2819 2002 2889 ὢκύπλανος
2044 2824 2263 2885 autem
2304 2825 2408 2901 (ex
2448 2818 2746 2907 analogia

354 2925 859 3013 Aeschyleorum
908 2927 1297 3002 τήλέπλανος
1346 2926 1744 2999 πολύπλανος
1794 2928 2171 3007 formatum)
2220 2926 2395 2993 haud
2447 2929 2745 3013 ineptum

355 3038 454 3100 est
499 3032 575 3099 de
624 3033 937 3099 sideribus
984 3036 1239 3099 etiamsi
1288 3034 1364 3099 de
1398 3034 1674 3117 planetis
1723 3034 1971 3100 dictum
2017 3055 2149 3099 non
2196 3035 2300 3099 sit.

444 3138 591 3205 Non
652 3140 936 3207 alienum
998 3147 1094 3225 est
1155 3139 1354 3206 simul
1415 3162 1671 3207 monere
1737 3142 1814 3206 de
1876 3140 2193 3207 adiectivo
2254 3140 2486 3221 πλήρης
2553 3139 2745 3220 (594²

353 3245 617 3329 ῥεύματι
678 3250 939 3329 πλήρης)
1001 3247 1173 3333 quod
1234 3268 1383 3313 cum
1449 3246 1703 3325 dativ0,
1772 3254 1846 3312 nt
1908 3247 2049 3325 hic,
2114 3252 2333 3312 contra
2394 3247 2744 3333 vulgatum

353 3373 549 3418 usum
618 3356 1031 3420 coniunctum
1101 3353 1414 3418 habemus
1482 3355 1547 3417 in
1619 3351 1851 3433 Bacch.
1916 3351 2022 3431 18,
2096 3354 2265 3417 sicut
2336 3353 2608 3419 verbum
2676 3356 2742 3418 in

358 3459 549 3525 Herc.
601 3457 754 3527 372.

447 3565 792 3632 Extremus
839 3567 1036 3632 huius
1077 3566 1422 3651 fragmenti
1469 3586 1696 3631 versus
1745 3564 1847 3629 τὸν
1897 3562 2298 3629 Ἀτλαντειον
2347 3569 2586 3643 τηροῦσι
2637 3566 2745 3633 πό-

353 3690 460 3738 λον
522 3676 662 3759 (qui
723 3674 1012 3738 numeris
1074 3693 1352 3758 sonoque
1412 3673 1488 3738 fr.
1556 3670 1712 3738 839.
1746 3672 1823 3736 11
1886 3672 1971 3744 εἱς
2041 3669 2306 3752 οὐράνιον
2355 3671 2549 3736 πάλιν
2601 3669 2741 3747 ἦλθε

355 3778 541 3845 πόλον
605 3782 672 3844 in
734 3781 1113 3845 memoriam
1177 3784 1458 3860 revocat)
1521 3778 1945 3845 conferendus
2009 3783 2107 3844 est
2169 3799 2317 3843 cum
2379 3777 2513 3846 Ion.
2569 3778 2741 3844 1154

356 3886 469 3951 ubi
515 3885 896 3951 describitur
940 3883 1156 3965 ἄρκτος
1204 3889 1557 3967 στρέφουσα
1607 3887 1819 3967 οὐραῖα
1869 3886 2139 3965 χρυσήρη
2189 3884 2376 3966 πόλῳ.

1511 4114 1586 4179 V.

309 4384 318 4391 ,
441 4313 951 4385 Praemunienda
988 4319 1125 4380 erat
1163 4317 1270 4381 via
1306 4335 1386 4379 ne
1410 4314 1486 4379 de
1510 4313 1722 4379 indole
1746 4334 1817 4379 ac
1842 4316 2157 4379 sententia
2183 4314 2437 4381 fabulae
2463 4316 2741 4383 Pirithoi

349 4421 748 4506 disputantes
790 4422 1007 4485 inania
1053 4419 1269 4485 moliri
1307 4420 1694 4500 videremur,
1742 4441 1892 4485 cum
1934 4420 2229 4507 Euripidi
2269 4421 2739 4488 vindicaremus

349 4525 563 4613 qualia
625 4535 731 4592 ne'
763 4526 1057 4594 dictionis
1118 4526 1380 4612 quidem
1429 4522 1632 4595 form‘a
1678 4533 1868 4613 atque
1916 4533 2177 4594 externa
2225 4527 2738 4615 fragmentorum
