3392 5384
1143 416 1231 466 1111
1275 414 1594 467 nummus
1639 415 1954 468 rum-1100.
2596 398 2729 468 369

349 586 664 652 dictorum
706 582 1044 670 ‚quaedam
1106 582 1502 663 similitudo,
1533 556 1549 587 ⁹
1575 587 1767 651 certis
1827 607 2135 652 versuum
2180 583 2337 650 locis
2385 607 2735 653 recurrens·

353 693 649 757 Primum
711 691 1021 777 quaedam
1068 691 1384 757 eiusmodi
1433 690 1734 777 parallela
1778 692 2107 771 indicabo,
2158 692 2233 757 de
2283 692 2555 759 dictione
2605 716 2743 779 pro-

352 801 493 886 pria
537 798 801 884 posthac
847 817 1049 883 pauca
1095 797 1450 863 additurus.

387 927 390 932 ·
445 903 611 972 Oum
658 905 1019 991 fragmento
1067 902 1198 969 596

630 1013 737 1077 οὐκ
783 1008 879 1077 οὖν
925 1010 993 1074 τὸ
1041 1011 1130 1088 μὴ
1176 1010 1285 1093 ζῆν
1332 1010 1603 1089 κρεῖσσόν
1654 1012 1784 1076 ἐστ’
1832 1011 1866 1088 ἢ
1918 1012 2023 1094 ζῆν
2074 1019 2309 1091 nancta&

355 1118 632 1185 formam
676 1138 986 1201 compono
1033 1129 1258 1183 versus
1303 1138 1382 1183 ex
1431 1115 1657 1183 Troad.
1712 1117 1841 1183 632

633 1228 738 1289 τοῦ
788 1221 891 1303 ζῆν
940 1221 1002 1287 δὲ
1052 1229 1292 1302 λυπρῶς
1340 1224 1717 1305 κρεῖσσόν
1766 1225 1941 1290 ἐστι
1990 1226 2337 1305 κατθανεῖν,

361 1337 424 1397 et
469 1335 730 1418 propter
774 1328 973 1395 aliam
1019 1351 1244 1396 versus
1289 1333 1539 1417 partem
1587 1328 1746 1397 Hec.
1799 1328 1929 1396 378

634 1438 668 1515 ἢ
718 1434 863 1517 ζῶν·
914 1438 998 1500 τὸ
1049 1436 1204 1514 γὰρ
1251 1435 1389 1519 ζῆν
1434 1437 1522 1513 μὴ
1575 1442 1782 1511 καλῶς
1829 1436 2045 1516 μέγας
2092 1436 2292 1511 πόνος.

360 1543 507 1610 Alia
550 1544 798 1609 ratione
844 1540 1080 1607 similis
1124 1541 1263 1628 Iph.
1312 1544 1392 1608 A.
1415 1530 1423 1536 ’
1447 1542 1620 1607 1252

632 1652 864 1715 θανεῖν·
914 1655 1118 1721 κακῶς
1165 1648 1302 1731 ζῆν
1350 1656 1729 1727 κρεῖσσον
1782 1649 1815 1723 ἢ
1867 1650 2064 1714 θανεῖν
2118 1656 2406 1723 καλῶς.

359 1754 432 1822 In
471 1757 832 1842 fragmento
873 1753 1026 1834 597,
1069 1755 1146 1820 de
1184 1777 1310 1842 quo
1353 1754 1540 1841 plura
1581 1756 1845 1841 posthac
1882 1763 2035 1822 sunt
2074 1755 2366 1836 dicenda,
2407 1761 2749 1821 occurrunt

361 1862 483 1929 ἄνω
539 1888 608 1928 τε
658 1863 762 1927 καὶ
813 1863 1019 1941 κάτω,
1069 1864 1266 1928 verba
1313 1863 1612 1928 omnibus
1663 1865 2080 1949 scriptoribus
2130 1865 2368 1929 usitata
2415 1862 2523 1929 sed
2572 1883 2752 1948 prae-

359 1973 583 2037 sertim
624 1971 700 2036 ab
738 1969 1048 2055 Euripide
1086 1969 1260 2034 haud
1297 1990 1439 2035 raro
1480 1975 1821 2055 usurpata,
1864 1970 1969 2035 hic
2006 1972 2070 2033 in
2113 1968 2236 2034 fine
2278 1990 2499 2035 versus
2540 1972 2751 2055 posita

363 2083 442 2143 ut
499 2076 638 2162 Iph.
689 2076 760 2141 Τ.
823 2074 958 2141 282
1019 2075 1308 2153 διετίναξ’
1357 2074 1478 2140 ἄνω
1545 2075 1751 2155 κάτω,
1817 2075 2044 2142 Bacch.
2097 2073 2226 2142 ’753
2275 2077 2461 2141 πάντ’
2511 2076 2632 2141 ἄνω
2682 2100 2753 2140 τε

368 2184 471 2249 καὶ
515 2183 705 2248 κάτω.
770 2182 1074 2268 Sequenti
1120 2204 1311 2249 versu
1357 2186 1545 2264 ῥήτωρ
1593 2181 1970 2261 σπαράσσων
2020 2188 2213 2264 (recte
2261 2186 2431 2248 enim
2478 2185 2572 2247 ita
2622 2203 2754 2248 cor-

369 2292 606 2357 rexisse
669 2276 1120 2357 Valckenarius
1181 2290 1466 2370 videtur)
1529 2294 1787 2356 revocat
1835 2289 2062 2355 Bacch.
2118 2287 2289 2355 1127
2338 2289 2561 2355 eadem
2608 2289 2755 2355 sede

369 2399 655 2483 positum
703 2394 1149 2475 ἀπεσπάραξεν
1201 2400 1266 2461 et
1317 2394 1491 2461 1220
1538 2395 2021 2475 διασποίρακτον.

455 2502 531 2567 In
577 2503 937 2589 fragmento
986 2501 1118 2567 598
1167 2502 1193 2565 ὂ
1243 2508 1473 2581 πρῶτος
1519 2502 1705 2567 εἰπὼν
1743 2503 1894 2582 (nisi
1934 2502 2052 2566 hoc
2092 2498 2239 2567 cum
2265 2499 2756 2566 Wilamowitzio

370 2607 713 2675 delendum
774 2615 1172 2690 censeamus)
1209 2607 1687 2699 ‘conferendum
1753 2612 1851 2673 est
1906 2628 2056 2672 cum
2103 2606 2425 2673 Heraclid.
2476 2628 2570 2673 vs.
2622 2606 2754 2672 889

367 2713 394 2783 ὃ
445 2721 673 2797 πρῶτον
721 2712 944 2794 εἶπας,
993 2721 1057 2781 et
1105 2716 1296 2782 verba
1345 2716 1450 2779 οὐκ
1499 2715 1889 2794 alynardus-qo
1936 2713 2115 2795 Φρενί
2162 2735 2311 2779 cum
2351 2715 2583 2801 fragm.
2625 2711 2755 2779 344

367 2824 475 2889 οὐκ
537 2821 948 2901 ἀγύμναστος
1010 2822 1264 2904 φρένας.
1327 2821 1612 2888 Tandem
1673 2811 1819 2887 nolo
1881 2820 2213 2909 negligere
2266 2820 2438 2906 quod
2487 2821 2757 2887 verbum

366 2930 672 3012 καινίζειν,
721 2929 891 3015 quod
936 2928 1134 2995 altero
1181 2950 1375 2995 versu
1413 2931 1609 2996 huius
1652 2928 2002 3015 fragmenti
2042 2930 2317 2995 occurrit
2360 2926 2559 3007 »τόνδ’
2600 2929 2763 2992 ἐκαί-

370 3036 522 3118 νιζεν
582 3034 837 3114 λόγον’.
886 3034 1154 3101 eandem
1197 3038 1482 3101 trimetri
1533 3035 1750 3101 sedem
1798 3040 2066 3120 occupat
2109 3037 2177 3099 in
2223 3033 2579 3101 Troadibus
2627 3033 2757 3099 889

373 3143 577 3223 εὐχὰς
621 3144 701 3215 ὦς
750 3142 1067 3215 ἐκαίνισας
1118 3143 1276 3208 θεῶν.

462 3355 585 3423 Sed
628 3357 760 3421 iam
809 3355 886 3421 de
930 3356 1072 3441 ipsa
1119 3355 1430 3431 dictione,
1477 3356 1522 3419 i.
1550 3375 1605 3420 6.
1657 3354 1734 3420 (16
1782 3355 1993 3420 verbis
2038 3374 2200 3440 quae
2245 3360 2553 3441 usurpata
2591 3361 2761 3434 sunt,

371 3463 448 3529 de
510 3464 755 3528 ratione
819 3461 1103 3539 dicendi,
1170 3461 1246 3527 de
1309 3481 1599 3526 sermone
1651 3460 2002 3527 videndum
2050 3466 2178 3540 est,
2242 3460 2436 3547 idque
2482 3462 2765 3528 breviter

369 3591 449 3635 ne
488 3568 772 3635 taedium
812 3589 1108 3634 moveam
1147 3566 1374 3633 lectori
1413 3572 1757 3653 antequam
1798 3567 1878 3634 ad
1894 3588 2228 3659 summam
2252 3570 2346 3633 rei
2370 3570 2763 3653 perveniam,

372 3696 534 3764 quae
597 3676 945 3741 sententias
1007 3677 1076 3739 in
1140 3674 1432 3739 Pirithoo
1494 3672 1775 3760 prolatas
1822 3678 2084 3759 spectat.
2134 3672 2296 3739 Rem
2341 3675 2436 3739 ita
2482 3675 2765 3740 tractabo

370 3790 448 3849 ut
492 3803 530 3848 a
574 3782 868 3848 iambicis
913 3781 1294 3868 fragmentis
1341 3779 1665 3867 profectus
1712 3784 2003 3847 extremo
2047 3777 2185 3847 loco
2234 3780 2309 3845 de
2348 3782 2765 3866 anapaesticis

375 3889 604 3955 dicam.
1395 3948 1410 3963 ‚
1878 3940 1883 3946 .

465 3994 645 4076 Quod
708 3995 788 4061 ad
854 3994 930 4059 fr.
984 3993 1111 4059 591
1173 3996 1405 4060 attinet
1457 3995 1741 4080 primum
1793 3997 2019 4059 notatu
2068 3992 2341 4079 dignum
2391 3998 2519 4072 est,
2569 4013 2766 4077 quam

375 4107 546 4168 arcte
591 4122 813 4167 versus
867 4100 1100 4186 quibus
1156 4098 1468 4167 Hercules
1517 4121 1730 4166 coram
1778 4100 1985 4165 Aeaco
2032 4082 2238 4185 genus
2282 4099 2521 4165 indicat
2572 4121 2765 4165 suum

375 4230 524 4275 cum
572 4210 797 4274 ceteris
840 4206 1158 4273 eiusmodi
1204 4209 1557 4273 enuntiatis
1604 4205 1973 4292 Euripideis
2020 4207 2434 4272 conveniant:

650 4315 782 4393 ἐμοὶ
832 4315 1058 4394 πατρὶς
1107 4314 1222 4392 μὲν
1260 4313 1536 4395 Ἄργος,
1585 4312 1778 4390 ὄνομα
1826 4313 1878 4377 δ’
1933 4313 2289 4392 Ἡρακλῆς,

644 4422 784 4487 θεῶν
833 4421 896 4487 δὲ
944 4420 1192 4485 πάντων
1243 4422 1476 4499 πατρὸς
1527 4418 1754 4499 §amun
1810 4420 1974 4491 Διός.

377 4527 579 4594 Mitto
617 4528 864 4594 fabulas
902 4528 1330 4611 antiquiores,
1373 4525 1482 4591 sed
1519 4524 1778 4590 afferam
1815 4545 1918 4590 eas
1958 4544 2119 4610 quae
2158 4523 2379 4589 eadem
2404 4524 2534 4589 fere
2561 4530 2765 4591 aetate

2418 4645 2485 4693 24
