<?xml version="1.0" encoding="UTF-8"?>
<!DOCTYPE html PUBLIC "-//W3C//DTD XHTML 1.0 Transitional//EN"
    "http://www.w3.org/TR/xhtml1/DTD/xhtml1-transitional.dtd">
<html xmlns="http://www.w3.org/1999/xhtml" xml:lang="en" lang="en">
 <head>
  <title>
</title>
<meta http-equiv="Content-Type" content="text/html;charset=utf-8" />
  <meta name='ocr-system' content='tesseract 3.04.00' />
  <meta name='ocr-capabilities' content='ocr_page ocr_carea ocr_par ocr_line ocrx_word'/>
</head>
<body>
  <div class='ocr_page' id='page_1' title='image "./mnemosynebiblio13servgoog_0241.png"; bbox 0 0 3392 5384; ppageno 0'>
   <div class='ocr_carea' id='block_1_1' title="bbox 1400 419 2811 491">
    <p class='ocr_par' dir='ltr' id='par_1_1' title="bbox 1400 419 2811 491">
     <span class='ocr_line' id='line_1_1' title="bbox 1400 419 2811 491; baseline -0.004 -2"><span class='ocrx_word' id='word_1_1' title='bbox 1400 476 1433 489; x_wconf 83' lang='lat'><strong>..</strong></span> <span class='ocrx_word' id='word_1_2' title='bbox 1456 440 1771 491; x_wconf 65' lang='lat' dir='ltr'><strong>nonnus.</strong></span> <span class='ocrx_word' id='word_1_3' title='bbox 2679 419 2811 485; x_wconf 87' lang='grc'><strong>229</strong></span> 
     </span>
    </p>
   </div>
   <div class='ocr_carea' id='block_1_2' title="bbox 389 603 2812 3883">
    <p class='ocr_par' dir='ltr' id='par_1_2' title="bbox 420 603 2812 1121">
     <span class='ocr_line' id='line_1_2' title="bbox 425 603 2812 697; baseline -0.003 -21"><span class='ocrx_word' id='word_1_4' title='bbox 425 612 737 697; x_wconf 90' lang='lat' dir='ltr'><strong>peratoris</strong></span> <span class='ocrx_word' id='word_1_5' title='bbox 786 610 905 675; x_wconf 92' lang='lat' dir='ltr'><strong>hoc</strong></span> <span class='ocrx_word' id='word_1_6' title='bbox 952 630 1087 674; x_wconf 91' lang='lat' dir='ltr'><strong>esse</strong></span> <span class='ocrx_word' id='word_1_7' title='bbox 1132 629 1212 673; x_wconf 90' lang='lat' dir='ltr'><strong>ne</strong></span> <span class='ocrx_word' id='word_1_8' title='bbox 1251 630 1318 674; x_wconf 91' lang='lat' dir='ltr'><strong>se</strong></span> <span class='ocrx_word' id='word_1_9' title='bbox 1356 610 1425 673; x_wconf 90' lang='lat' dir='ltr'><strong>in</strong></span> <span class='ocrx_word' id='word_1_10' title='bbox 1468 606 1834 694; x_wconf 90' lang='lat' dir='ltr'><strong>periculum</strong></span> <span class='ocrx_word' id='word_1_11' title='bbox 1873 608 2161 692; x_wconf 79' lang='lat' dir='ltr'>proiciat.</span> <span class='ocrx_word' id='word_1_12' title='bbox 2201 644 2288 654; x_wconf 94' lang='lat'>—</span> <span class='ocrx_word' id='word_1_13' title='bbox 2325 604 2432 671; x_wconf 86' lang='lat' dir='ltr'><strong>Sic</strong></span> <span class='ocrx_word' id='word_1_14' title='bbox 2467 603 2812 671; x_wconf 80' lang='lat' dir='ltr'>Sallustius</span> 
     </span>
     <span class='ocr_line' id='line_1_3' title="bbox 425 711 2810 800; baseline -0.002 -19"><span class='ocrx_word' id='word_1_15' title='bbox 425 716 625 798; x_wconf 87' lang='lat' dir='ltr'><strong>(Hist.</strong></span> <span class='ocrx_word' id='word_1_16' title='bbox 688 716 797 797; x_wconf 90' lang='lat' dir='ltr'><strong>fr.)</strong></span> <span class='ocrx_word' id='word_1_17' title='bbox 859 723 966 791; x_wconf 85' lang='lat' dir='ltr'><strong>„et</strong></span> <span class='ocrx_word' id='word_1_18' title='bbox 1022 719 1092 780; x_wconf 90' lang='lat' dir='ltr'><strong>in</strong></span> <span class='ocrx_word' id='word_1_19' title='bbox 1155 714 1417 800; x_wconf 89' lang='lat' dir='ltr'><strong>proeliis</strong></span> <span class='ocrx_word' id='word_1_20' title='bbox 1480 720 1633 779; x_wconf 88' lang='lat' dir='ltr'><strong>actu</strong></span> <span class='ocrx_word' id='word_1_21' title='bbox 1696 711 2081 800; x_wconf 90' lang='lat' dir='ltr'><strong>promptus&#39;&#39;</strong></span> <span class='ocrx_word' id='word_1_22' title='bbox 2100 733 2117 790; x_wconf 84' lang='lat'>3</span> <span class='ocrx_word' id='word_1_23' title='bbox 2171 711 2277 793; x_wconf 93' lang='grc'>·(2)</span> <span class='ocrx_word' id='word_1_24' title='bbox 2323 716 2388 777; x_wconf 91' lang='lat' dir='ltr'><strong>et</strong></span> <span class='ocrx_word' id='word_1_25' title='bbox 2432 711 2550 777; x_wconf 92' lang='lat' dir='ltr'><strong>hoc</strong></span> <span class='ocrx_word' id='word_1_26' title='bbox 2593 716 2810 777; x_wconf 91' lang='lat' dir='ltr'><strong>totum</strong></span> 
     </span>
     <span class='ocr_line' id='line_1_4' title="bbox 421 818 2809 908; baseline -0.001 -22"><span class='ocrx_word' id='word_1_27' title='bbox 421 844 546 887; x_wconf 92' lang='lat' dir='ltr'><strong>non</strong></span> <span class='ocrx_word' id='word_1_28' title='bbox 584 825 765 908; x_wconf 91' lang='lat' dir='ltr'><strong>quasi</strong></span> <span class='ocrx_word' id='word_1_29' title='bbox 801 824 868 886; x_wconf 97' lang='lat' dir='ltr'><strong>in</strong></span> <span class='ocrx_word' id='word_1_30' title='bbox 907 820 1207 907; x_wconf 84' lang='lat' dir='ltr'><strong>palliat-a,</strong></span> <span class='ocrx_word' id='word_1_31' title='bbox 1232 819 1358 887; x_wconf 81' lang='lat' dir='ltr'><strong>‘sed</strong></span> <span class='ocrx_word' id='word_1_32' title='bbox 1397 841 1770 886; x_wconf 88' lang='lat' dir='ltr'><strong>concessum</strong></span> <span class='ocrx_word' id='word_1_33' title='bbox 1808 821 2016 905; x_wconf 85' lang='lat' dir='ltr'><strong>poetis</strong></span> <span class='ocrx_word' id='word_1_34' title='bbox 2054 819 2200 883; x_wconf 84' lang='lat' dir='ltr'><strong>fuit.</strong></span> <span class='ocrx_word' id='word_1_35' title='bbox 2244 857 2330 867; x_wconf 91' lang='lat'><strong>-—</strong></span> <span class='ocrx_word' id='word_1_36' title='bbox 2372 818 2665 903; x_wconf 80' lang='lat' dir='ltr'>Pyrrhus</span> <span class='ocrx_word' id='word_1_37' title='bbox 2703 840 2809 883; x_wconf 91' lang='lat' dir='ltr'><strong>au·</strong></span> 
     </span>
     <span class='ocr_line' id='line_1_5' title="bbox 420 924 2808 1014; baseline -0.002 -21"><span class='ocrx_word' id='word_1_38' title='bbox 420 933 552 994; x_wconf 91' lang='lat' dir='ltr'><strong>tem</strong></span> <span class='ocrx_word' id='word_1_39' title='bbox 592 930 1023 1013; x_wconf 89' lang='lat' dir='ltr'><strong>peritissimus</strong></span> <span class='ocrx_word' id='word_1_40' title='bbox 1060 932 1601 1014; x_wconf 80' lang='lat' dir='ltr'><strong>strategematum</strong></span> <span class='ocrx_word' id='word_1_41' title='bbox 1650 925 1778 990; x_wconf 90' lang='lat' dir='ltr'><strong>fuit</strong></span> <span class='ocrx_word' id='word_1_42' title='bbox 1817 927 2224 1011; x_wconf 90' lang='lat' dir='ltr'><strong>primusque,</strong></span> <span class='ocrx_word' id='word_1_43' title='bbox 2263 924 2808 1009; x_wconf 89' lang='lat' dir='ltr'><strong>quemadmodum</strong></span> 
     </span>
     <span class='ocr_line' id='line_1_6' title="bbox 420 1031 2512 1121; baseline -0.002 -22"><span class='ocrx_word' id='word_1_44' title='bbox 420 1056 492 1101; x_wconf 90' lang='lat' dir='ltr'><strong>ea</strong></span> <span class='ocrx_word' id='word_1_45' title='bbox 537 1034 873 1121; x_wconf 90' lang='lat' dir='ltr'><strong>disciplina</strong></span> <span class='ocrx_word' id='word_1_46' title='bbox 918 1056 1032 1121; x_wconf 91' lang='lat' dir='ltr'><strong>per</strong></span> <span class='ocrx_word' id='word_1_47' title='bbox 1077 1033 1356 1100; x_wconf 91' lang='lat' dir='ltr'><strong>calculos</strong></span> <span class='ocrx_word' id='word_1_48' title='bbox 1399 1036 1467 1098; x_wconf 93' lang='lat' dir='ltr'><strong>in</strong></span> <span class='ocrx_word' id='word_1_49' title='bbox 1518 1032 1739 1098; x_wconf 88' lang='lat' dir='ltr'><strong>tabula</strong></span> <span class='ocrx_word' id='word_1_50' title='bbox 1785 1032 2162 1108; x_wconf 86' lang='lat' dir='ltr'><strong>traderetur,</strong></span> <span class='ocrx_word' id='word_1_51' title='bbox 2211 1031 2512 1097; x_wconf 78' lang='lat' dir='ltr'><strong>ostendit.</strong></span> 
     </span>
    </p>

    <p class='ocr_par' dir='ltr' id='par_1_3' title="bbox 389 1137 2808 1420">
     <span class='ocr_line' id='line_1_7' title="bbox 509 1137 2808 1225; baseline -0.003 -18"><span class='ocrx_word' id='word_1_52' title='bbox 509 1141 792 1208; x_wconf 86' lang='lat' dir='ltr'><strong>Distinxi</strong></span> <span class='ocrx_word' id='word_1_53' title='bbox 860 1141 1141 1206; x_wconf 85' lang='lat' dir='ltr'><strong>Editoris</strong></span> <span class='ocrx_word' id='word_1_54' title='bbox 1209 1140 1790 1225; x_wconf 78' lang='lat' dir='ltr'><strong>interpolationem.</strong></span> <span class='ocrx_word' id='word_1_55' title='bbox 1875 1137 2267 1223; x_wconf 85' lang='lat' dir='ltr'><strong>Exemplum</strong></span> <span class='ocrx_word' id='word_1_56' title='bbox 2336 1137 2632 1207; x_wconf 81' lang='lat' dir='ltr'><strong>Sallustii</strong></span> <span class='ocrx_word' id='word_1_57' title='bbox 2690 1140 2808 1202; x_wconf 92' lang='lat' dir='ltr'><strong>im·</strong></span> 
     </span>
     <span class='ocr_line' id='line_1_8' title="bbox 418 1243 2807 1334; baseline -0.002 -21"><span class='ocrx_word' id='word_1_58' title='bbox 418 1245 769 1334; x_wconf 88' lang='lat' dir='ltr'><strong>port&#39;unum</strong></span> <span class='ocrx_word' id='word_1_59' title='bbox 838 1252 969 1327; x_wconf 83' lang='lat' dir='ltr'><strong>est3</strong></span> <span class='ocrx_word' id='word_1_60' title='bbox 1045 1247 1209 1324; x_wconf 92' lang='lat' dir='ltr'><strong>„hoc</strong></span> <span class='ocrx_word' id='word_1_61' title='bbox 1278 1247 1533 1312; x_wconf 90' lang='lat' dir='ltr'><strong>totum&#39;&#39;</strong></span> <span class='ocrx_word' id='word_1_62' title='bbox 1602 1266 1740 1331; x_wconf 86' lang='lat' dir='ltr'><strong>sqq.</strong></span> <span class='ocrx_word' id='word_1_63' title='bbox 1817 1245 1988 1310; x_wconf 89' lang='lat' dir='ltr'><strong>male</strong></span> <span class='ocrx_word' id='word_1_64' title='bbox 2052 1244 2455 1331; x_wconf 79' lang='lat' dir='ltr'><strong>reprehendit</strong></span> <span class='ocrx_word' id='word_1_65' title='bbox 2514 1243 2807 1330; x_wconf 88' lang='lat' dir='ltr'><strong>lepidum</strong></span> 
     </span>
     <span class='ocr_line' id='line_1_9' title="bbox 389 1357 653 1420; baseline -0.004 0"><span class='ocrx_word' id='word_1_66' title='bbox 389 1357 653 1420; x_wconf 72' lang='lat' dir='ltr'><strong>«iocum.</strong></span> 
     </span>
    </p>

    <p class='ocr_par' dir='ltr' id='par_1_4' title="bbox 417 1456 2807 1655">
     <span class='ocr_line' id='line_1_10' title="bbox 504 1456 2807 1545; baseline -0.001 -20"><span class='ocrx_word' id='word_1_67' title='bbox 504 1459 667 1526; x_wconf 92' lang='lat' dir='ltr'><strong>Ibid.</strong></span> <span class='ocrx_word' id='word_1_68' title='bbox 721 1459 801 1525; x_wconf 88' lang='lat'><strong>15</strong></span> <span class='ocrx_word' id='word_1_69' title='bbox 872 1458 1035 1526; x_wconf 84' lang='lat' dir='ltr'><strong>Sane</strong></span> <span class='ocrx_word' id='word_1_70' title='bbox 1055 1508 1072 1537; x_wconf 90' lang='lat'><strong>,</strong></span> <span class='ocrx_word' id='word_1_71' title='bbox 1120 1458 1292 1545; x_wconf 92' lang='lat' dir='ltr'><strong>quod</strong></span> <span class='ocrx_word' id='word_1_72' title='bbox 1337 1460 1461 1524; x_wconf 91' lang='lat' dir='ltr'><strong>tibi</strong></span> <span class='ocrx_word' id='word_1_73' title='bbox 1506 1479 1675 1523; x_wconf 90' lang='lat' dir='ltr'><strong>nunc</strong></span> <span class='ocrx_word' id='word_1_74' title='bbox 1723 1459 1827 1523; x_wconf 86' lang='lat' dir='ltr'><strong>vir</strong></span> <span class='ocrx_word' id='word_1_75' title='bbox 1873 1458 2166 1523; x_wconf 86' lang='lat' dir='ltr'><strong>videatur</strong></span> <span class='ocrx_word' id='word_1_76' title='bbox 2211 1456 2317 1522; x_wconf 91' lang='lat' dir='ltr'><strong>hic</strong></span> <span class='ocrx_word' id='word_1_77' title='bbox 2361 1478 2532 1535; x_wconf 90' lang='lat' dir='ltr'><strong>esse,</strong></span> <span class='ocrx_word' id='word_1_78' title='bbox 2574 1456 2807 1523; x_wconf 89' lang='lat' dir='ltr'><strong>nebulo</strong></span> 
     </span>
     <span class='ocr_line' id='line_1_11' title="bbox 417 1571 1293 1655; baseline -0.001 -23"><span class='ocrx_word' id='word_1_79' title='bbox 417 1588 694 1655; x_wconf 81' lang='lat' dir='ltr'><strong>magnus</strong></span> <span class='ocrx_word' id='word_1_80' title='bbox 736 1572 866 1633; x_wconf 90' lang='lat' dir='ltr'><strong>est:</strong></span> <span class='ocrx_word' id='word_1_81' title='bbox 915 1587 994 1631; x_wconf 92' lang='lat' dir='ltr'><strong>ne</strong></span> <span class='ocrx_word' id='word_1_82' title='bbox 1042 1571 1293 1631; x_wconf 90' lang='lat' dir='ltr'><strong>metuas</strong></span> 
     </span>
    </p>

    <p class='ocr_par' dir='ltr' id='par_1_5' title="bbox 413 1670 2804 1858">
     <span class='ocr_line' id='line_1_12' title="bbox 506 1670 2804 1759; baseline -0.001 -21"><span class='ocrx_word' id='word_1_83' title='bbox 506 1675 601 1754; x_wconf 91' lang='lat' dir='ltr'><strong>(l)</strong></span> <span class='ocrx_word' id='word_1_84' title='bbox 660 1672 973 1759; x_wconf 73' lang='lat' dir='ltr'><strong>Figurate</strong></span> <span class='ocrx_word' id='word_1_85' title='bbox 1031 1671 1274 1737; x_wconf 89' lang='lat' dir='ltr'><strong>locutio</strong></span> <span class='ocrx_word' id='word_1_86' title='bbox 1322 1678 1390 1736; x_wconf 91' lang='lat' dir='ltr'><strong>et</strong></span> <span class='ocrx_word' id='word_1_87' title='bbox 1433 1676 1764 1756; x_wconf 88' lang='lat' dir='ltr'><strong>praeterea</strong></span> <span class='ocrx_word' id='word_1_88' title='bbox 1813 1670 2144 1751; x_wconf 72' lang='grc' dir='ltr'><strong>ὑπερβάτῳ</strong></span> <span class='ocrx_word' id='word_1_89' title='bbox 2192 1672 2605 1750; x_wconf 84' lang='lat' dir='ltr'><strong>intermixta,</strong></span> <span class='ocrx_word' id='word_1_90' title='bbox 2653 1692 2804 1736; x_wconf 87' lang='lat' dir='ltr'><strong>nam</strong></span> 
     </span>
     <span class='ocr_line' id='line_1_13' title="bbox 413 1777 2299 1858; baseline -0.001 -14"><span class='ocrx_word' id='word_1_91' title='bbox 413 1779 519 1845; x_wconf 92' lang='lat' dir='ltr'><strong>hic</strong></span> <span class='ocrx_word' id='word_1_92' title='bbox 563 1779 715 1845; x_wconf 91' lang='lat' dir='ltr'><strong>ordo</strong></span> <span class='ocrx_word' id='word_1_93' title='bbox 762 1786 892 1844; x_wconf 90' lang='lat' dir='ltr'><strong>est:</strong></span> <span class='ocrx_word' id='word_1_94' title='bbox 945 1798 1137 1858; x_wconf 80' lang='lat' dir='ltr'><strong>„sane</strong></span> <span class='ocrx_word' id='word_1_95' title='bbox 1180 1778 1287 1843; x_wconf 90' lang='lat' dir='ltr'><strong>hic</strong></span> <span class='ocrx_word' id='word_1_96' title='bbox 1333 1777 1567 1843; x_wconf 91' lang='lat' dir='ltr'><strong>nebulo</strong></span> <span class='ocrx_word' id='word_1_97' title='bbox 1618 1785 1850 1855; x_wconf 87' lang='lat' dir='ltr'><strong>&lt;est&gt;:</strong></span> <span class='ocrx_word' id='word_1_98' title='bbox 1899 1798 1986 1842; x_wconf 91' lang='lat' dir='ltr'><strong>ne·</strong></span> <span class='ocrx_word' id='word_1_99' title='bbox 2025 1782 2299 1843; x_wconf 89' lang='lat' dir='ltr'><strong>metuas.</strong></span> 
     </span>
    </p>

    <p class='ocr_par' dir='ltr' id='par_1_6' title="bbox 416 1884 2801 2077">
     <span class='ocr_line' id='line_1_14' title="bbox 504 1884 2801 1967; baseline -0.001 -17"><span class='ocrx_word' id='word_1_100' title='bbox 504 1884 601 1967; x_wconf 82' lang='lat'><strong>(2)</strong></span> <span class='ocrx_word' id='word_1_101' title='bbox 661 1886 762 1951; x_wconf 90' lang='lat' dir='ltr'><strong>An</strong></span> <span class='ocrx_word' id='word_1_102' title='bbox 822 1885 927 1949; x_wconf 91' lang='lat' dir='ltr'><strong>hic</strong></span> <span class='ocrx_word' id='word_1_103' title='bbox 988 1884 1141 1950; x_wconf 91' lang='lat' dir='ltr'><strong>ordo</strong></span> <span class='ocrx_word' id='word_1_104' title='bbox 1204 1886 1329 1949; x_wconf 87' lang='lat' dir='ltr'><strong>erit</strong></span> <span class='ocrx_word' id='word_1_105' title='bbox 1388 1890 1454 1949; x_wconf 90' lang='lat' dir='ltr'><strong>et</strong></span> <span class='ocrx_word' id='word_1_106' title='bbox 1502 1905 1757 1962; x_wconf 88' lang='lat' dir='ltr'><strong>sensus,</strong></span> <span class='ocrx_word' id='word_1_107' title='bbox 1806 1890 1882 1949; x_wconf 86' lang='lat' dir='ltr'><strong>ut</strong></span> <span class='ocrx_word' id='word_1_108' title='bbox 1925 1886 2011 1949; x_wconf 91' lang='lat' dir='ltr'><strong>sit</strong></span> <span class='ocrx_word' id='word_1_109' title='bbox 2056 1884 2340 1949; x_wconf 89' lang='lat' dir='ltr'><strong>dictum:</strong></span> <span class='ocrx_word' id='word_1_110' title='bbox 2388 1904 2467 1948; x_wconf 91' lang='lat' dir='ltr'><strong>ne</strong></span> <span class='ocrx_word' id='word_1_111' title='bbox 2516 1889 2801 1949; x_wconf 87' lang='lat' dir='ltr'><strong>metuas:</strong></span> 
     </span>
     <span class='ocr_line' id='line_1_15' title="bbox 416 1987 2559 2077; baseline -0 -21"><span class='ocrx_word' id='word_1_112' title='bbox 416 2013 566 2058; x_wconf 87' lang='lat' dir='ltr'><strong>sane</strong></span> <span class='ocrx_word' id='word_1_113' title='bbox 611 1990 781 2077; x_wconf 92' lang='lat' dir='ltr'><strong>quod</strong></span> <span class='ocrx_word' id='word_1_114' title='bbox 828 1992 949 2055; x_wconf 89' lang='lat' dir='ltr'><strong>tibi</strong></span> <span class='ocrx_word' id='word_1_115' title='bbox 994 1993 1098 2057; x_wconf 81' lang='lat' dir='ltr'><strong>vir</strong></span> <span class='ocrx_word' id='word_1_116' title='bbox 1145 1990 1401 2056; x_wconf 84' lang='lat' dir='ltr'><strong>videtur</strong></span> <span class='ocrx_word' id='word_1_117' title='bbox 1444 2011 1580 2055; x_wconf 89' lang='lat' dir='ltr'><strong>esse</strong></span> <span class='ocrx_word' id='word_1_118' title='bbox 1626 1990 1768 2069; x_wconf 91' lang='lat' dir='ltr'><strong>hic,</strong></span> <span class='ocrx_word' id='word_1_119' title='bbox 1816 1990 2051 2055; x_wconf 91' lang='lat' dir='ltr'><strong>nebulo</strong></span> <span class='ocrx_word' id='word_1_120' title='bbox 2099 2011 2376 2077; x_wconf 83' lang='lat' dir='ltr'><strong>magnus</strong></span> <span class='ocrx_word' id='word_1_121' title='bbox 2421 1987 2559 2056; x_wconf 79' lang='lat' dir='ltr'><strong>est?</strong></span> 
     </span>
    </p>

    <p class='ocr_par' dir='ltr' id='par_1_7' title="bbox 410 2095 2804 2588">
     <span class='ocr_line' id='line_1_16' title="bbox 503 2095 2804 2179; baseline 0 -18"><span class='ocrx_word' id='word_1_122' title='bbox 503 2098 598 2179; x_wconf 85' lang='lat'><strong>(3)</strong></span> <span class='ocrx_word' id='word_1_123' title='bbox 642 2098 730 2162; x_wconf 85' lang='lat' dir='ltr'><strong>Et</strong></span> <span class='ocrx_word' id='word_1_124' title='bbox 777 2103 978 2175; x_wconf 90' lang='lat' dir='ltr'><strong>recte,</strong></span> <span class='ocrx_word' id='word_1_125' title='bbox 1026 2119 1179 2162; x_wconf 88' lang='lat' dir='ltr'><strong>nam</strong></span> <span class='ocrx_word' id='word_1_126' title='bbox 1225 2096 1381 2162; x_wconf 91' lang='lat' dir='ltr'><strong>dum</strong></span> <span class='ocrx_word' id='word_1_127' title='bbox 1431 2098 1566 2163; x_wconf 92' lang='lat' dir='ltr'><strong>obit</strong></span> <span class='ocrx_word' id='word_1_128' title='bbox 1611 2095 1889 2163; x_wconf 85' lang='lat' dir='ltr'><strong>terretu&#39;r</strong></span> <span class='ocrx_word' id='word_1_129' title='bbox 1935 2097 2301 2163; x_wconf 80' lang='lat' dir='ltr'><strong>adulescens</strong></span> <span class='ocrx_word' id='word_1_130' title='bbox 2338 2104 2402 2162; x_wconf 91' lang='lat' dir='ltr'><strong>et</strong></span> <span class='ocrx_word' id='word_1_131' title='bbox 2440 2103 2646 2164; x_wconf 88' lang='lat' dir='ltr'><strong>aet-ate</strong></span> <span class='ocrx_word' id='word_1_132' title='bbox 2687 2100 2804 2163; x_wconf 91' lang='lat' dir='ltr'><strong>mi·</strong></span> 
     </span>
     <span class='ocr_line' id='line_1_17' title="bbox 413 2188 2799 2291; baseline 0.001 -23"><span class='ocrx_word' id='word_1_133' title='bbox 413 2203 552 2269; x_wconf 86' lang='lat' dir='ltr'><strong>litis</strong></span> <span class='ocrx_word' id='word_1_134' title='bbox 597 2203 794 2289; x_wconf 91' lang='lat' dir='ltr'><strong>[quod</strong></span> <span class='ocrx_word' id='word_1_135' title='bbox 838 2206 973 2269; x_wconf 89' lang='lat' dir='ltr'><strong>iam</strong></span> <span class='ocrx_word' id='word_1_136' title='bbox 1022 2207 1127 2269; x_wconf 83' lang='lat' dir='ltr'><strong>vir</strong></span> <span class='ocrx_word' id='word_1_137' title='bbox 1173 2208 1295 2287; x_wconf 91' lang='lat' dir='ltr'><strong>est]</strong></span> <span class='ocrx_word' id='word_1_138' title='bbox 1344 2210 1410 2269; x_wconf 89' lang='lat' dir='ltr'><strong>et</strong></span> <span class='ocrx_word' id='word_1_139' title='bbox 1450 2204 1900 2291; x_wconf 83' lang='lat' dir='ltr'><strong>magnitudine</strong></span> <span class='ocrx_word' id='word_1_140' title='bbox 1937 2204 2136 2289; x_wconf 92' lang='lat' dir='ltr'><strong>[quod</strong></span> <span class='ocrx_word' id='word_1_141' title='bbox 2173 2188 2452 2291; x_wconf 80' lang='lat' dir='ltr'><strong>magnus</strong></span> <span class='ocrx_word' id='word_1_142' title='bbox 2489 2209 2799 2289; x_wconf 90' lang='lat' dir='ltr'><strong>corpore],</strong></span> 
     </span>
     <span class='ocr_line' id='line_1_18' title="bbox 410 2308 2798 2403; baseline 0 -29"><span class='ocrx_word' id='word_1_143' title='bbox 410 2330 573 2395; x_wconf 89' lang='lat' dir='ltr'><strong>quae</strong></span> <span class='ocrx_word' id='word_1_144' title='bbox 616 2317 891 2395; x_wconf 86' lang='lat' dir='ltr'><strong>utraque</strong></span> <span class='ocrx_word' id='word_1_145' title='bbox 927 2312 994 2374; x_wconf 92' lang='lat' dir='ltr'><strong>in</strong></span> <span class='ocrx_word' id='word_1_146' title='bbox 1037 2308 1154 2375; x_wconf 95' lang='lat' dir='ltr'><strong>illo</strong></span> <span class='ocrx_word' id='word_1_147' title='bbox 1192 2329 1353 2375; x_wconf 83' lang='lat' dir='ltr'><strong>vana</strong></span> <span class='ocrx_word' id='word_1_148' title='bbox 1384 2331 1531 2375; x_wconf 84' lang='lat' dir='ltr'><strong>esse</strong></span> <span class='ocrx_word' id='word_1_149' title='bbox 1578 2313 1886 2375; x_wconf 85' lang='lat' dir='ltr'><strong>meretrix</strong></span> <span class='ocrx_word' id='word_1_150' title='bbox 1932 2315 2006 2374; x_wconf 86' lang='lat' dir='ltr'><strong>ut</strong></span> <span class='ocrx_word' id='word_1_151' title='bbox 2053 2316 2313 2403; x_wconf 79' lang='lat' dir='ltr'><strong>experta</strong></span> <span class='ocrx_word' id='word_1_152' title='bbox 2359 2313 2492 2375; x_wconf 91' lang='lat' dir='ltr'><strong>iam</strong></span> <span class='ocrx_word' id='word_1_153' title='bbox 2536 2310 2798 2376; x_wconf 88' lang='lat' dir='ltr'><strong>indicat.</strong></span> 
     </span>
     <span class='ocr_line' id='line_1_19' title="bbox 417 2414 2797 2494; baseline -0.003 -7"><span class='ocrx_word' id='word_1_154' title='bbox 417 2414 758 2487; x_wconf 82' lang='lat' dir='ltr'><strong>..Nebulo&#39;&#39;</strong></span> <span class='ocrx_word' id='word_1_155' title='bbox 809 2421 1027 2482; x_wconf 87' lang='lat' dir='ltr'><strong>autem</strong></span> <span class='ocrx_word' id='word_1_156' title='bbox 1067 2414 1176 2482; x_wconf 86' lang='lat' dir='ltr'><strong>vel</strong></span> <span class='ocrx_word' id='word_1_157' title='bbox 1219 2418 1426 2481; x_wconf 91' lang='lat' dir='ltr'><strong>inanis</strong></span> <span class='ocrx_word' id='word_1_158' title='bbox 1474 2423 1540 2481; x_wconf 91' lang='lat' dir='ltr'><strong>et</strong></span> <span class='ocrx_word' id='word_1_159' title='bbox 1587 2436 1790 2481; x_wconf 86' lang='lat' dir='ltr'><strong>vanus</strong></span> <span class='ocrx_word' id='word_1_160' title='bbox 1840 2414 1945 2480; x_wconf 85' lang='lat' dir='ltr'><strong>vel</strong></span> <span class='ocrx_word' id='word_1_161' title='bbox 1991 2414 2241 2494; x_wconf 90' lang='lat' dir='ltr'><strong>mollis,</strong></span> <span class='ocrx_word' id='word_1_162' title='bbox 2283 2422 2358 2481; x_wconf 86' lang='lat' dir='ltr'><strong>ut</strong></span> <span class='ocrx_word' id='word_1_163' title='bbox 2395 2415 2628 2481; x_wconf 89' lang='lat' dir='ltr'><strong>nebula</strong></span> <span class='ocrx_word' id='word_1_164' title='bbox 2665 2423 2797 2494; x_wconf 86' lang='lat' dir='ltr'><strong>est,</strong></span> 
     </span>
     <span class='ocr_line' id='line_1_20' title="bbox 411 2521 665 2588; baseline -0.004 -1"><span class='ocrx_word' id='word_1_165' title='bbox 411 2521 665 2588; x_wconf 86' lang='lat' dir='ltr'><strong>dicitur.</strong></span> 
     </span>
    </p>

    <p class='ocr_par' dir='ltr' id='par_1_8' title="bbox 404 2628 2797 2922">
     <span class='ocr_line' id='line_1_21' title="bbox 502 2628 2797 2715; baseline 0 -22"><span class='ocrx_word' id='word_1_166' title='bbox 502 2629 597 2710; x_wconf 89' lang='lat'><strong>(4)</strong></span> <span class='ocrx_word' id='word_1_167' title='bbox 660 2628 747 2693; x_wconf 83' lang='lat' dir='ltr'><strong>Et</strong></span> <span class='ocrx_word' id='word_1_168' title='bbox 806 2630 1110 2709; x_wconf 79' lang='grc' dir='ltr'><strong><em>εἰρωνικῶς</em></strong></span> <span class='ocrx_word' id='word_1_169' title='bbox 1173 2629 1292 2694; x_wconf 92' lang='lat' dir='ltr'><strong>hoc</strong></span> <span class='ocrx_word' id='word_1_170' title='bbox 1356 2628 1603 2693; x_wconf 90' lang='lat' dir='ltr'><strong>dictum</strong></span> <span class='ocrx_word' id='word_1_171' title='bbox 1664 2632 1796 2693; x_wconf 86' lang='lat' dir='ltr'><strong>est:</strong></span> <span class='ocrx_word' id='word_1_172' title='bbox 1858 2630 2167 2693; x_wconf 83' lang='lat' dir='ltr'><strong>meretrix</strong></span> <span class='ocrx_word' id='word_1_173' title='bbox 2229 2630 2404 2693; x_wconf 91' lang='lat' dir='ltr'><strong>enim</strong></span> <span class='ocrx_word' id='word_1_174' title='bbox 2450 2630 2797 2715; x_wconf 89' lang='lat' dir='ltr'><strong>corripiens</strong></span> 
     </span>
     <span class='ocr_line' id='line_1_22' title="bbox 409 2733 2794 2819; baseline 0 -19"><span class='ocrx_word' id='word_1_175' title='bbox 409 2735 645 2801; x_wconf 86' lang='lat' dir='ltr'><strong>frustra</strong></span> <span class='ocrx_word' id='word_1_176' title='bbox 706 2741 1107 2801; x_wconf 88' lang='lat' dir='ltr'><strong>metuentem</strong></span> <span class='ocrx_word' id='word_1_177' title='bbox 1165 2733 1572 2801; x_wconf 85' lang='lat' dir='ltr'><strong>Chremetem</strong></span> <span class='ocrx_word' id='word_1_178' title='bbox 1624 2735 1860 2811; x_wconf 86' lang='lat' dir='ltr'><strong>„sane”</strong></span> <span class='ocrx_word' id='word_1_179' title='bbox 1907 2736 2121 2819; x_wconf 89' lang='lat' dir='ltr'><strong>inquit</strong></span> <span class='ocrx_word' id='word_1_180' title='bbox 2171 2737 2408 2812; x_wconf 89' lang='lat' dir='ltr'><strong>„nimis</strong></span> <span class='ocrx_word' id='word_1_181' title='bbox 2453 2734 2794 2801; x_wconf 87' lang='lat' dir='ltr'><strong>consilium</strong></span> 
     </span>
     <span class='ocr_line' id='line_1_23' title="bbox 404 2840 2096 2922; baseline -0.001 -16"><span class='ocrx_word' id='word_1_182' title='bbox 404 2848 655 2908; x_wconf 90' lang='lat' dir='ltr'><strong>rectum</strong></span> <span class='ocrx_word' id='word_1_183' title='bbox 702 2846 799 2907; x_wconf 87' lang='lat' dir='ltr'><strong>est</strong></span> <span class='ocrx_word' id='word_1_184' title='bbox 859 2841 934 2907; x_wconf 93' lang='lat' dir='ltr'><strong>de</strong></span> <span class='ocrx_word' id='word_1_185' title='bbox 980 2840 1388 2907; x_wconf 79' lang='lat' dir='ltr'><strong>occludendis</strong></span> <span class='ocrx_word' id='word_1_186' title='bbox 1432 2840 1739 2906; x_wconf 89' lang='lat' dir='ltr'><strong>aedibus’&#39;</strong></span> <span class='ocrx_word' id='word_1_187' title='bbox 1787 2845 1912 2922; x_wconf 75' lang='lat' dir='ltr'><strong>(ve.</strong></span> <span class='ocrx_word' id='word_1_188' title='bbox 1965 2841 2096 2922; x_wconf 89' lang='lat'>14).</span> 
     </span>
    </p>

    <p class='ocr_par' dir='ltr' id='par_1_9' title="bbox 402 2947 2797 3458">
     <span class='ocr_line' id='line_1_24' title="bbox 498 2947 2797 3034; baseline 0.001 -23"><span class='ocrx_word' id='word_1_189' title='bbox 498 2948 593 3029; x_wconf 88' lang='lat'><strong>(5)</strong></span> <span class='ocrx_word' id='word_1_190' title='bbox 651 2948 740 3013; x_wconf 81' lang='lat' dir='ltr'><strong>Et</strong></span> <span class='ocrx_word' id='word_1_191' title='bbox 799 2947 975 3013; x_wconf 89' lang='lat' dir='ltr'><strong>deest</strong></span> <span class='ocrx_word' id='word_1_192' title='bbox 1030 2969 1198 3024; x_wconf 91' lang='lat' dir='ltr'><strong>„non</strong></span> <span class='ocrx_word' id='word_1_193' title='bbox 1259 2947 1422 3025; x_wconf 86' lang='lat' dir='ltr'><strong>est&#39;&#39;,</strong></span> <span class='ocrx_word' id='word_1_194' title='bbox 1480 2953 1558 3012; x_wconf 90' lang='lat' dir='ltr'><strong>ut</strong></span> <span class='ocrx_word' id='word_1_195' title='bbox 1601 2950 1721 3012; x_wconf 87' lang='lat' dir='ltr'><strong>sit:</strong></span> <span class='ocrx_word' id='word_1_196' title='bbox 1771 2969 1892 3013; x_wconf 91' lang='lat' dir='ltr'><strong>non</strong></span> <span class='ocrx_word' id='word_1_197' title='bbox 1943 2952 2042 3013; x_wconf 89' lang='lat' dir='ltr'><strong>est</strong></span> <span class='ocrx_word' id='word_1_198' title='bbox 2089 2948 2259 3034; x_wconf 86' lang='lat' dir='ltr'><strong>quod</strong></span> <span class='ocrx_word' id='word_1_199' title='bbox 2311 2949 2430 3014; x_wconf 90' lang='lat' dir='ltr'><strong>tibi</strong></span> <span class='ocrx_word' id='word_1_200' title='bbox 2476 2970 2646 3014; x_wconf 90' lang='lat' dir='ltr'><strong>nunc</strong></span> <span class='ocrx_word' id='word_1_201' title='bbox 2692 2952 2797 3015; x_wconf 83' lang='lat' dir='ltr'><strong>vir</strong></span> 
     </span>
     <span class='ocr_line' id='line_1_25' title="bbox 402 3053 2792 3141; baseline 0 -20"><span class='ocrx_word' id='word_1_202' title='bbox 402 3054 696 3121; x_wconf 82' lang='lat' dir='ltr'><strong>videatur</strong></span> <span class='ocrx_word' id='word_1_203' title='bbox 762 3075 897 3120; x_wconf 90' lang='lat' dir='ltr'><strong>esse</strong></span> <span class='ocrx_word' id='word_1_204' title='bbox 967 3054 1105 3120; x_wconf 89' lang='lat' dir='ltr'><strong>hic:</strong></span> <span class='ocrx_word' id='word_1_205' title='bbox 1176 3053 1412 3120; x_wconf 90' lang='lat' dir='ltr'><strong>nebulo</strong></span> <span class='ocrx_word' id='word_1_206' title='bbox 1479 3075 1756 3141; x_wconf 80' lang='lat' dir='ltr'><strong>magnus</strong></span> <span class='ocrx_word' id='word_1_207' title='bbox 1821 3060 1940 3120; x_wconf 88' lang='lat' dir='ltr'><strong>est.</strong></span> <span class='ocrx_word' id='word_1_208' title='bbox 2001 3053 2108 3120; x_wconf 86' lang='lat' dir='ltr'><strong>Sic</strong></span> <span class='ocrx_word' id='word_1_209' title='bbox 2153 3062 2221 3120; x_wconf 92' lang='lat' dir='ltr'><strong>et</strong></span> <span class='ocrx_word' id='word_1_210' title='bbox 2267 3054 2458 3121; x_wconf 89' lang='lat' dir='ltr'><strong>alibi:</strong></span> <span class='ocrx_word' id='word_1_211' title='bbox 2511 3058 2567 3120; x_wconf 95' lang='lat' dir='ltr'><strong>si</strong></span> <span class='ocrx_word' id='word_1_212' title='bbox 2612 3062 2678 3121; x_wconf 91' lang='lat' dir='ltr'><strong>te</strong></span> <span class='ocrx_word' id='word_1_213' title='bbox 2722 3059 2792 3121; x_wconf 89' lang='lat' dir='ltr'><strong>in</strong></span> 
     </span>
     <span class='ocr_line' id='line_1_26' title="bbox 402 3159 2790 3247; baseline 0.001 -22"><span class='ocrx_word' id='word_1_214' title='bbox 402 3160 612 3246; x_wconf 84' lang='lat' dir='ltr'><strong>platea</strong></span> <span class='ocrx_word' id='word_1_215' title='bbox 670 3159 982 3247; x_wconf 83' lang='lat' dir='ltr'><strong>offendero</strong></span> <span class='ocrx_word' id='word_1_216' title='bbox 1045 3161 1309 3244; x_wconf 88' lang='lat' dir='ltr'><strong>posthac</strong></span> <span class='ocrx_word' id='word_1_217' title='bbox 1374 3164 1812 3245; x_wconf 78' lang='lat' dir='ltr'><strong>(umquam),</strong></span> <span class='ocrx_word' id='word_1_218' title='bbox 1878 3159 2046 3245; x_wconf 90' lang='lat' dir='ltr'><strong>quod</strong></span> <span class='ocrx_word' id='word_1_219' title='bbox 2111 3160 2282 3227; x_wconf 89' lang='lat' dir='ltr'><strong>dicas</strong></span> <span class='ocrx_word' id='word_1_220' title='bbox 2330 3162 2494 3226; x_wconf 91' lang='lat' dir='ltr'><strong>mihi</strong></span> <span class='ocrx_word' id='word_1_221' title='bbox 2543 3161 2790 3239; x_wconf 91' lang='lat' dir='ltr'><strong>„alium</strong></span> 
     </span>
     <span class='ocr_line' id='line_1_27' title="bbox 403 3264 2792 3353; baseline 0 -21"><span class='ocrx_word' id='word_1_222' title='bbox 403 3267 818 3353; x_wconf 87' lang='lat' dir='ltr'><strong>quaerebam,</strong></span> <span class='ocrx_word' id='word_1_223' title='bbox 866 3269 994 3331; x_wconf 89' lang='lat' dir='ltr'><strong>iter</strong></span> <span class='ocrx_word' id='word_1_224' title='bbox 1040 3266 1159 3331; x_wconf 92' lang='lat' dir='ltr'><strong>hac</strong></span> <span class='ocrx_word' id='word_1_225' title='bbox 1200 3264 1465 3342; x_wconf 90' lang='lat' dir='ltr'><strong>habui&#39;&#39;,</strong></span> <span class='ocrx_word' id='word_1_226' title='bbox 1517 3268 1744 3351; x_wconf 90' lang='lat' dir='ltr'><strong>peristi</strong></span> <span class='ocrx_word' id='word_1_227' title='bbox 1792 3270 1914 3345; x_wconf 85' lang='lat' dir='ltr'><strong>(vs.</strong></span> <span class='ocrx_word' id='word_1_228' title='bbox 1969 3265 2192 3346; x_wconf 88' lang='lat'><strong>1064),</strong></span> <span class='ocrx_word' id='word_1_229' title='bbox 2241 3272 2315 3331; x_wconf 92' lang='lat' dir='ltr'><strong>ut</strong></span> <span class='ocrx_word' id='word_1_230' title='bbox 2363 3269 2483 3331; x_wconf 87' lang='lat' dir='ltr'><strong>sit:</strong></span> <span class='ocrx_word' id='word_1_231' title='bbox 2531 3289 2658 3332; x_wconf 91' lang='lat' dir='ltr'><strong>non</strong></span> <span class='ocrx_word' id='word_1_232' title='bbox 2695 3274 2792 3333; x_wconf 89' lang='lat' dir='ltr'><strong>est</strong></span> 
     </span>
     <span class='ocr_line' id='line_1_28' title="bbox 402 3372 1027 3458; baseline 0 -21"><span class='ocrx_word' id='word_1_233' title='bbox 402 3372 574 3458; x_wconf 89' lang='lat' dir='ltr'><strong>quod</strong></span> <span class='ocrx_word' id='word_1_234' title='bbox 618 3372 791 3439; x_wconf 86' lang='lat' dir='ltr'><strong>dicas</strong></span> <span class='ocrx_word' id='word_1_235' title='bbox 842 3372 1027 3438; x_wconf 89' lang='lat' dir='ltr'><strong>mihi.</strong></span> 
     </span>
    </p>

    <p class='ocr_par' dir='ltr' id='par_1_10' title="bbox 402 3476 2794 3769">
     <span class='ocr_line' id='line_1_29' title="bbox 492 3476 2791 3560; baseline 0 -16"><span class='ocrx_word' id='word_1_236' title='bbox 492 3478 569 3544; x_wconf 91' lang='lat' dir='ltr'><strong>In</strong></span> <span class='ocrx_word' id='word_1_237' title='bbox 615 3478 711 3560; x_wconf 84' lang='lat'><strong>(3)</strong></span> <span class='ocrx_word' id='word_1_238' title='bbox 758 3477 919 3544; x_wconf 89' lang='lat' dir='ltr'><strong>Don.</strong></span> <span class='ocrx_word' id='word_1_239' title='bbox 966 3477 1325 3543; x_wconf 86' lang='lat' dir='ltr'><strong>illustravit</strong></span> <span class='ocrx_word' id='word_1_240' title='bbox 1372 3476 1720 3542; x_wconf 86' lang='lat' dir='ltr'><strong>verborum</strong></span> <span class='ocrx_word' id='word_1_241' title='bbox 1765 3479 2151 3543; x_wconf 89' lang='lat' dir='ltr'><strong>sententiam</strong></span> <span class='ocrx_word' id='word_1_242' title='bbox 2170 3526 2187 3555; x_wconf 90' lang='lat'><strong>,</strong></span> <span class='ocrx_word' id='word_1_243' title='bbox 2236 3477 2352 3542; x_wconf 88' lang='lat' dir='ltr'><strong>ubi</strong></span> <span class='ocrx_word' id='word_1_244' title='bbox 2395 3480 2621 3544; x_wconf 85' lang='lat' dir='ltr'><strong>notavi</strong></span> <span class='ocrx_word' id='word_1_245' title='bbox 2665 3478 2791 3545; x_wconf 91' lang='lat' dir='ltr'><strong>duo</strong></span> 
     </span>
     <span class='ocr_line' id='line_1_30' title="bbox 402 3582 2794 3670; baseline 0 -19"><span class='ocrx_word' id='word_1_246' title='bbox 402 3584 789 3651; x_wconf 87' lang='lat' dir='ltr'><strong>emblemata</strong></span> <span class='ocrx_word' id='word_1_247' title='bbox 850 3584 1131 3650; x_wconf 81' lang='lat' dir='ltr'><strong>Editoris</strong></span> <span class='ocrx_word' id='word_1_248' title='bbox 1191 3583 1442 3650; x_wconf 86' lang='lat' dir='ltr'><strong>aliusve</strong></span> <span class='ocrx_word' id='word_1_249' title='bbox 1503 3586 1825 3670; x_wconf 79' lang='lat' dir='ltr'><strong>magistri.</strong></span> <span class='ocrx_word' id='word_1_250' title='bbox 1895 3582 2168 3669; x_wconf 89' lang='lat' dir='ltr'><strong>Reliqua</strong></span> <span class='ocrx_word' id='word_1_251' title='bbox 2228 3583 2470 3650; x_wconf 91' lang='lat' dir='ltr'><strong>scholia</strong></span> <span class='ocrx_word' id='word_1_252' title='bbox 2515 3590 2794 3651; x_wconf 86' lang='lat' dir='ltr'><strong>tractant</strong></span> 
     </span>
     <span class='ocr_line' id='line_1_31' title="bbox 404 3688 2586 3769; baseline -0.001 -12"><span class='ocrx_word' id='word_1_253' title='bbox 404 3692 747 3757; x_wconf 75' lang='lat' dir='ltr'><strong>verborum</strong></span> <span class='ocrx_word' id='word_1_254' title='bbox 793 3697 1224 3767; x_wconf 86' lang='lat' dir='ltr'><strong>structuram,</strong></span> <span class='ocrx_word' id='word_1_255' title='bbox 1273 3712 1396 3756; x_wconf 91' lang='lat' dir='ltr'><strong>non</strong></span> <span class='ocrx_word' id='word_1_256' title='bbox 1447 3695 1583 3755; x_wconf 87' lang='lat' dir='ltr'><strong>tam</strong></span> <span class='ocrx_word' id='word_1_257' title='bbox 1629 3712 1880 3767; x_wconf 91' lang='lat' dir='ltr'><strong>raram,</strong></span> <span class='ocrx_word' id='word_1_258' title='bbox 1927 3688 2038 3756; x_wconf 90' lang='lat' dir='ltr'><strong>sed</strong></span> <span class='ocrx_word' id='word_1_259' title='bbox 2080 3692 2471 3757; x_wconf 85' lang='lat' dir='ltr'><strong>intricatam.</strong></span> <span class='ocrx_word' id='word_1_260' title='bbox 2575 3762 2586 3769; x_wconf 19' lang='grc' dir='ltr'>δ</span> 
     </span>
    </p>

    <p class='ocr_par' dir='ltr' id='par_1_11' title="bbox 494 3795 2791 3883">
     <span class='ocr_line' id='line_1_32' title="bbox 494 3795 2791 3883; baseline 0.001 -21"><span class='ocrx_word' id='word_1_261' title='bbox 494 3796 709 3863; x_wconf 77' lang='lat' dir='ltr'><strong>Etiam</strong></span> <span class='ocrx_word' id='word_1_262' title='bbox 758 3797 854 3879; x_wconf 88' lang='lat'><strong>(4)</strong></span> <span class='ocrx_word' id='word_1_263' title='bbox 899 3796 1149 3863; x_wconf 90' lang='lat' dir='ltr'><strong>Donato</strong></span> <span class='ocrx_word' id='word_1_264' title='bbox 1196 3795 1549 3862; x_wconf 91' lang='lat' dir='ltr'><strong>cedendum</strong></span> <span class='ocrx_word' id='word_1_265' title='bbox 1599 3817 1734 3861; x_wconf 91' lang='lat' dir='ltr'><strong>esse</strong></span> <span class='ocrx_word' id='word_1_266' title='bbox 1778 3817 1905 3861; x_wconf 91' lang='lat' dir='ltr'><strong>non</strong></span> <span class='ocrx_word' id='word_1_267' title='bbox 1945 3796 2305 3883; x_wconf 83' lang='lat' dir='ltr'><strong>negabitur,</strong></span> <span class='ocrx_word' id='word_1_268' title='bbox 2347 3799 2404 3862; x_wconf 91' lang='lat' dir='ltr'><strong>si</strong></span> <span class='ocrx_word' id='word_1_269' title='bbox 2440 3797 2632 3863; x_wconf 91' lang='lat' dir='ltr'><strong>modo</strong></span> <span class='ocrx_word' id='word_1_270' title='bbox 2671 3798 2791 3865; x_wconf 90' lang='lat' dir='ltr'><strong>hoc</strong></span> 
     </span>
    </p>
   </div>
   <div class='ocr_carea' id='block_1_3' title="bbox 290 3903 2788 3989">
    <p class='ocr_par' dir='ltr' id='par_1_12' title="bbox 290 3903 2788 3989">
     <span class='ocr_line' id='line_1_33' title="bbox 290 3903 2788 3989; baseline 0.001 -21"><span class='ocrx_word' id='word_1_271' title='bbox 290 3982 297 3989; x_wconf 30' lang='lat'><strong>·</strong></span> <span class='ocrx_word' id='word_1_272' title='bbox 401 3903 723 3970; x_wconf 91' lang='lat' dir='ltr'><strong>scholium</strong></span> <span class='ocrx_word' id='word_1_273' title='bbox 780 3926 917 3969; x_wconf 89' lang='lat' dir='ltr'><strong>-non</strong></span> <span class='ocrx_word' id='word_1_274' title='bbox 987 3903 1269 3968; x_wconf 86' lang='lat' dir='ltr'><strong>trahitur</strong></span> <span class='ocrx_word' id='word_1_275' title='bbox 1328 3903 1407 3968; x_wconf 87' lang='lat' dir='ltr'><strong>ad</strong></span> <span class='ocrx_word' id='word_1_276' title='bbox 1470 3908 1672 3968; x_wconf 89' lang='lat' dir='ltr'><strong>totam</strong></span> <span class='ocrx_word' id='word_1_277' title='bbox 1731 3905 2118 3969; x_wconf 88' lang='lat' dir='ltr'><strong>sententiam</strong></span> <span class='ocrx_word' id='word_1_278' title='bbox 2136 3952 2155 3981; x_wconf 92' lang='lat'><strong>,</strong></span> <span class='ocrx_word' id='word_1_279' title='bbox 2217 3903 2327 3968; x_wconf 89' lang='lat' dir='ltr'><strong>sed</strong></span> <span class='ocrx_word' id='word_1_280' title='bbox 2388 3903 2469 3969; x_wconf 86' lang='lat' dir='ltr'><strong>ad</strong></span> <span class='ocrx_word' id='word_1_281' title='bbox 2530 3905 2788 3983; x_wconf 89' lang='lat' dir='ltr'><strong>„sane&#39;&#39;,</strong></span> 
     </span>
    </p>
   </div>
   <div class='ocr_carea' id='block_1_4' title="bbox 396 4007 2790 4628">
    <p class='ocr_par' dir='ltr' id='par_1_13' title="bbox 396 4007 2790 4628">
     <span class='ocr_line' id='line_1_34' title="bbox 397 4007 2788 4094; baseline 0 -20"><span class='ocrx_word' id='word_1_282' title='bbox 397 4011 639 4074; x_wconf 89' lang='lat' dir='ltr'><strong>ironice</strong></span> <span class='ocrx_word' id='word_1_283' title='bbox 702 4012 989 4094; x_wconf 90' lang='lat' dir='ltr'><strong>positum</strong></span> <span class='ocrx_word' id='word_1_284' title='bbox 1007 4030 1025 4088; x_wconf 92' lang='lat'>;</span> <span class='ocrx_word' id='word_1_285' title='bbox 1090 4010 1243 4074; x_wconf 91' lang='lat' dir='ltr'><strong>hinc</strong></span> <span class='ocrx_word' id='word_1_286' title='bbox 1306 4010 1597 4094; x_wconf 85' lang='lat' dir='ltr'><strong>sequitur</strong></span> <span class='ocrx_word' id='word_1_287' title='bbox 1659 4007 1859 4073; x_wconf 90' lang='lat' dir='ltr'><strong>schol.</strong></span> <span class='ocrx_word' id='word_1_288' title='bbox 1923 4008 2018 4089; x_wconf 95' lang='grc'><strong>(1)</strong></span> <span class='ocrx_word' id='word_1_289' title='bbox 2081 4007 2248 4074; x_wconf 86' lang='lat' dir='ltr'><strong>alius</strong></span> <span class='ocrx_word' id='word_1_290' title='bbox 2294 4030 2428 4074; x_wconf 89' lang='lat' dir='ltr'><strong>esse</strong></span> <span class='ocrx_word' id='word_1_291' title='bbox 2474 4013 2788 4088; x_wconf 88' lang='lat' dir='ltr'><strong>auctoris,</strong></span> 
     </span>
     <span class='ocr_line' id='line_1_35' title="bbox 399 4115 2788 4202; baseline 0 -21"><span class='ocrx_word' id='word_1_292' title='bbox 399 4119 549 4202; x_wconf 89' lang='lat' dir='ltr'><strong>qui,</strong></span> <span class='ocrx_word' id='word_1_293' title='bbox 600 4116 834 4194; x_wconf 81' lang='lat' dir='ltr'><strong>„sane”</strong></span> <span class='ocrx_word' id='word_1_294' title='bbox 885 4136 1217 4201; x_wconf 89' lang='lat' dir='ltr'><strong>perperam</strong></span> <span class='ocrx_word' id='word_1_295' title='bbox 1265 4115 1645 4180; x_wconf 87' lang='lat' dir='ltr'><strong>affirmative</strong></span> <span class='ocrx_word' id='word_1_296' title='bbox 1691 4117 1908 4179; x_wconf 85' lang='lat' dir='ltr'><strong>iunxit</strong></span> <span class='ocrx_word' id='word_1_297' title='bbox 1954 4136 2101 4180; x_wconf 91' lang='lat' dir='ltr'><strong>cum</strong></span> <span class='ocrx_word' id='word_1_298' title='bbox 2156 4115 2430 4193; x_wconf 88' lang='lat' dir='ltr'><strong>„nebulo</strong></span> <span class='ocrx_word' id='word_1_299' title='bbox 2470 4115 2634 4194; x_wconf 89' lang='lat' dir='ltr'><strong>est&#39;&#39;,</strong></span> <span class='ocrx_word' id='word_1_300' title='bbox 2675 4138 2788 4182; x_wconf 90' lang='lat' dir='ltr'><strong>nec</strong></span> 
     </span>
     <span class='ocr_line' id='line_1_36' title="bbox 400 4220 2790 4307; baseline -0 -19"><span class='ocrx_word' id='word_1_301' title='bbox 400 4226 618 4288; x_wconf 90' lang='lat' dir='ltr'><strong>minus</strong></span> <span class='ocrx_word' id='word_1_302' title='bbox 685 4223 812 4303; x_wconf 82' lang='lat'><strong>(2),</strong></span> <span class='ocrx_word' id='word_1_303' title='bbox 893 4220 1062 4306; x_wconf 94' lang='lat' dir='ltr'><strong>quod</strong></span> <span class='ocrx_word' id='word_1_304' title='bbox 1130 4224 1387 4286; x_wconf 88' lang='lat' dir='ltr'><strong>tametsi</strong></span> <span class='ocrx_word' id='word_1_305' title='bbox 1457 4223 1919 4287; x_wconf 89' lang='lat' dir='ltr'><strong>correctionem</strong></span> <span class='ocrx_word' id='word_1_306' title='bbox 1989 4224 2288 4307; x_wconf 89' lang='lat' dir='ltr'><strong>proponit</strong></span> <span class='ocrx_word' id='word_1_307' title='bbox 2356 4221 2790 4307; x_wconf 87' lang='lat' dir='ltr'><strong>praecedentis</strong></span> 
     </span>
     <span class='ocr_line' id='line_1_37' title="bbox 396 4326 2787 4414; baseline -0.001 -19"><span class='ocrx_word' id='word_1_308' title='bbox 396 4328 660 4407; x_wconf 88' lang='lat' dir='ltr'><strong>scholii,</strong></span> <span class='ocrx_word' id='word_1_309' title='bbox 728 4336 942 4393; x_wconf 89' lang='lat' dir='ltr'><strong>tamen</strong></span> <span class='ocrx_word' id='word_1_310' title='bbox 1012 4327 1279 4392; x_wconf 87' lang='lat' dir='ltr'><strong>eandem</strong></span> <span class='ocrx_word' id='word_1_311' title='bbox 1350 4327 1612 4393; x_wconf 81' lang='lat' dir='ltr'><strong>exhibet</strong></span> <span class='ocrx_word' id='word_1_312' title='bbox 1668 4329 2060 4392; x_wconf 88' lang='lat' dir='ltr'><strong>iuncturam.</strong></span> <span class='ocrx_word' id='word_1_313' title='bbox 2131 4326 2354 4392; x_wconf 86' lang='lat' dir='ltr'><strong>Restat</strong></span> <span class='ocrx_word' id='word_1_314' title='bbox 2416 4327 2533 4410; x_wconf 88' lang='lat'><strong>(5),</strong></span> <span class='ocrx_word' id='word_1_315' title='bbox 2618 4328 2787 4414; x_wconf 94' lang='lat' dir='ltr'><strong>quod</strong></span> 
     </span>
     <span class='ocr_line' id='line_1_38' title="bbox 398 4434 2786 4520; baseline 0 -19"><span class='ocrx_word' id='word_1_316' title='bbox 398 4435 637 4502; x_wconf 90' lang='lat' dir='ltr'><strong>Donati</strong></span> <span class='ocrx_word' id='word_1_317' title='bbox 695 4434 1043 4501; x_wconf 86' lang='lat' dir='ltr'><strong>locut-ionis</strong></span> <span class='ocrx_word' id='word_1_318' title='bbox 1105 4436 1698 4520; x_wconf 85' lang='lat' dir='ltr'><strong>interpretationem</strong></span> <span class='ocrx_word' id='word_1_319' title='bbox 1754 4435 2078 4499; x_wconf 89' lang='lat' dir='ltr'><strong>continere</strong></span> <span class='ocrx_word' id='word_1_320' title='bbox 2137 4454 2359 4499; x_wconf 90' lang='lat' dir='ltr'><strong>censeo</strong></span> <span class='ocrx_word' id='word_1_321' title='bbox 2377 4482 2396 4512; x_wconf 92' lang='lat'>‚</span> <span class='ocrx_word' id='word_1_322' title='bbox 2457 4454 2786 4501; x_wconf 90' lang='lat' dir='ltr'><strong>erroneam</strong></span> 
     </span>
     <span class='ocr_line' id='line_1_39' title="bbox 399 4539 2783 4628; baseline 0 -20"><span class='ocrx_word' id='word_1_323' title='bbox 399 4542 659 4628; x_wconf 87' lang='lat' dir='ltr'><strong>quidem</strong></span> <span class='ocrx_word' id='word_1_324' title='bbox 708 4548 775 4607; x_wconf 91' lang='lat' dir='ltr'><strong>et</strong></span> <span class='ocrx_word' id='word_1_325' title='bbox 819 4544 886 4606; x_wconf 90' lang='lat' dir='ltr'><strong>in</strong></span> <span class='ocrx_word' id='word_1_326' title='bbox 936 4541 1055 4607; x_wconf 91' lang='lat' dir='ltr'><strong>hoc</strong></span> <span class='ocrx_word' id='word_1_327' title='bbox 1100 4539 1395 4625; x_wconf 86' lang='lat' dir='ltr'><strong>exemplo</strong></span> <span class='ocrx_word' id='word_1_328' title='bbox 1442 4547 1507 4606; x_wconf 92' lang='lat' dir='ltr'><strong>et</strong></span> <span class='ocrx_word' id='word_1_329' title='bbox 1551 4542 1620 4605; x_wconf 89' lang='lat' dir='ltr'><strong>in</strong></span> <span class='ocrx_word' id='word_1_330' title='bbox 1668 4562 1743 4606; x_wconf 93' lang='lat' dir='ltr'><strong>eo</strong></span> <span class='ocrx_word' id='word_1_331' title='bbox 1791 4540 1959 4627; x_wconf 92' lang='lat' dir='ltr'><strong>quod</strong></span> <span class='ocrx_word' id='word_1_332' title='bbox 2008 4542 2166 4606; x_wconf 92' lang='lat' dir='ltr'><strong>citat</strong></span> <span class='ocrx_word' id='word_1_333' title='bbox 2211 4561 2290 4605; x_wconf 82' lang='lat' dir='ltr'><strong>ex</strong></span> <span class='ocrx_word' id='word_1_334' title='bbox 2335 4540 2460 4607; x_wconf 87' lang='lat' dir='ltr'><strong>fine</strong></span> <span class='ocrx_word' id='word_1_335' title='bbox 2507 4542 2783 4622; x_wconf 88' lang='lat' dir='ltr'><strong>fabulae,</strong></span> 
     </span>
    </p>
   </div>
  </div>
 </body>
</html>
