<?xml version="1.0" encoding="UTF-8"?>
<!DOCTYPE html PUBLIC "-//W3C//DTD XHTML 1.0 Transitional//EN"
    "http://www.w3.org/TR/xhtml1/DTD/xhtml1-transitional.dtd">
<html xmlns="http://www.w3.org/1999/xhtml" xml:lang="en" lang="en">
 <head>
  <title>
</title>
<meta http-equiv="Content-Type" content="text/html;charset=utf-8" />
  <meta name='ocr-system' content='tesseract 3.04.00' />
  <meta name='ocr-capabilities' content='ocr_page ocr_carea ocr_par ocr_line ocrx_word'/>
</head>
<body>
  <div class='ocr_page' id='page_1' title='image "./mnemosynebiblio13servgoog_0177.png"; bbox 0 0 3392 5384; ppageno 0'>
   <div class='ocr_carea' id='block_1_1' title="bbox 1336 393 2742 495">
    <p class='ocr_par' dir='ltr' id='par_1_1' title="bbox 1336 393 2742 495">
     <span class='ocr_line' id='line_1_1' title="bbox 1336 393 2742 495; baseline 0.001 -3"><span class='ocrx_word' id='word_1_1' title='bbox 1336 393 1345 397; x_wconf 83' lang='lat'>-</span> <span class='ocrx_word' id='word_1_2' title='bbox 1363 441 1743 492; x_wconf 58' lang='lat' dir='ltr'><strong>lum-remon.</strong></span> <span class='ocrx_word' id='word_1_3' title='bbox 2615 429 2647 492; x_wconf 93' lang='lat'>1</span> <span class='ocrx_word' id='word_1_4' title='bbox 2658 429 2742 495; x_wconf 85' lang='lat'><strong>65</strong></span> 
     </span>
    </p>
   </div>
   <div class='ocr_carea' id='block_1_2' title="bbox 339 607 2745 2074">
    <p class='ocr_par' dir='ltr' id='par_1_2' title="bbox 339 607 2745 2074">
     <span class='ocr_line' id='line_1_2' title="bbox 348 607 2745 695; baseline 0.003 -23"><span class='ocrx_word' id='word_1_5' title='bbox 348 608 492 673; x_wconf 92' lang='lat' dir='ltr'><strong>Non</strong></span> <span class='ocrx_word' id='word_1_6' title='bbox 554 610 771 673; x_wconf 89' lang='lat' dir='ltr'><strong>minus</strong></span> <span class='ocrx_word' id='word_1_7' title='bbox 834 609 1093 673; x_wconf 89' lang='lat' dir='ltr'><strong>evidens</strong></span> <span class='ocrx_word' id='word_1_8' title='bbox 1157 612 1255 674; x_wconf 89' lang='lat' dir='ltr'><strong>est</strong></span> <span class='ocrx_word' id='word_1_9' title='bbox 1317 631 1379 695; x_wconf 88' lang='lat' dir='ltr'><strong>p.</strong></span> <span class='ocrx_word' id='word_1_10' title='bbox 1434 607 1674 673; x_wconf 86' lang='lat' dir='ltr'>409A:</span> <span class='ocrx_word' id='word_1_11' title='bbox 1739 609 1853 672; x_wconf 90' lang='lat' dir='ltr'><strong>ubi</strong></span> <span class='ocrx_word' id='word_1_12' title='bbox 1914 609 1992 674; x_wconf 92' lang='lat' dir='ltr'><strong>de</strong></span> <span class='ocrx_word' id='word_1_13' title='bbox 2040 609 2388 677; x_wconf 88' lang='lat' dir='ltr'><strong>derivando</strong></span> <span class='ocrx_word' id='word_1_14' title='bbox 2436 610 2745 678; x_wconf 91' lang='lat' dir='ltr'><strong>vocabulo</strong></span> 
     </span>
     <span class='ocr_line' id='line_1_3' title="bbox 341 712 2741 801; baseline 0.002 -23"><span class='ocrx_word' id='word_1_15' title='bbox 341 712 553 787; x_wconf 82' lang='grc' dir='ltr'><strong><em>Ἥλιος</em></strong></span> <span class='ocrx_word' id='word_1_16' title='bbox 624 717 719 780; x_wconf 80' lang='lat' dir='ltr'><strong>ita</strong></span> <span class='ocrx_word' id='word_1_17' title='bbox 786 714 975 780; x_wconf 82' lang='lat' dir='ltr'><strong>Plato</strong></span> <span class='ocrx_word' id='word_1_18' title='bbox 1046 717 1391 801; x_wconf 77' lang='lat' dir='ltr'>praecipit:</span> <span class='ocrx_word' id='word_1_19' title='bbox 1455 717 1666 780; x_wconf 85' lang='grc' dir='ltr'><strong><em>Ἔοικε</em></strong></span> <span class='ocrx_word' id='word_1_20' title='bbox 1733 716 1927 780; x_wconf 81' lang='grc' dir='ltr'><strong><em>τοίνυν</em></strong></span> <span class='ocrx_word' id='word_1_21' title='bbox 1995 715 2348 792; x_wconf 73' lang='grc' dir='ltr'><strong><em>κατάδηλον</em></strong></span> <span class='ocrx_word' id='word_1_22' title='bbox 2413 718 2741 795; x_wconf 73' lang='grc' dir='ltr'><strong><em>γενόμενον</em></strong></span> 
     </span>
     <span class='ocr_line' id='line_1_4' title="bbox 347 820 2742 905; baseline 0.002 -19"><span class='ocrx_word' id='word_1_23' title='bbox 347 826 596 899; x_wconf 75' lang='grc' dir='ltr'><strong><em>μᾶλλον</em></strong></span> <span class='ocrx_word' id='word_1_24' title='bbox 647 822 696 886; x_wconf 82' lang='grc' dir='ltr'><strong><em>εἷ</em></strong></span> <span class='ocrx_word' id='word_1_25' title='bbox 748 823 830 901; x_wconf 79' lang='grc' dir='ltr'><strong>τῷ</strong></span> <span class='ocrx_word' id='word_1_26' title='bbox 884 824 1126 902; x_wconf 80' lang='grc' dir='ltr'><strong><em>Δωρικῷ</em></strong></span> <span class='ocrx_word' id='word_1_27' title='bbox 1168 845 1258 894; x_wconf 83' lang='grc' dir='ltr'><strong><em>τις</em></strong></span> <span class='ocrx_word' id='word_1_28' title='bbox 1300 820 1557 899; x_wconf 76' lang='grc' dir='ltr'><strong><em>ὀνόματι</em></strong></span> <span class='ocrx_word' id='word_1_29' title='bbox 1598 824 1800 904; x_wconf 76' lang='grc' dir='ltr'><strong><em>χρῷτο</em></strong></span> <span class='ocrx_word' id='word_1_30' title='bbox 1843 820 2103 905; x_wconf 71' lang='grc' dir='ltr'><strong><em>[ἅλιον</em></strong></span> <span class='ocrx_word' id='word_1_31' title='bbox 2143 825 2299 904; x_wconf 71' lang='grc' dir='ltr'><strong>γὰρ</strong></span> <span class='ocrx_word' id='word_1_32' title='bbox 2343 828 2742 891; x_wconf 69' lang='grc' dir='ltr'><strong><em>καλοῦσιν</em></strong></span> 
     </span>
     <span class='ocr_line' id='line_1_5' title="bbox 346 926 2738 1014; baseline 0.002 -22"><span class='ocrx_word' id='word_1_33' title='bbox 346 929 414 992; x_wconf 83' lang='grc' dir='ltr'><strong>οἱ</strong></span> <span class='ocrx_word' id='word_1_34' title='bbox 460 939 511 992; x_wconf 92' lang='grc' dir='ltr'>Δ</span> <span class='ocrx_word' id='word_1_35' title='bbox 534 932 848 1011; x_wconf 64' lang='lat' dir='ltr'><strong>mpure}</strong></span> <span class='ocrx_word' id='word_1_36' title='bbox 891 927 1192 994; x_wconf 77' lang='lat' dir='ltr'>Potestne</span> <span class='ocrx_word' id='word_1_37' title='bbox 1233 927 1553 993; x_wconf 83' lang='lat' dir='ltr'><strong>emblema</strong></span> <span class='ocrx_word' id='word_1_38' title='bbox 1586 949 1740 994; x_wconf 87' lang='lat' dir='ltr'><strong>esse·</strong></span> <span class='ocrx_word' id='word_1_39' title='bbox 1761 926 2083 1014; x_wconf 74' lang='lat' dir='ltr'><strong>apertius?</strong></span> <span class='ocrx_word' id='word_1_40' title='bbox 2122 929 2220 994; x_wconf 92' lang='lat' dir='ltr'><strong>Ne</strong></span> <span class='ocrx_word' id='word_1_41' title='bbox 2246 932 2497 996; x_wconf 89' lang='lat' dir='ltr'><strong>mireris</strong></span> <span class='ocrx_word' id='word_1_42' title='bbox 2521 939 2738 997; x_wconf 88' lang='lat' dir='ltr'><strong>autem</strong></span> 
     </span>
     <span class='ocr_line' id='line_1_6' title="bbox 345 1034 2743 1103; baseline 0.002 -4"><span class='ocrx_word' id='word_1_43' title='bbox 345 1037 413 1099; x_wconf 90' lang='lat' dir='ltr'><strong>in</strong></span> <span class='ocrx_word' id='word_1_44' title='bbox 462 1035 760 1100; x_wconf 88' lang='lat' dir='ltr'><strong>omnibus</strong></span> <span class='ocrx_word' id='word_1_45' title='bbox 809 1034 1131 1100; x_wconf 79' lang='lat' dir='ltr'>codicibus</span> <span class='ocrx_word' id='word_1_46' title='bbox 1177 1037 1411 1100; x_wconf 87' lang='lat' dir='ltr'><strong>nostris</strong></span> <span class='ocrx_word' id='word_1_47' title='bbox 1458 1041 1522 1100; x_wconf 89' lang='lat' dir='ltr'><strong>et</strong></span> <span class='ocrx_word' id='word_1_48' title='bbox 1568 1036 1724 1100; x_wconf 86' lang='lat' dir='ltr'><strong>haec</strong></span> <span class='ocrx_word' id='word_1_49' title='bbox 1771 1041 1837 1100; x_wconf 88' lang='lat' dir='ltr'><strong>et</strong></span> <span class='ocrx_word' id='word_1_50' title='bbox 1883 1034 2010 1100; x_wconf 89' lang='lat' dir='ltr'><strong>alia</strong></span> <span class='ocrx_word' id='word_1_51' title='bbox 2050 1057 2173 1101; x_wconf 90' lang='lat' dir='ltr'><strong>non</strong></span> <span class='ocrx_word' id='word_1_52' title='bbox 2215 1038 2432 1102; x_wconf 90' lang='lat' dir='ltr'><strong>minus</strong></span> <span class='ocrx_word' id='word_1_53' title='bbox 2471 1038 2743 1103; x_wconf 74' lang='lat' dir='ltr'><strong>absurda</strong></span> 
     </span>
     <span class='ocr_line' id='line_1_7' title="bbox 347 1139 2744 1227; baseline 0.001 -20"><span class='ocrx_word' id='word_1_54' title='bbox 347 1141 531 1207; x_wconf 91' lang='lat' dir='ltr'><strong>addi:</strong></span> <span class='ocrx_word' id='word_1_55' title='bbox 595 1140 895 1226; x_wconf 87' lang='lat' dir='ltr'><strong>pleraque</strong></span> <span class='ocrx_word' id='word_1_56' title='bbox 953 1139 1342 1227; x_wconf 77' lang='lat' dir='ltr'><strong>glossemata</strong></span> <span class='ocrx_word' id='word_1_57' title='bbox 1406 1142 1708 1206; x_wconf 89' lang='lat' dir='ltr'><strong>omnibus</strong></span> <span class='ocrx_word' id='word_1_58' title='bbox 1757 1141 2084 1207; x_wconf 83' lang='lat' dir='ltr'><strong>codicibus</strong></span> <span class='ocrx_word' id='word_1_59' title='bbox 2131 1148 2282 1208; x_wconf 90' lang='lat' dir='ltr'><strong>sunt</strong></span> <span class='ocrx_word' id='word_1_60' title='bbox 2326 1142 2539 1209; x_wconf 85' lang='lat' dir='ltr'><strong>multo</strong></span> <span class='ocrx_word' id='word_1_61' title='bbox 2585 1147 2744 1210; x_wconf 83' lang='lat' dir='ltr'><strong>anti-</strong></span> 
     </span>
     <span class='ocr_line' id='line_1_8' title="bbox 346 1245 2739 1336; baseline 0.002 -24"><span class='ocrx_word' id='word_1_62' title='bbox 346 1250 597 1333; x_wconf 89' lang='lat' dir='ltr'><strong>quiora:</strong></span> <span class='ocrx_word' id='word_1_63' title='bbox 643 1246 789 1312; x_wconf 90' lang='lat' dir='ltr'><strong>vide</strong></span> <span class='ocrx_word' id='word_1_64' title='bbox 829 1245 1333 1312; x_wconf 84' lang='lat' dir='ltr'><strong>Stallbaumium</strong></span> <span class='ocrx_word' id='word_1_65' title='bbox 1372 1249 1622 1334; x_wconf 89' lang='lat' dir='ltr'><strong>ipsum,</strong></span> <span class='ocrx_word' id='word_1_66' title='bbox 1663 1251 1774 1333; x_wconf 91' lang='lat' dir='ltr'><strong>qui</strong></span> <span class='ocrx_word' id='word_1_67' title='bbox 1815 1248 1937 1312; x_wconf 91' lang='lat' dir='ltr'><strong>hoc</strong></span> <span class='ocrx_word' id='word_1_68' title='bbox 1961 1247 2301 1314; x_wconf 84' lang='lat' dir='ltr'><strong>confitetur</strong></span> <span class='ocrx_word' id='word_1_69' title='bbox 2326 1249 2404 1314; x_wconf 83' lang='lat' dir='ltr'><strong>ad</strong></span> <span class='ocrx_word' id='word_1_70' title='bbox 2428 1273 2490 1336; x_wconf 92' lang='lat' dir='ltr'><strong>p.</strong></span> <span class='ocrx_word' id='word_1_71' title='bbox 2518 1250 2739 1316; x_wconf 78' lang='lat'><strong>41013.</strong></span> 
     </span>
     <span class='ocr_line' id='line_1_9' title="bbox 344 1351 2738 1438; baseline 0.001 -18"><span class='ocrx_word' id='word_1_72' title='bbox 344 1353 471 1420; x_wconf 85' lang='lat' dir='ltr'><strong>Sed</strong></span> <span class='ocrx_word' id='word_1_73' title='bbox 542 1353 930 1418; x_wconf 87' lang='lat' dir='ltr'><strong>Hartmanni</strong></span> <span class='ocrx_word' id='word_1_74' title='bbox 993 1351 1333 1438; x_wconf 85' lang='lat' dir='ltr'><strong>peculiaris</strong></span> <span class='ocrx_word' id='word_1_75' title='bbox 1403 1358 1499 1418; x_wconf 91' lang='lat' dir='ltr'><strong>est</strong></span> <span class='ocrx_word' id='word_1_76' title='bbox 1568 1352 1644 1417; x_wconf 88' lang='lat' dir='ltr'><strong>de</strong></span> <span class='ocrx_word' id='word_1_77' title='bbox 1706 1352 2110 1418; x_wconf 80' lang='lat' dir='ltr'><strong>emblematis</strong></span> <span class='ocrx_word' id='word_1_78' title='bbox 2173 1354 2398 1420; x_wconf 88' lang='lat' dir='ltr'><strong>doctus</strong></span> <span class='ocrx_word' id='word_1_79' title='bbox 2457 1355 2738 1423; x_wconf 90' lang='lat' dir='ltr'><strong>libellus.</strong></span> 
     </span>
     <span class='ocr_line' id='line_1_10' title="bbox 342 1458 2741 1548; baseline 0.002 -24"><span class='ocrx_word' id='word_1_80' title='bbox 342 1458 778 1524; x_wconf 79' lang='lat' dir='ltr'><strong>Luculentum</strong></span> <span class='ocrx_word' id='word_1_81' title='bbox 840 1461 908 1523; x_wconf 90' lang='lat' dir='ltr'><strong>in</strong></span> <span class='ocrx_word' id='word_1_82' title='bbox 968 1461 1188 1544; x_wconf 89' lang='lat' dir='ltr'><strong>paucis</strong></span> <span class='ocrx_word' id='word_1_83' title='bbox 1235 1458 1608 1544; x_wconf 88' lang='lat' dir='ltr'><strong>exemplum</strong></span> <span class='ocrx_word' id='word_1_84' title='bbox 1654 1460 1917 1544; x_wconf 87' lang='lat' dir='ltr'><strong>praebet</strong></span> <span class='ocrx_word' id='word_1_85' title='bbox 1963 1459 2198 1546; x_wconf 86' lang='lat' dir='ltr'><strong>duplex</strong></span> <span class='ocrx_word' id='word_1_86' title='bbox 2248 1462 2481 1526; x_wconf 80' lang='lat' dir='ltr'><strong>Boethi</strong></span> <span class='ocrx_word' id='word_1_87' title='bbox 2527 1461 2741 1548; x_wconf 83' lang='lat' dir='ltr'><strong>glossa</strong></span> 
     </span>
     <span class='ocr_line' id='line_1_11' title="bbox 343 1564 2740 1652; baseline 0.001 -21"><span class='ocrx_word' id='word_1_88' title='bbox 343 1565 514 1652; x_wconf 88' lang='lat' dir='ltr'><strong>apud</strong></span> <span class='ocrx_word' id='word_1_89' title='bbox 575 1565 885 1630; x_wconf 91' lang='lat' dir='ltr'><strong>Photium</strong></span> <span class='ocrx_word' id='word_1_90' title='bbox 950 1587 1013 1630; x_wconf 88' lang='lat' dir='ltr'><strong>v.</strong></span> <span class='ocrx_word' id='word_1_91' title='bbox 1062 1564 1327 1645; x_wconf 72' lang='grc' dir='ltr'><strong><em>ςαθερόν.</em></strong></span> <span class='ocrx_word' id='word_1_92' title='bbox 1382 1565 1645 1645; x_wconf 79' lang='lat' dir='ltr'><strong>Quando</strong></span> <span class='ocrx_word' id='word_1_93' title='bbox 1694 1566 1800 1630; x_wconf 91' lang='lat' dir='ltr'><strong>hic</strong></span> <span class='ocrx_word' id='word_1_94' title='bbox 1851 1568 2123 1645; x_wconf 86' lang='lat' dir='ltr'><strong>vixerit,</strong></span> <span class='ocrx_word' id='word_1_95' title='bbox 2172 1568 2345 1633; x_wconf 87' lang='lat' dir='ltr'><strong>haud</strong></span> <span class='ocrx_word' id='word_1_96' title='bbox 2396 1570 2552 1633; x_wconf 86' lang='lat' dir='ltr'><strong>satis</strong></span> <span class='ocrx_word' id='word_1_97' title='bbox 2600 1590 2740 1635; x_wconf 89' lang='lat' dir='ltr'><strong>eon-</strong></span> 
     </span>
     <span class='ocr_line' id='line_1_12' title="bbox 342 1671 2740 1762; baseline 0.002 -24"><span class='ocrx_word' id='word_1_98' title='bbox 342 1677 509 1750; x_wconf 89' lang='lat' dir='ltr'><strong>stat,</strong></span> <span class='ocrx_word' id='word_1_99' title='bbox 560 1671 670 1737; x_wconf 88' lang='lat' dir='ltr'><strong>sed</strong></span> <span class='ocrx_word' id='word_1_100' title='bbox 714 1679 1175 1757; x_wconf 85' lang='lat' dir='ltr'><strong>apparet-eum</strong></span> <span class='ocrx_word' id='word_1_101' title='bbox 1224 1673 1420 1737; x_wconf 90' lang='lat' dir='ltr'><strong>fuisse</strong></span> <span class='ocrx_word' id='word_1_102' title='bbox 1468 1672 1730 1738; x_wconf 88' lang='lat' dir='ltr'><strong>doctum</strong></span> <span class='ocrx_word' id='word_1_103' title='bbox 1772 1678 1837 1738; x_wconf 90' lang='lat' dir='ltr'><strong>et</strong></span> <span class='ocrx_word' id='word_1_104' title='bbox 1883 1681 2255 1739; x_wconf 83' lang='lat' dir='ltr'><strong>accuratum</strong></span> <span class='ocrx_word' id='word_1_105' title='bbox 2295 1680 2360 1741; x_wconf 84' lang='lat' dir='ltr'><strong>et</strong></span> <span class='ocrx_word' id='word_1_106' title='bbox 2399 1696 2740 1762; x_wconf 85' lang='lat' dir='ltr'><strong>usurpasse</strong></span> 
     </span>
     <span class='ocr_line' id='line_1_13' title="bbox 342 1779 2738 1865; baseline 0 -20"><span class='ocrx_word' id='word_1_107' title='bbox 342 1782 593 1865; x_wconf 91' lang='lat' dir='ltr'><strong>optima</strong></span> <span class='ocrx_word' id='word_1_108' title='bbox 652 1781 719 1844; x_wconf 91' lang='lat' dir='ltr'><strong>in</strong></span> <span class='ocrx_word' id='word_1_109' title='bbox 782 1779 1111 1845; x_wconf 87' lang='lat' dir='ltr'><strong>scribendo</strong></span> <span class='ocrx_word' id='word_1_110' title='bbox 1183 1779 1514 1865; x_wconf 87' lang='lat' dir='ltr'><strong>praesidia.</strong></span> <span class='ocrx_word' id='word_1_111' title='bbox 1563 1779 1821 1845; x_wconf 88' lang='lat' dir='ltr'><strong>Invenit</strong></span> <span class='ocrx_word' id='word_1_112' title='bbox 1869 1785 2086 1844; x_wconf 89' lang='lat' dir='ltr'><strong>tamen</strong></span> <span class='ocrx_word' id='word_1_113' title='bbox 2131 1783 2198 1845; x_wconf 90' lang='lat' dir='ltr'><strong>in</strong></span> <span class='ocrx_word' id='word_1_114' title='bbox 2248 1782 2460 1847; x_wconf 89' lang='lat' dir='ltr'><strong>codice</strong></span> <span class='ocrx_word' id='word_1_115' title='bbox 2509 1803 2624 1848; x_wconf 90' lang='lat' dir='ltr'><strong>suo</strong></span> <span class='ocrx_word' id='word_1_116' title='bbox 2672 1785 2738 1847; x_wconf 90' lang='lat' dir='ltr'><strong>in</strong></span> 
     </span>
     <span class='ocr_line' id='line_1_14' title="bbox 339 1884 2740 1974; baseline 0.001 -24"><span class='ocrx_word' id='word_1_117' title='bbox 339 1886 621 1952; x_wconf 85' lang='lat' dir='ltr'><strong>Phaedri</strong></span> <span class='ocrx_word' id='word_1_118' title='bbox 679 1884 817 1972; x_wconf 88' lang='lat' dir='ltr'><strong>loco</strong></span> <span class='ocrx_word' id='word_1_119' title='bbox 883 1888 1221 1952; x_wconf 83' lang='lat' dir='ltr'><strong>notissimo</strong></span> <span class='ocrx_word' id='word_1_120' title='bbox 1282 1888 1576 1971; x_wconf 90' lang='lat' dir='ltr'><strong>ineptum</strong></span> <span class='ocrx_word' id='word_1_121' title='bbox 1636 1885 1803 1951; x_wconf 93' lang='lat' dir='ltr'><strong>illud</strong></span> <span class='ocrx_word' id='word_1_122' title='bbox 1868 1885 2222 1966; x_wconf 87' lang='lat' dir='ltr'><strong>emblema,</strong></span> <span class='ocrx_word' id='word_1_123' title='bbox 2273 1888 2444 1972; x_wconf 91' lang='lat' dir='ltr'><strong>quod</strong></span> <span class='ocrx_word' id='word_1_124' title='bbox 2490 1890 2740 1974; x_wconf 86' lang='lat' dir='ltr'><strong>primus</strong></span> 
     </span>
     <span class='ocr_line' id='line_1_15' title="bbox 339 1991 2006 2074; baseline 0 -16"><span class='ocrx_word' id='word_1_125' title='bbox 339 1991 768 2058; x_wconf 87' lang='lat' dir='ltr'><strong>Ruhnkenius</strong></span> <span class='ocrx_word' id='word_1_126' title='bbox 814 1994 1100 2058; x_wconf 90' lang='lat' dir='ltr'><strong>notavit:</strong></span> <span class='ocrx_word' id='word_1_127' title='bbox 1152 1994 1185 2068; x_wconf 79' lang='grc' dir='ltr'><em>ἦ</em></span> <span class='ocrx_word' id='word_1_128' title='bbox 1236 1992 1306 2066; x_wconf 66' lang='grc' dir='ltr'><strong>δὴ</strong></span> <span class='ocrx_word' id='word_1_129' title='bbox 1355 1991 1705 2070; x_wconf 77' lang='grc' dir='ltr'><strong><em>καλουμένη</em></strong></span> <span class='ocrx_word' id='word_1_130' title='bbox 1756 1992 2006 2074; x_wconf 75' lang='grc' dir='ltr'><strong><em>ςαθεροὶ.</em></strong></span> 
     </span>
    </p>
   </div>
   <div class='ocr_carea' id='block_1_3' title="bbox 332 2202 2748 4419">
    <p class='ocr_par' dir='ltr' id='par_1_3' title="bbox 332 2202 2748 4419">
     <span class='ocr_line' id='line_1_16' title="bbox 435 2202 2733 2291; baseline -0.001 -17"><span class='ocrx_word' id='word_1_131' title='bbox 435 2205 687 2273; x_wconf 79' lang='lat' dir='ltr'><strong>Norunt</strong></span> <span class='ocrx_word' id='word_1_132' title='bbox 747 2208 878 2271; x_wconf 87' lang='lat' dir='ltr'><strong>viri</strong></span> <span class='ocrx_word' id='word_1_133' title='bbox 938 2202 1108 2271; x_wconf 86' lang='lat' dir='ltr'><strong>docti</strong></span> <span class='ocrx_word' id='word_1_134' title='bbox 1169 2207 1531 2291; x_wconf 87' lang='lat' dir='ltr'><strong>frequenter</strong></span> <span class='ocrx_word' id='word_1_135' title='bbox 1575 2205 1879 2272; x_wconf 89' lang='lat' dir='ltr'><strong>confundi</strong></span> <span class='ocrx_word' id='word_1_136' title='bbox 1925 2205 2126 2273; x_wconf 88' lang='lat' dir='ltr'><strong>solere</strong></span> <span class='ocrx_word' id='word_1_137' title='bbox 2173 2208 2367 2273; x_wconf 88' lang='lat' dir='ltr'><strong>verba</strong></span> <span class='ocrx_word' id='word_1_138' title='bbox 2412 2207 2617 2287; x_wconf 79' lang='grc' dir='ltr'><strong><em>φέρειν</em></strong></span> <span class='ocrx_word' id='word_1_139' title='bbox 2668 2213 2733 2272; x_wconf 88' lang='lat' dir='ltr'><strong>et</strong></span> 
     </span>
     <span class='ocr_line' id='line_1_17' title="bbox 342 2311 2736 2399; baseline -0.002 -16"><span class='ocrx_word' id='word_1_140' title='bbox 342 2313 609 2396; x_wconf 61' lang='grc' dir='ltr'><strong><em>τρέφειν,</em></strong></span> <span class='ocrx_word' id='word_1_141' title='bbox 677 2312 1066 2398; x_wconf 85' lang='lat' dir='ltr'><strong>Exemplum</strong></span> <span class='ocrx_word' id='word_1_142' title='bbox 1119 2313 1431 2378; x_wconf 90' lang='lat' dir='ltr'><strong>habemus</strong></span> <span class='ocrx_word' id='word_1_143' title='bbox 1478 2335 1540 2398; x_wconf 90' lang='lat' dir='ltr'><strong>p.</strong></span> <span class='ocrx_word' id='word_1_144' title='bbox 1591 2311 1720 2376; x_wconf 86' lang='lat'><strong>411</strong></span> <span class='ocrx_word' id='word_1_145' title='bbox 1742 2313 1814 2390; x_wconf 92' lang='lat' dir='ltr'><strong>B,</strong></span> <span class='ocrx_word' id='word_1_146' title='bbox 1864 2313 1978 2378; x_wconf 91' lang='lat' dir='ltr'><strong>ubi</strong></span> <span class='ocrx_word' id='word_1_147' title='bbox 2023 2313 2099 2378; x_wconf 94' lang='lat' dir='ltr'><strong>de</strong></span> <span class='ocrx_word' id='word_1_148' title='bbox 2147 2312 2531 2378; x_wconf 88' lang='lat' dir='ltr'><strong>Heracliteis</strong></span> <span class='ocrx_word' id='word_1_149' title='bbox 2580 2313 2736 2399; x_wconf 88' lang='lat' dir='ltr'><strong>legi-</strong></span> 
     </span>
     <span class='ocr_line' id='line_1_18' title="bbox 338 2414 2732 2500; baseline -0.001 -14"><span class='ocrx_word' id='word_1_150' title='bbox 338 2441 523 2486; x_wconf 87' lang='lat' dir='ltr'><strong>mus:</strong></span> <span class='ocrx_word' id='word_1_151' title='bbox 592 2421 705 2486; x_wconf 83' lang='grc' dir='ltr'><strong>ὖπὸ</strong></span> <span class='ocrx_word' id='word_1_152' title='bbox 771 2425 879 2484; x_wconf 81' lang='grc' dir='ltr'><strong>τοῦ</strong></span> <span class='ocrx_word' id='word_1_153' title='bbox 947 2419 1151 2484; x_wconf 69' lang='grc' dir='ltr'><strong><em>πυκνοὶ</em></strong></span> <span class='ocrx_word' id='word_1_154' title='bbox 1216 2418 1860 2498; x_wconf 68' lang='grc' dir='ltr'><strong><em>περιςρέφεσθκι</em></strong></span> <span class='ocrx_word' id='word_1_155' title='bbox 1923 2417 2246 2499; x_wconf 75' lang='grc' dir='ltr'><strong><em>ζητοῦντες</em></strong></span> <span class='ocrx_word' id='word_1_156' title='bbox 2299 2414 2416 2500; x_wconf 69' lang='grc' dir='ltr'><strong>ὅπῃ</strong></span> <span class='ocrx_word' id='word_1_157' title='bbox 2463 2417 2596 2500; x_wconf 78' lang='grc' dir='ltr'><strong><em>ἔχει</em></strong></span> <span class='ocrx_word' id='word_1_158' title='bbox 2647 2421 2732 2484; x_wconf 81' lang='grc' dir='ltr'><strong>τοὶ</strong></span> 
     </span>
     <span class='ocr_line' id='line_1_19' title="bbox 340 2521 2731 2605; baseline -0.001 -13"><span class='ocrx_word' id='word_1_159' title='bbox 340 2526 528 2604; x_wconf 72' lang='grc' dir='ltr'><strong><em>ὄντα,</em></strong></span> <span class='ocrx_word' id='word_1_160' title='bbox 577 2526 674 2591; x_wconf 67' lang='grc' dir='ltr'><strong><em>ἀεὶ</em></strong></span> <span class='ocrx_word' id='word_1_161' title='bbox 725 2527 1039 2604; x_wconf 60' lang='lat' dir='ltr'><strong>myrteos</strong></span> <span class='ocrx_word' id='word_1_162' title='bbox 1091 2521 1342 2589; x_wconf 77' lang='grc' dir='ltr'><strong><em>κᾶπειτ’</em></strong></span> <span class='ocrx_word' id='word_1_163' title='bbox 1393 2526 1601 2595; x_wconf 72' lang='grc' dir='ltr'><strong><em>αὐτοῖς</em></strong></span> <span class='ocrx_word' id='word_1_164' title='bbox 1654 2523 1953 2598; x_wconf 68' lang='grc' dir='ltr'><strong><em>Φαίνεται</em></strong></span> <span class='ocrx_word' id='word_1_165' title='bbox 2003 2524 2598 2605; x_wconf 66' lang='grc' dir='ltr'><strong><em>περιφέρεσθαι</em></strong></span> <span class='ocrx_word' id='word_1_166' title='bbox 2646 2527 2731 2589; x_wconf 75' lang='grc' dir='ltr'><strong>τοὶ</strong></span> 
     </span>
     <span class='ocr_line' id='line_1_20' title="bbox 340 2629 2733 2717; baseline -0.001 -18"><span class='ocrx_word' id='word_1_167' title='bbox 340 2633 726 2714; x_wconf 70' lang='grc' dir='ltr'><strong><em>πράγματα.</em></strong></span> <span class='ocrx_word' id='word_1_168' title='bbox 786 2632 957 2697; x_wconf 86' lang='lat' dir='ltr'><strong>Fieri</strong></span> <span class='ocrx_word' id='word_1_169' title='bbox 1021 2636 1228 2717; x_wconf 83' lang='lat' dir='ltr'><strong>potest</strong></span> <span class='ocrx_word' id='word_1_170' title='bbox 1287 2636 1362 2695; x_wconf 93' lang='lat' dir='ltr'><strong>ut</strong></span> <span class='ocrx_word' id='word_1_171' title='bbox 1431 2629 1634 2708; x_wconf 89' lang='lat' dir='ltr'><strong>fallar,</strong></span> <span class='ocrx_word' id='word_1_172' title='bbox 1695 2636 1775 2696; x_wconf 90' lang='lat' dir='ltr'><strong>ut</strong></span> <span class='ocrx_word' id='word_1_173' title='bbox 1821 2652 2074 2716; x_wconf 90' lang='lat' dir='ltr'><strong>semper</strong></span> <span class='ocrx_word' id='word_1_174' title='bbox 2119 2636 2363 2716; x_wconf 89' lang='lat' dir='ltr'><strong>potest,</strong></span> <span class='ocrx_word' id='word_1_175' title='bbox 2411 2631 2521 2698; x_wconf 87' lang='lat' dir='ltr'><strong>sed</strong></span> <span class='ocrx_word' id='word_1_176' title='bbox 2569 2631 2733 2696; x_wconf 92' lang='lat' dir='ltr'><strong>mibi</strong></span> 
     </span>
     <span class='ocr_line' id='line_1_21' title="bbox 336 2736 2731 2826; baseline -0.001 -20"><span class='ocrx_word' id='word_1_177' title='bbox 336 2742 720 2826; x_wconf 87' lang='lat' dir='ltr'><strong>compositio</strong></span> <span class='ocrx_word' id='word_1_178' title='bbox 783 2738 955 2804; x_wconf 90' lang='lat' dir='ltr'><strong>haud</strong></span> <span class='ocrx_word' id='word_1_179' title='bbox 1016 2740 1171 2803; x_wconf 88' lang='lat' dir='ltr'><strong>satis</strong></span> <span class='ocrx_word' id='word_1_180' title='bbox 1234 2736 1439 2802; x_wconf 89' lang='lat' dir='ltr'><strong>nitida</strong></span> <span class='ocrx_word' id='word_1_181' title='bbox 1501 2736 1760 2802; x_wconf 90' lang='lat' dir='ltr'><strong>videtur</strong></span> <span class='ocrx_word' id='word_1_182' title='bbox 1821 2757 1989 2803; x_wconf 86' lang='lat' dir='ltr'><strong>esse:</strong></span> <span class='ocrx_word' id='word_1_183' title='bbox 2053 2740 2177 2824; x_wconf 90' lang='lat' dir='ltr'><strong>ipsi</strong></span> <span class='ocrx_word' id='word_1_184' title='bbox 2225 2737 2731 2819; x_wconf 81' lang='grc' dir='ltr'><strong><em>περιςρέφοντοιι,</em></strong></span> 
     </span>
     <span class='ocr_line' id='line_1_22' title="bbox 335 2844 2748 2931; baseline -0.001 -19"><span class='ocrx_word' id='word_1_185' title='bbox 335 2847 488 2912; x_wconf 89' lang='lat' dir='ltr'><strong>hinc</strong></span> <span class='ocrx_word' id='word_1_186' title='bbox 534 2845 608 2912; x_wconf 91' lang='lat' dir='ltr'><strong>fit</strong></span> <span class='ocrx_word' id='word_1_187' title='bbox 656 2850 729 2909; x_wconf 90' lang='lat' dir='ltr'><strong>ut</strong></span> <span class='ocrx_word' id='word_1_188' title='bbox 775 2850 1005 2930; x_wconf 91' lang='lat' dir='ltr'><strong>putent</strong></span> <span class='ocrx_word' id='word_1_189' title='bbox 1053 2866 1153 2910; x_wconf 89' lang='lat' dir='ltr'><strong>res</strong></span> <span class='ocrx_word' id='word_1_190' title='bbox 1200 2844 1649 2924; x_wconf 74' lang='grc' dir='ltr'><strong><em>περιφέρεσθαι.</em></strong></span> <span class='ocrx_word' id='word_1_191' title='bbox 1701 2845 1872 2908; x_wconf 89' lang='lat' dir='ltr'><strong>Mihi</strong></span> <span class='ocrx_word' id='word_1_192' title='bbox 1919 2865 2123 2909; x_wconf 89' lang='lat' dir='ltr'><strong>unum</strong></span> <span class='ocrx_word' id='word_1_193' title='bbox 2172 2845 2445 2911; x_wconf 87' lang='lat' dir='ltr'><strong>verbum</strong></span> <span class='ocrx_word' id='word_1_194' title='bbox 2493 2847 2748 2931; x_wconf 68' lang='lat' dir='ltr'><strong>requiri</strong></span> 
     </span>
     <span class='ocr_line' id='line_1_23' title="bbox 334 2949 2730 3038; baseline -0.001 -19"><span class='ocrx_word' id='word_1_195' title='bbox 334 2953 611 3019; x_wconf 83' lang='lat' dir='ltr'><strong>videtur‘</strong></span> <span class='ocrx_word' id='word_1_196' title='bbox 645 2958 745 3030; x_wconf 89' lang='lat' dir='ltr'><strong>et,</strong></span> <span class='ocrx_word' id='word_1_197' title='bbox 798 2951 1147 3016; x_wconf 92' lang='lat' dir='ltr'><strong>dummodo</strong></span> <span class='ocrx_word' id='word_1_198' title='bbox 1196 2951 1539 3016; x_wconf 88' lang='lat' dir='ltr'><strong>discrimen</strong></span> <span class='ocrx_word' id='word_1_199' title='bbox 1586 2958 1758 3016; x_wconf 88' lang='lat' dir='ltr'><strong>recte</strong></span> <span class='ocrx_word' id='word_1_200' title='bbox 1804 2949 2205 3038; x_wconf 80' lang='lat' dir='ltr'><strong>intelligam,</strong></span> <span class='ocrx_word' id='word_1_201' title='bbox 2253 2952 2730 3018; x_wconf 87' lang='lat' dir='ltr'><strong>rescribendum</strong></span> 
     </span>
     <span class='ocr_line' id='line_1_24' title="bbox 335 3057 2730 3143; baseline -0 -18"><span class='ocrx_word' id='word_1_202' title='bbox 335 3062 460 3126; x_wconf 85' lang='lat' dir='ltr'><strong>erit</strong></span> <span class='ocrx_word' id='word_1_203' title='bbox 524 3057 1113 3138; x_wconf 70' lang='grc' dir='ltr'><strong><em>περιφέρεσθαι</em></strong></span> <span class='ocrx_word' id='word_1_204' title='bbox 1182 3079 1296 3143; x_wconf 89' lang='lat' dir='ltr'><strong>pro</strong></span> <span class='ocrx_word' id='word_1_205' title='bbox 1351 3058 1845 3137; x_wconf 70' lang='grc' dir='ltr'><strong><em>περι-τρέφεσθαι.</em></strong></span> <span class='ocrx_word' id='word_1_206' title='bbox 1910 3058 2056 3122; x_wconf 93' lang='lat' dir='ltr'><strong>Non</strong></span> <span class='ocrx_word' id='word_1_207' title='bbox 2119 3079 2321 3143; x_wconf 89' lang='lat' dir='ltr'><strong>urgeo</strong></span> <span class='ocrx_word' id='word_1_208' title='bbox 2368 3058 2730 3124; x_wconf 90' lang='lat' dir='ltr'><strong>Moeridem</strong></span> 
     </span>
     <span class='ocr_line' id='line_1_25' title="bbox 332 3163 2727 3251; baseline -0.001 -19"><span class='ocrx_word' id='word_1_209' title='bbox 332 3164 656 3251; x_wconf 88' lang='lat' dir='ltr'><strong>explicare</strong></span> <span class='ocrx_word' id='word_1_210' title='bbox 720 3165 789 3228; x_wconf 82' lang='grc' dir='ltr'><strong>τὸ</strong></span> <span class='ocrx_word' id='word_1_211' title='bbox 856 3166 1147 3242; x_wconf 71' lang='grc' dir='ltr'><strong><em>ἰλιγγιᾶν</em></strong></span> <span class='ocrx_word' id='word_1_212' title='bbox 1210 3185 1324 3248; x_wconf 89' lang='lat' dir='ltr'><strong>per</strong></span> <span class='ocrx_word' id='word_1_213' title='bbox 1371 3165 1840 3243; x_wconf 76' lang='grc' dir='ltr'><strong><em>περιφέρεσθαι,</em></strong></span> <span class='ocrx_word' id='word_1_214' title='bbox 1889 3185 2037 3248; x_wconf 74' lang='lat' dir='ltr'><strong>nam</strong></span> <span class='ocrx_word' id='word_1_215' title='bbox 2081 3167 2145 3228; x_wconf 88' lang='lat' dir='ltr'><strong>in</strong></span> <span class='ocrx_word' id='word_1_216' title='bbox 2200 3163 2437 3229; x_wconf 87' lang='lat' dir='ltr'><strong>talibus</strong></span> <span class='ocrx_word' id='word_1_217' title='bbox 2482 3167 2727 3230; x_wconf 90' lang='lat' dir='ltr'><strong>nemini</strong></span> 
     </span>
     <span class='ocr_line' id='line_1_26' title="bbox 334 3270 2729 3357; baseline 0 -21"><span class='ocrx_word' id='word_1_218' title='bbox 334 3271 586 3337; x_wconf 88' lang='lat' dir='ltr'><strong>dicendi</strong></span> <span class='ocrx_word' id='word_1_219' title='bbox 647 3274 750 3336; x_wconf 90' lang='lat' dir='ltr'><strong>ius</strong></span> <span class='ocrx_word' id='word_1_220' title='bbox 814 3276 911 3336; x_wconf 89' lang='lat' dir='ltr'><strong>est</strong></span> <span class='ocrx_word' id='word_1_221' title='bbox 966 3275 1411 3357; x_wconf 86' lang='lat' dir='ltr'><strong>praeterquam</strong></span> <span class='ocrx_word' id='word_1_222' title='bbox 1462 3272 1677 3334; x_wconf 89' lang='lat' dir='ltr'><strong>Attico</strong></span> <span class='ocrx_word' id='word_1_223' title='bbox 1727 3271 2053 3352; x_wconf 88' lang='lat' dir='ltr'><strong>scriptori:</strong></span> <span class='ocrx_word' id='word_1_224' title='bbox 2103 3280 2341 3334; x_wconf 89' lang='lat' dir='ltr'><strong>ceteros</strong></span> <span class='ocrx_word' id='word_1_225' title='bbox 2388 3270 2729 3336; x_wconf 86' lang='lat' dir='ltr'><strong>discrimen</strong></span> 
     </span>
     <span class='ocr_line' id='line_1_27' title="bbox 333 3373 2728 3462; baseline -0.002 -17"><span class='ocrx_word' id='word_1_226' title='bbox 333 3378 679 3446; x_wconf 83' lang='lat' dir='ltr'><strong>violavisse</strong></span> <span class='ocrx_word' id='word_1_227' title='bbox 740 3399 865 3442; x_wconf 89' lang='lat' dir='ltr'><strong>non</strong></span> <span class='ocrx_word' id='word_1_228' title='bbox 928 3377 1323 3462; x_wconf 87' lang='lat' dir='ltr'><strong>negaverim.</strong></span> <span class='ocrx_word' id='word_1_229' title='bbox 1393 3373 1657 3439; x_wconf 89' lang='lat' dir='ltr'><strong>Videtur</strong></span> <span class='ocrx_word' id='word_1_230' title='bbox 1721 3380 1939 3440; x_wconf 88' lang='lat' dir='ltr'><strong>autem</strong></span> <span class='ocrx_word' id='word_1_231' title='bbox 1987 3377 2022 3450; x_wconf 76' lang='grc' dir='ltr'>ἡ</span> <span class='ocrx_word' id='word_1_232' title='bbox 2072 3374 2371 3453; x_wconf 74' lang='grc' dir='ltr'><strong><em>περιφορὰ</em></strong></span> <span class='ocrx_word' id='word_1_233' title='bbox 2422 3380 2728 3460; x_wconf 85' lang='lat' dir='ltr'><strong>perpetuo</strong></span> 
     </span>
     <span class='ocr_line' id='line_1_28' title="bbox 332 3481 2732 3567; baseline -0.001 -14"><span class='ocrx_word' id='word_1_234' title='bbox 332 3486 471 3554; x_wconf 88' lang='lat' dir='ltr'><strong>fieri</strong></span> <span class='ocrx_word' id='word_1_235' title='bbox 520 3491 586 3551; x_wconf 87' lang='lat' dir='ltr'><strong>et</strong></span> <span class='ocrx_word' id='word_1_236' title='bbox 630 3507 756 3550; x_wconf 90' lang='lat' dir='ltr'><strong>non</strong></span> <span class='ocrx_word' id='word_1_237' title='bbox 796 3505 1038 3550; x_wconf 84' lang='lat' dir='ltr'><strong>cessare</strong></span> <span class='ocrx_word' id='word_1_238' title='bbox 1082 3483 1238 3548; x_wconf 91' lang='lat' dir='ltr'><strong>dum</strong></span> <span class='ocrx_word' id='word_1_239' title='bbox 1284 3481 1623 3567; x_wconf 84' lang='lat' dir='ltr'><strong>aliquoties</strong></span> <span class='ocrx_word' id='word_1_240' title='bbox 1669 3484 1978 3546; x_wconf 87' lang='lat' dir='ltr'><strong>iteratur:</strong></span> <span class='ocrx_word' id='word_1_241' title='bbox 2040 3482 2073 3556; x_wconf 80' lang='grc' dir='ltr'><strong><em>ἡ</em></strong></span> <span class='ocrx_word' id='word_1_242' title='bbox 2127 3483 2458 3562; x_wconf 72' lang='grc' dir='ltr'><strong><em>περιςροφὴ</em></strong></span> <span class='ocrx_word' id='word_1_243' title='bbox 2509 3490 2732 3550; x_wconf 90' lang='lat' dir='ltr'><strong>contra</strong></span> 
     </span>
     <span class='ocr_line' id='line_1_29' title="bbox 332 3587 2726 3674; baseline -0.001 -17"><span class='ocrx_word' id='word_1_244' title='bbox 332 3597 573 3668; x_wconf 89' lang='lat' dir='ltr'><strong>cessat,</strong></span> <span class='ocrx_word' id='word_1_245' title='bbox 621 3591 736 3655; x_wconf 92' lang='lat' dir='ltr'><strong>ubi</strong></span> <span class='ocrx_word' id='word_1_246' title='bbox 781 3590 862 3656; x_wconf 90' lang='lat' dir='ltr'><strong>ad</strong></span> <span class='ocrx_word' id='word_1_247' title='bbox 910 3595 1151 3655; x_wconf 85' lang='lat' dir='ltr'><strong>metam</strong></span> <span class='ocrx_word' id='word_1_248' title='bbox 1201 3587 1484 3672; x_wconf 86' lang='lat' dir='ltr'><strong>aliquam</strong></span> <span class='ocrx_word' id='word_1_249' title='bbox 1533 3589 1916 3674; x_wconf 87' lang='lat' dir='ltr'><strong>pervenerit.</strong></span> <span class='ocrx_word' id='word_1_250' title='bbox 1968 3587 2217 3653; x_wconf 86' lang='lat' dir='ltr'><strong>Milites</strong></span> <span class='ocrx_word' id='word_1_251' title='bbox 2260 3587 2726 3668; x_wconf 76' lang='grc' dir='ltr'><strong><em>περιςρέφονται</em></strong></span> 
     </span>
     <span class='ocr_line' id='line_1_30' title="bbox 335 3695 2729 3783; baseline -0.001 -19"><span class='ocrx_word' id='word_1_252' title='bbox 335 3704 403 3764; x_wconf 86' lang='lat' dir='ltr'><strong>et</strong></span> <span class='ocrx_word' id='word_1_253' title='bbox 462 3699 740 3783; x_wconf 89' lang='lat' dir='ltr'><strong>pertinet</strong></span> <span class='ocrx_word' id='word_1_254' title='bbox 797 3717 870 3762; x_wconf 88' lang='lat' dir='ltr'><strong>ea</strong></span> <span class='ocrx_word' id='word_1_255' title='bbox 916 3716 1014 3760; x_wconf 89' lang='lat' dir='ltr'><strong>res</strong></span> <span class='ocrx_word' id='word_1_256' title='bbox 1064 3695 1142 3761; x_wconf 88' lang='lat' dir='ltr'><strong>ad</strong></span> <span class='ocrx_word' id='word_1_257' title='bbox 1189 3697 1519 3768; x_wconf 74' lang='grc' dir='ltr'><strong><em>τακτικήν·</em></strong></span> <span class='ocrx_word' id='word_1_258' title='bbox 1572 3699 1784 3780; x_wconf 88' lang='lat' dir='ltr'><strong>potest</strong></span> <span class='ocrx_word' id='word_1_259' title='bbox 1830 3697 2084 3780; x_wconf 87' lang='lat' dir='ltr'><strong>saepius</strong></span> <span class='ocrx_word' id='word_1_260' title='bbox 2133 3695 2209 3760; x_wconf 89' lang='lat' dir='ltr'><strong>de</strong></span> <span class='ocrx_word' id='word_1_261' title='bbox 2255 3716 2422 3760; x_wconf 93' lang='lat' dir='ltr'><strong>novo</strong></span> <span class='ocrx_word' id='word_1_262' title='bbox 2469 3698 2729 3763; x_wconf 86' lang='lat' dir='ltr'><strong>institui</strong></span> 
     </span>
     <span class='ocr_line' id='line_1_31' title="bbox 333 3802 2724 3887; baseline -0 -18"><span class='ocrx_word' id='word_1_263' title='bbox 333 3807 401 3869; x_wconf 92' lang='lat' dir='ltr'><strong>in</strong></span> <span class='ocrx_word' id='word_1_264' title='bbox 463 3825 655 3868; x_wconf 86' lang='lat' dir='ltr'><strong>usum</strong></span> <span class='ocrx_word' id='word_1_265' title='bbox 719 3808 783 3868; x_wconf 88' lang='lat' dir='ltr'><strong>et</strong></span> <span class='ocrx_word' id='word_1_266' title='bbox 831 3804 1353 3868; x_wconf 82' lang='lat' dir='ltr'><strong>exercitationem</strong></span> <span class='ocrx_word' id='word_1_267' title='bbox 1403 3804 1729 3879; x_wconf 84' lang='lat' dir='ltr'><strong>tironum,</strong></span> <span class='ocrx_word' id='word_1_268' title='bbox 1777 3823 1903 3867; x_wconf 90' lang='lat' dir='ltr'><strong>non</strong></span> <span class='ocrx_word' id='word_1_269' title='bbox 1951 3807 2162 3887; x_wconf 89' lang='lat' dir='ltr'><strong>potest</strong></span> <span class='ocrx_word' id='word_1_270' title='bbox 2208 3807 2518 3887; x_wconf 89' lang='lat' dir='ltr'><strong>perpetuo</strong></span> <span class='ocrx_word' id='word_1_271' title='bbox 2566 3802 2724 3868; x_wconf 89' lang='lat' dir='ltr'><strong>fieri.</strong></span> 
     </span>
     <span class='ocr_line' id='line_1_32' title="bbox 336 3889 2726 3993; baseline -0.001 -17"><span class='ocrx_word' id='word_1_272' title='bbox 336 3889 526 3976; x_wconf 75' lang='lat' dir='ltr'><strong>Astra</strong></span> <span class='ocrx_word' id='word_1_273' title='bbox 570 3914 788 3975; x_wconf 84' lang='lat' dir='ltr'><strong>contra</strong></span> <span class='ocrx_word' id='word_1_274' title='bbox 837 3909 1226 3988; x_wconf 70' lang='grc' dir='ltr'><strong><em>περιφέρεται</em></strong></span> <span class='ocrx_word' id='word_1_275' title='bbox 1281 3915 1346 3972; x_wconf 89' lang='lat' dir='ltr'><strong>et</strong></span> <span class='ocrx_word' id='word_1_276' title='bbox 1394 3907 1576 3973; x_wconf 83' lang='lat' dir='ltr'><strong>Ixion</strong></span> <span class='ocrx_word' id='word_1_277' title='bbox 1615 3907 1786 3993; x_wconf 85' lang='lat' dir='ltr'><strong>apud</strong></span> <span class='ocrx_word' id='word_1_278' title='bbox 1823 3908 2080 3973; x_wconf 76' lang='lat' dir='ltr'><strong>inferna.</strong></span> <span class='ocrx_word' id='word_1_279' title='bbox 2131 3907 2255 3988; x_wconf 84' lang='lat' dir='ltr'><strong>Qui</strong></span> <span class='ocrx_word' id='word_1_280' title='bbox 2297 3906 2726 3987; x_wconf 75' lang='grc' dir='ltr'><strong><em>περιφέρονται</em></strong></span> 
     </span>
     <span class='ocr_line' id='line_1_33' title="bbox 333 4012 2726 4102; baseline -0 -23"><span class='ocrx_word' id='word_1_281' title='bbox 333 4017 684 4081; x_wconf 90' lang='lat' dir='ltr'><strong>necessario</strong></span> <span class='ocrx_word' id='word_1_282' title='bbox 748 4016 1096 4092; x_wconf 69' lang='grc' dir='ltr'><strong><em>ἷλιγγιῶσι,</em></strong></span> <span class='ocrx_word' id='word_1_283' title='bbox 1162 4016 1273 4098; x_wconf 91' lang='lat' dir='ltr'><strong>qui</strong></span> <span class='ocrx_word' id='word_1_284' title='bbox 1321 4013 1789 4093; x_wconf 72' lang='grc' dir='ltr'><strong><em>περιςρέφοντωι</em></strong></span> <span class='ocrx_word' id='word_1_285' title='bbox 1838 4036 1961 4079; x_wconf 83' lang='grc'><strong>11611</strong></span> <span class='ocrx_word' id='word_1_286' title='bbox 2009 4016 2190 4079; x_wconf 86' lang='lat' dir='ltr'><strong>item.</strong></span> <span class='ocrx_word' id='word_1_287' title='bbox 2240 4012 2437 4078; x_wconf 86' lang='lat' dir='ltr'><strong>Recte</strong></span> <span class='ocrx_word' id='word_1_288' title='bbox 2488 4017 2556 4078; x_wconf 91' lang='lat' dir='ltr'><strong>in</strong></span> <span class='ocrx_word' id='word_1_289' title='bbox 2605 4014 2726 4102; x_wconf 76' lang='lat' dir='ltr'><strong>Ly-</strong></span> 
     </span>
     <span class='ocr_line' id='line_1_34' title="bbox 334 4119 2726 4208; baseline -0 -21"><span class='ocrx_word' id='word_1_290' title='bbox 334 4122 451 4187; x_wconf 84' lang='lat' dir='ltr'><strong>sid.</strong></span> <span class='ocrx_word' id='word_1_291' title='bbox 517 4144 580 4208; x_wconf 90' lang='lat' dir='ltr'><strong>p.</strong></span> <span class='ocrx_word' id='word_1_292' title='bbox 647 4120 889 4187; x_wconf 85' lang='lat' dir='ltr'>207A:</span> <span class='ocrx_word' id='word_1_293' title='bbox 964 4119 1475 4200; x_wconf 78' lang='grc' dir='ltr'><strong><em>περιςρεφόμενος</em></strong></span> <span class='ocrx_word' id='word_1_294' title='bbox 1542 4120 1720 4195; x_wconf 59' lang='lat' dir='ltr'><strong>oxu&amp;</strong></span> <span class='ocrx_word' id='word_1_295' title='bbox 1790 4121 2193 4184; x_wconf 80' lang='grc' dir='ltr'><strong><em>ἐπεσκοπεῖτο</em></strong></span> <span class='ocrx_word' id='word_1_296' title='bbox 2262 4123 2466 4198; x_wconf 71' lang='grc' dir='ltr'><strong><em>ἡμᾶς,</em></strong></span> <span class='ocrx_word' id='word_1_297' title='bbox 2531 4123 2726 4186; x_wconf 87' lang='lat' dir='ltr'><strong>nimis</strong></span> 
     </span>
     <span class='ocr_line' id='line_1_35' title="bbox 332 4225 2726 4312; baseline -0.001 -19"><span class='ocrx_word' id='word_1_298' title='bbox 332 4229 499 4294; x_wconf 88' lang='lat' dir='ltr'><strong>foret</strong></span> <span class='ocrx_word' id='word_1_299' title='bbox 545 4226 896 4293; x_wconf 90' lang='lat' dir='ltr'><strong>ridiculum</strong></span> <span class='ocrx_word' id='word_1_300' title='bbox 948 4225 1441 4307; x_wconf 78' lang='grc' dir='ltr'><strong><em>περιφερόμενος.</em></strong></span> <span class='ocrx_word' id='word_1_301' title='bbox 1489 4226 1668 4291; x_wconf 91' lang='lat' dir='ltr'><strong>Haec</strong></span> <span class='ocrx_word' id='word_1_302' title='bbox 1716 4229 1772 4291; x_wconf 91' lang='lat' dir='ltr'><strong>si</strong></span> <span class='ocrx_word' id='word_1_303' title='bbox 1821 4245 1971 4291; x_wconf 88' lang='lat' dir='ltr'><strong>vera</strong></span> <span class='ocrx_word' id='word_1_304' title='bbox 2011 4230 2198 4302; x_wconf 90' lang='lat' dir='ltr'><strong>sunt,</strong></span> <span class='ocrx_word' id='word_1_305' title='bbox 2247 4233 2508 4311; x_wconf 85' lang='lat' dir='ltr'><strong>apparet</strong></span> <span class='ocrx_word' id='word_1_306' title='bbox 2558 4227 2726 4312; x_wconf 92' lang='lat' dir='ltr'><strong>quod</strong></span> 
     </span>
     <span class='ocr_line' id='line_1_36' title="bbox 333 4331 2480 4419; baseline -0.001 -20"><span class='ocrx_word' id='word_1_307' title='bbox 333 4334 501 4412; x_wconf 87' lang='lat' dir='ltr'><strong>dixi,</strong></span> <span class='ocrx_word' id='word_1_308' title='bbox 550 4355 719 4398; x_wconf 91' lang='lat' dir='ltr'><strong>nunc</strong></span> <span class='ocrx_word' id='word_1_309' title='bbox 765 4335 833 4396; x_wconf 85' lang='lat' dir='ltr'><strong>in</strong></span> <span class='ocrx_word' id='word_1_310' title='bbox 883 4331 1149 4419; x_wconf 85' lang='lat' dir='ltr'><strong>Cratylo</strong></span> <span class='ocrx_word' id='word_1_311' title='bbox 1200 4331 1626 4411; x_wconf 73' lang='grc' dir='ltr'><strong><em>περιφέρεσθαι</em></strong></span> <span class='ocrx_word' id='word_1_312' title='bbox 1674 4331 1964 4396; x_wconf 84' lang='lat' dir='ltr'><strong>Platonis</strong></span> <span class='ocrx_word' id='word_1_313' title='bbox 2010 4351 2278 4396; x_wconf 87' lang='lat' dir='ltr'><strong>manum</strong></span> <span class='ocrx_word' id='word_1_314' title='bbox 2325 4352 2480 4397; x_wconf 90' lang='lat' dir='ltr'><strong>esse.</strong></span> 
     </span>
    </p>
   </div>
   <div class='ocr_carea' id='block_1_4' title="bbox 423 4541 2721 4631">
    <p class='ocr_par' dir='ltr' id='par_1_4' title="bbox 423 4541 2721 4631">
     <span class='ocr_line' id='line_1_37' title="bbox 423 4541 2721 4631; baseline 0 -20"><span class='ocrx_word' id='word_1_315' title='bbox 423 4545 586 4611; x_wconf 86' lang='lat' dir='ltr'><strong>Ibid.</strong></span> <span class='ocrx_word' id='word_1_316' title='bbox 653 4568 714 4631; x_wconf 91' lang='lat' dir='ltr'><strong>p.</strong></span> <span class='ocrx_word' id='word_1_317' title='bbox 766 4544 1003 4610; x_wconf 85' lang='lat' dir='ltr'>414B:</span> <span class='ocrx_word' id='word_1_318' title='bbox 1068 4546 1217 4608; x_wconf 70' lang='grc' dir='ltr'><strong>ἀλλ’</strong></span> <span class='ocrx_word' id='word_1_319' title='bbox 1284 4545 1348 4608; x_wconf 79' lang='grc' dir='ltr'><strong>οὗ</strong></span> <span class='ocrx_word' id='word_1_320' title='bbox 1411 4542 1537 4623; x_wconf 68' lang='grc' dir='ltr'><strong>γὰρ</strong></span> <span class='ocrx_word' id='word_1_321' title='bbox 1602 4544 2090 4615; x_wconf 79' lang='grc' dir='ltr'><strong><em>ἐπισκοπεῖς</em></strong></span> <span class='ocrx_word' id='word_1_322' title='bbox 2156 4567 2241 4621; x_wconf 85' lang='grc' dir='ltr'><strong><em>με</em></strong></span> <span class='ocrx_word' id='word_1_323' title='bbox 2299 4541 2498 4626; x_wconf 72' lang='grc' dir='ltr'><strong><em>ὥσπερ</em></strong></span> <span class='ocrx_word' id='word_1_324' title='bbox 2549 4545 2721 4617; x_wconf 78' lang='grc' dir='ltr'><strong><em>ἐκτὸς</em></strong></span> 
     </span>
    </p>
   </div>
  </div>
 </body>
</html>
