3392 5384
653 419 787 486 418
1289 407 1296 414 ’
1691 438 2003 487 nonnus.

648 601 934 669 vidimus
981 623 1059 668 ex
1105 601 1302 668 schol.
1351 603 1612 668 Phorm.
1659 602 1691 668 Ι
1743 603 1801 668 1.
1836 602 1938 669 15.
1990 603 2171 670 Unde
2212 603 2499 668 Donatus
2539 606 2747 689 igitur
2784 599 3041 668 hausit?

648 730 683 775 e
745 707 1108 774 scholarum
1173 707 1551 786 traditione,
1617 731 1696 774 ex
1744 708 1911 774 alius
1958 716 2356 788 commento,
2408 731 2485 774 ex
2533 706 2848 793 utroque?
2930 707 3041 773 Se-

527 825 546 850 ·
647 815 855 880 cundo
920 814 1060 881 loco
1106 818 1684 900 grammaticorum
1748 821 1823 881 ut
1899 818 2350 882 historicorum
2414 817 2578 881 ratio
2624 836 2698 880 ea
2746 819 2918 892 erat,
2966 821 3044 879 ut

645 920 1033 1007 locupletem
1099 920 1384 1005 aliquem
1445 927 1772 988 auctorem
1823 922 2095 988 fideliter
2142 925 2323 1008 sequi
2370 944 2496 988 nou
2544 922 3045 1008 dedignarentur

645 1028 956 1114 pudorive
1024 1028 1363 1094 haberent:
1438 1030 1687 1094 Probus
1757 1031 2065 1094 nimirum
2138 1028 2451 1094 Stilonem
2523 1034 2588 1094 et
2656 1026 3040 1105 Varronem,

644 1136 850 1220 Asper
918 1133 1238 1213 Probum,
1313 1136 1596 1221 Asprum
1669 1135 1995 1215 Donatus;
2066 1135 2235 1200 unde
2300 1142 2515 1201 tamen
2577 1156 2698 1200 non
2748 1136 3044 1219 sequitur

643 1261 794 1306 eum
876 1240 1345 1319 Menandrum,
1431 1240 1780 1319 Plautum,
1853 1241 2229 1308 Terentium
2298 1263 2423 1306 non
2494 1243 2709 1326 ipsum
2783 1242 3039 1325 saepius

643 1366 1039 1431 comparasse
1084 1345 1376 1431 nihilque
1424 1349 1578 1413 novi
1615 1349 1836 1434 ipsum
1874 1348 2022 1413 inde
2059 1347 2405 1414 rettulisse.
2453 1347 2669 1434 Igitur
2708 1352 2843 1413 tota
2881 1347 3041 1412 haec

642 1455 930 1539 quaestio
977 1453 1054 1518 de
1100 1453 1386 1518 fontibus
1432 1451 1679 1519 lubrica
1729 1462 1831 1519 est
1863 1461 1928 1520 et
1965 1457 2239 1532 incerta,
2282 1454 2553 1541 ideoque
2592 1475 2713 1540 ego
2760 1454 2827 1517 in
2867 1454 3044 1518 scho-

641 1558 781 1637 liis,
832 1580 992 1644 quae
1039 1565 1419 1644 sequuntur,
1462 1581 1587 1625 non
1629 1561 1912 1626 indicavi
1950 1582 2110 1646 quae
2151 1561 2439 1626 Donatus
2480 1581 2556 1625 ex
2600 1562 2805 1645 Aspro
2830 1558 3043 1624 aliove

638 1666 962 1744 hauserit,
1013 1665 1122 1730 sed
1169 1686 1330 1752 quae
1378 1666 1640 1732 fortasse
1688 1667 1836 1732 inde
1883 1667 2141 1733 haurire
2188 1669 2491 1752 potuerit.

1680 1913 2017 1979 Andria.

741 2092 915 2158 Prol.
970 2090 1051 2158 17
1123 2093 1474 2159 Faciuntne
1518 2093 1951 2180 intellegendo
1998 2100 2073 2160 ut
2116 2093 2280 2160 nihil
2326 2092 2751 2180 intellegant?

743 2201 841 2282 (1)
908 2199 1088 2278 „Ne”
1156 2200 1418 2285 quidam
1481 2203 1837 2285 corripiunt
1899 2209 1964 2266 et
2024 2222 2171 2266 cum
2218 2202 2719 2286 interrogatione
2770 2221 3049 2286 pronun-

655 2309 854 2385 tiant,
899 2306 1160 2400 quidam
1203 2308 1599 2394 producunt,
1642 2329 1916 2392 quorum
1956 2306 2070 2372 alii
2111 2307 2274 2386 „ne”
2316 2329 2428 2393 pro
2454 2329 2659 2372 nonne
2686 2309 3043 2393 accipiunt,

652 2413 720 2478 id
783 2421 879 2479 est
940 2435 1130 2492 non,
1179 2413 1293 2479 alii
1343 2414 1506 2493 „ne”
1556 2436 1668 2501 pro
1716 2414 1999 2492 valde,
2050 2419 2127 2479 ut
2178 2435 2299 2492 „ne
2348 2434 2467 2500 ego
2518 2416 2709 2479 homo
2756 2435 2901 2478 sum
2946 2416 3046 2478 in-

654 2519 851 2586 felix''
916 2521 1064 2602 (Ad.
1113 2519 1200 2586 IV
1250 2520 1310 2586 2.
1343 2521 1408 2603 l)
1470 2529 1532 2586 et
1580 2518 1801 2587 Cicero
1856 2542 1977 2599 „ne
2022 2519 2122 2585 1111
2167 2521 2580 2586 vehementer
2625 2519 2900 2584 errant'’.

654 2627 749 2708 (2)
811 2627 897 2691 Et
958 2627 1076 2692 hoc
1139 2627 1412 2705 melius,
1478 2649 1625 2692 nam
1689 2629 1913 2692 statim
1974 2627 2168 2692 infert
2218 2648 2534 2712 „quorum
2583 2624 2894 2690 aemulari
2938 2646 3045 2689 ex-

654 2739 830 2819 optat
873 2733 1375 2819 neclegentiam,
1419 2737 1634 2819 potius
1674 2754 1867 2818 quam
1904 2735 2177 2798 istorum
2218 2733 2552 2798 obscuram
2591 2730 3041 2817 diligentiam'’

654 2845 777 2919 (vs.
829 2837 916 2902 20
941 2845 1082 2923 sq.).
1794 2843 1801 2849 '

747 2943 1046 3008 Alterum
1093 2944 1408 3009 scholium
1455 2943 1706 3009 Editori
1754 2946 1966 3009 tribuo
2014 2949 2275 3031 propter
2321 2946 2641 3029 ineptam,
2692 2965 2853 3029 quae
2900 2942 3040 3009 red-

655 3049 850 3126 ditur,
900 3052 1233 3115 rationem.
1284 3050 1379 3115 De
1426 3050 1703 3116 formula
1750 3052 1857 3114 hoc
1901 3051 2112 3114 melius
2160 3051 2305 3116 vide
2352 3073 2563 3135 supra.

747 3155 1035 3221 Donatus
1077 3159 1211 3222 sine
1259 3157 1573 3222 decisione
1621 3195 1707 3206 —
1755 3179 1881 3223 non
1926 3161 2098 3222 enim
2146 3158 2461 3222 tironibus
2508 3157 2615 3222 sed
2662 3161 2868 3221 aetate
2908 3177 3049 3241 pro-

655 3264 1046 3329 vectioribus
1107 3270 1173 3328 et
1234 3262 1540 3329 ludorum
1601 3267 1937 3351 magistris
2001 3269 2439 3329 commentum
2489 3263 2833 3328 destinavit
2861 3261 2909 3343 ¹)
2956 3299 3045 3310 ——

657 3370 988 3436 doctorum
1033 3373 1380 3436 sententias
1421 3370 1662 3456 profert
1701 3376 1862 3435 tres:
1903 3380 1993 3434 ne
2033 3371 2600 3455 interrogativum,
2643 3381 2739 3433 ne
2778 3395 2856 3419 =
2895 3389 3046 3456 non,

657 3490 751 3542 ne
791 3509 869 3533 =
908 3477 1129 3555 valde,
1182 3485 1246 3542 et
1294 3483 1687 3563 postremam
1736 3476 2023 3541 illustrat
2070 3475 2363 3562 exemplo
2415 3477 2567 3540 trito
2614 3477 2680 3538 in
2731 3472 2965 3540 scholis
3014 3495 3048 3539 e
3078 3461 3091 3474 ⁸

659 3581 983 3648 Ciceronis
1055 3585 1335 3648 oratione
1400 3580 1538 3648 Cat.
1604 3582 1666 3646 II
1731 3582 1791 3660 6,
1856 3583 2025 3668 quod
2085 3581 2251 3646 redit
2314 3581 2393 3646 ad
2453 3581 2776 3664 Adelphos
2836 3578 2929 3644 1.1.
2981 3585 3048 3644 et

657 3689 828 3773 apud
891 3687 1295 3769 Charisium,
1347 3689 1757 3766 Diomedem,
1809 3689 2190 3754 Dositheum
2240 3688 2369 3770 (W.
2419 3690 2485 3752 in
2534 3693 2729 3773 app.),
2777 3687 2892 3751 ubi
2940 3685 3045 3750 ad·-

655 3795 833 3859 ditur
877 3795 1155 3860 alterum
1205 3817 1281 3860 ex
1331 3817 1418 3860 or.
1470 3818 1582 3880 pro
1631 3796 1814 3860 Rosc.
1859 3797 2013 3860 Ami
2050 3793 2135 3860 50
2188 3794 2324 3873 „Ne
2371 3801 2479 3870 tu,
2529 3794 2743 3872 Eruci,
2792 3812 3042 3858 accusa-

653 3908 752 3966 tor
793 3921 958 3967 esses
998 3901 1376 3966 ridiculus''.
1435 3901 1587 3966 Fuit
1625 3905 1690 3965 in
1732 3902 1833 3966 his
1874 3901 2239 3967 doctoribus
2280 3899 2503 3987 procul
2540 3900 2733 3964 dubio
2773 3898 3043 3963 Probus-

652 4010 855 4094 Asper
879 4009 952 4089 2),
1017 4010 1122 4072 cui
1169 4013 1384 4072 tamen
1431 4029 1556 4073 non
1605 4007 2001 4094 adsignanda
2053 4007 2307 4072 videtur
2352 4008 2799 4092 interpretatio
2849 4005 3042 4068 tertia

720 4239 773 4298 1)
821 4237 1004 4286 Hocine
1050 4237 1196 4286 etiam
1235 4237 1546 4286 Wessner
1570 4253 1643 4285 us
1678 4236 1861 4295 voluit,
1898 4252 2007 4285 cnm
2044 4237 2095 4284 in
2133 4233 2256 4284 libro
2291 4235 2351 4283 de
2388 4237 2522 4284 Aem.
2563 4239 2713 4297 Aspre
2753 4249 2798 4298 p.
2840 4233 2901 4280 18
2934 4231 3051 4281 scri·

649 4318 809 4369 beret:
846 4321 924 4369 fiir
961 4319 1035 4369 die
1073 4320 1264 4368 Zwecke
1300 4320 1380 4368 des
1415 4319 1763 4368 Unterrichtsi'

717 4403 772 4466 2)
820 4401 896 4450 Sic
948 4402 1130 4451 fontem
1185 4402 1365 4451 Donati
1417 4401 1628 4460 nomino,
1674 4416 1817 4464 quem
1856 4399 2129 4449 Wessne
2151 4416 2263 4449 rus
2314 4398 2384 4448 l.l.
2420 4415 2466 4464 p.
2505 4400 2569 4449 23
2605 4399 2733 4448 hunc
2766 4398 2817 4447 in
2851 4397 3049 4446 modum

651 4484 924 4548 descripsit:
980 4485 1070 4532 ‚So
1115 4485 1360 4548 gewinnen
1405 4484 1493 4533 wir
1539 4484 1616 4532 die
1669 4483 1820 4531 Reihe
1858 4483 1897 4531 P
1918 4499 1942 4531 r
1961 4499 1988 4531 o
2006 4482 2036 4531 b
2056 4501 2085 4532 u
2104 4499 2125 4531 s
2144 4509 2211 4520 --
2231 4485 2272 4532 A
2292 4498 2314 4531 s
2332 4499 2361 4546 p
2381 4499 2407 4529 e
2427 4497 2536 4530 r—
2554 4480 2599 4529 D
2618 4497 2646 4530 o
2666 4496 2698 4529 n
2717 4483 2832 4529 atu
2852 4495 2900 4539 s,
2932 4479 3050 4528 d.h.

653 4569 810 4614 Donat
847 4567 1040 4614 benutzt
1076 4567 1243 4630 Asper,
1277 4570 1426 4631 Asper
1460 4567 1715 4615 wieder-um
1757 4565 1954 4624 Probus,
1989 4565 2133 4614 somit
2168 4565 2331 4614 Donat
2357 4564 2447 4612 den
2478 4562 2661 4613 Probus
2692 4563 2842 4612 durch
2873 4565 3051 4626 Aspera
