3392 5384
608 365 696 430 44
1655 379 1965 428 DONATUS.

615 548 800 628 <ad>
846 547 1134 612 fortunae
1179 545 1456 630 culpam.
1596 542 1830 609 Sabb.
1872 565 1996 608 non
2036 546 2172 610 sine
2210 566 2396 610 causa
2420 549 2782 632 suspicatur
2804 551 3002 613 etiam

620 651 1069 738 Interpolatori
1121 651 1336 716 deberi
1383 650 1550 736 quod
1595 652 1888 734 sequitur
1933 649 2027 730 (3)
2073 649 2159 716 Et
2203 653 2363 715 item
2411 652 2617 718 denuo
2663 652 2838 731 (ad)
2881 655 3005 720 for-

613 764 815 824 tunae
862 761 1103 823 crimen
1153 755 1360 834 „nihil
1410 760 1504 822 est
1550 755 1743 821 cum''
1794 762 1917 837 (vs.
1972 756 2101 837 12),
2148 757 2225 821 ad
2271 778 2456 822 suam
2494 758 2750 825 laudem
2792 759 3004 837 „nihil

626 864 778 930 defit
824 865 1106 929 tamen''.
1245 862 1408 928 Sunt
1456 863 1608 927 haec
1656 863 1938 946 profecto
1986 865 2179 927 nimis
2226 866 2526 948 speciosa.

709 970 890 1050 Quod
957 976 1170 1035 autem
1237 968 1313 1033 de
1370 971 1508 1052 ipsa
1555 970 1869 1032 sententia
1919 989 2017 1046 „o.
2043 969 2107 1032 h.
2134 991 2196 1033 n.
2223 990 2280 1057 q.
2307 970 2414 1033 h.’'
2462 969 2707 1057 legitur
2751 973 2821 1034 in
2868 970 2999 1052 (4):

613 1076 1023 1142 Alterutrum
1067 1075 1301 1139 horum
1346 1080 1731 1138 neutrumve
1780 1079 1991 1158 potest
2037 1077 2245 1139 cuivis
2290 1075 2601 1153 accidere,
2651 1081 3003 1161 utrumque

611 1182 814 1260 nulli,
864 1187 961 1246 est
1007 1179 1166 1245 falsa
1212 1178 1535 1244 cavillatio
1584 1185 1807 1264 poetae
1828 1227 1843 1256 ‚
1893 1181 2005 1264 qui
2051 1179 2167 1246 hoc
2212 1183 2427 1266 ipsum
2474 1179 2797 1248 Gnathoni
2840 1184 3000 1247 acci-

611 1288 758 1354 dere
806 1286 1098 1353 affirmat.
2736 1285 2801 1352 S.
2849 1308 2903 1352 c.

704 1394 862 1459 Ibid.
917 1391 998 1457 19
1065 1390 1189 1457 Sed
1236 1391 1338 1456 his
1386 1389 1556 1455 ultro
1604 1390 1846 1455 arrideo

705 1499 895 1564 quta
956 1499 1219 1562 brevem
1279 1502 1344 1562 et
1405 1499 1810 1582 perspicuam
1874 1495 2109 1561 Donati
2154 1497 2629 1562 adnotationem
2674 1497 2793 1579 (1),
2838 1498 3007 1563 mihi

614 1625 899 1691 quoque,
949 1609 1026 1669 ut
1071 1603 1327 1680 Sabb„
1376 1601 1564 1668 valde
1611 1606 1907 1685 suspecta
1945 1607 2041 1666 est
2089 1602 2185 1684 (2)
2233 1624 2382 1668 cum
2430 1608 2686 1689 propter
2728 1605 3003 1669 formam

613 1710 981 1796 perplexam
1061 1715 1126 1775 et
1207 1709 1542 1774 obscuram
1563 1757 1578 1786 ,
1663 1713 1808 1771 tum
1893 1713 2151 1793 propter
2232 1729 2506 1793 parvum
2577 1729 2791 1774 rerum
2869 1730 3004 1776 mo-

613 1822 1004 1986 melrbtildfnff
1030 1920 1126 2001 (1)
1193 1919 1463 1997 „Lanii”
1530 1921 1642 2004 qui
1685 1917 1933 1984 laniant
1950 1939 1967 1998 3
2018 1919 2185 1985 unde
2232 1924 2297 1984 et
2340 1919 2607 1985 lanistae
2654 1919 2843 1997 dicti,
2894 1923 3007 2004 qui

614 2027 929 2093 laniandis
993 2032 1298 2111 praesunt
1359 2024 1849 2110 gladiatoribus.
1897 2025 2142 2105 (2)·Sic
2187 2032 2248 2088 et
2290 2026 2694 2089 macellum
2740 2049 2780 2088 a
2822 2048 3005 2088 mac-

619 2133 853 2197 tandi
865 2155 896 2196 s
930 2132 1244 2214 pecoribus
1291 2131 1530 2195 dictum.
1671 2131 1812 2196 Hoc
1838 2130 2209 2196 Wessnerus
2231 2133 2362 2195 iam
2388 2132 2701 2217 scriptura
2723 2134 3005 2211 notavit,

619 2261 744 2304 non
789 2259 914 2324 quo
959 2241 1255 2323 ineptum
1302 2239 1420 2315 sit,
1471 2236 1579 2301 sed
1625 2243 1701 2301 ut
1748 2258 1784 2301 a
1828 2257 1897 2301 re
1940 2257 2197 2322 prorsus
2245 2236 2552 2302 alienum.

713 2343 873 2409 Ibid.
922 2342 1010 2408 28
1071 2344 1170 2408 Ad
1216 2363 1439 2408 cenam
1484 2347 1716 2408 vocant
1764 2347 1874 2422 (sc.
1923 2344 2181 2427 patroni
2226 2345 2580 2428 parasitos).

710 2448 932 2533 Inepte
994 2447 1091 2512 IP
1139 2449 1238 2529 (l)
1299 2456 1524 2514 utrum
1572 2449 1652 2513 ad
1697 2446 2032 2514 emendam
2082 2469 2303 2514 cenam
2350 2469 2430 2514 an
2476 2470 2627 2514 vero
2675 2448 2754 2514 ad
2798 2451 3008 2516 convi-

622 2551 847 2618 vium?
879 2552 926 2634 ¹)
988 2553 1051 2618 S.
1101 2575 1154 2620 c.
1293 2555 1388 2634 (3)
1441 2553 1855 2632 „Adventum
1901 2553 2357 2639 gratulantur’'
2405 2554 3005 2640 adventus-pro-

617 2662 755 2745 prie
826 2665 1338 2744 exspectatorum
1409 2661 2036 2745 necessariorumque
2108 2660 2363 2726 dicitur.
2537 2658 2719 2726 Nihil
2785 2662 3006 2725 minus

621 2785 870 2829 verum.
2744 2765 2807 2831 S.
2853 2785 2909 2830 c.

1518 2891 1541 2963 (
1553 2883 2113 2967 Continuabuntacr).

698 3126 750 3191 1)
801 3125 1128 3192 Interpolntor
1175 3126 1225 3176 h.
1261 3126 1294 3176 l.
1349 3126 1548 3176 tortasse
1597 3127 1761 3176 eodem
1812 3127 1945 3176 fonte
1994 3143 2107 3176 usne
2156 3129 2230 3177 est
2276 3143 2370 3192 quo
2416 3127 2718 3193 Eugraphius
2763 3129 2821 3177 ad
2859 3127 2909 3178 h.
2944 3127 3008 3178 l.:

630 3209 870 3274 ‚Quidam
913 3208 1193 3272 intelligunt
1228 3207 1543 3268 invitant3
1580 3209 1704 3257 solet
1737 3208 1865 3257 enim
1899 3208 2256 3259 advenientibus
2290 3225 2403 3258 cena
2432 3210 2666 3274 promitti.
2718 3209 2921 3260 Plautus
2954 3210 3007 3260 in

623 3291 790 3341 multis
817 3291 1096 3341 comoediis:
1133 3291 1431 3342 „advenienti
1459 3291 1574 3355 quid
1604 3289 1694 3340 tibi
1724 3306 1895 3340 coenae
1923 3289 2145 3340 dnbitnr”
2180 3290 2281 3353 (ubi
2314 3291 2403 3340 hoc
2437 3290 2681 3354 legituri’).
2717 3293 2807 3341 Sed
2837 3292 3011 3341 melior

541 3414 546 3418 .
623 3388 785 3422 sensus
828 3376 922 3422 est:
977 3374 1064 3422 aad
1098 3389 1137 3422 c.
1173 3372 1378 3422 vocant”
1423 3373 1468 3422 h.
1505 3389 1546 3423 e.
1583 3374 1642 3422 ad
1677 3373 1901 3431 emenda,
1939 3388 2059 3436 quae
2092 3372 2143 3421 in
2175 3387 2291 3422 cena
2324 3374 2435 3421 sunt
2470 3359 2743 3422 necessarii.
2795 3373 2903 3422 Hoc
2934 3377 3008 3423 est

624 3453 903 3512 verisimile,
949 3454 1076 3517 quod
1123 3453 1206 3517 qui
1250 3453 1430 3518 aliquid
1476 3454 1674 3513 vendat,
1726 3454 1915 3502 lucrum
1960 3453 2121 3518 potius
2154 3453 2270 3502 velit
2304 3452 2361 3502 ab
2393 3469 2449 3502 eo
2482 3469 2626 3518 quam
2658 3454 2716 3502 ad
2750 3469 2799 3502 se
2830 3454 3009 3514 venire,

627 3537 710 3583 aut
755 3535 980 3598 quiddam
1023 3549 1110 3599 per
1154 3533 1430 3598 obsequium
1465 3533 1636 3585 velle''.
1711 3535 1845 3584 Haec
1877 3550 1972 3585 non
2007 3534 2241 3598 intelligo.
2310 3533 2736 3598 Gerstenberg
2769 3535 2827 3583 de
2860 3535 3007 3599 Engr.

627 3632 674 3681 p.
723 3617 785 3664 50
835 3616 1079 3664 contendit
1128 3615 1362 3666 scholium
1407 3617 1476 3678 (l)
1527 3619 1646 3666 Don.
1698 3631 1798 3665 esse
1846 3620 1895 3666 et
1934 3620 2238 3682 »excerptum
2272 3632 2328 3666 ex
2364 3615 2515 3666 multo
2550 3615 2814 3682 pleniore'',
2853 3618 3008 3680 ‚qnod

630 3696 933 3761 Eugraphius
973 3696 1224 3746 retinuit”.
1288 3697 1587 3746 Postremum
1633 3697 1804 3747 scholii
1850 3700 2037 3763 partem
2084 3698 2195 3747 inde
2240 3697 2297 3746 ab
2335 3698 2475 3747 ‚Hoc
2506 3700 2577 3747 est
2611 3698 2904 3747 verisimile”
2948 3700 3005 3748 G.

626 3792 723 3827 non
775 3777 966 3828 citavit:
1021 3777 1216 3827 haecine
1267 3777 1351 3827 ille
1403 3777 1673 3828 intellexit}>
1757 3779 1999 3828 Hansitne
2046 3779 2191 3843 Eugr.
2238 3778 2684 3845 interpretationem
2718 3779 2920 3829 alteram
2954 3795 3011 3844 eg

628 3861 895 3909 commento
929 3859 1218 3926 interpolato
1252 3863 1300 3908 et
1334 3859 1578 3909 addiditne
1608 3860 1711 3924 ipse
1746 3859 1991 3910 obscuram
2026 3858 2377 3909 defensionem?
