3392 5384
1341 410 1656 458 nonnus.
2543 395 2674 461 435

285 583 512 644 carunt
551 582 625 642 ut
661 580 758 641 est
797 577 995 641 etiam
1035 575 1207 661 apud
1247 576 1720 662 Eugraphium.
1772 576 1961 642 Don.
2002 576 2122 642 hoc
2160 577 2421 643 damnat
2460 579 2680 645 aliam-

289 705 414 770 que
462 685 931 749 enarrationem
978 682 1237 748 dederat
1280 685 1348 747 in
1394 683 1510 764 (2).

382 789 478 855 III
517 789 577 856 4.
607 789 693 855 26
720 788 816 871 (3)
855 789 1161 875 Imperite
1192 788 1565 854 Terentium
1596 788 1670 854 de
1695 789 2000 876 Myconio
2040 811 2073 855 c
2092 792 2264 876 risp
2283 812 2411 856 um
2445 791 2681 859 dixisse

289 899 506 976 aiunt,
565 918 715 961 cum
765 895 1190 982 Apollodorus
1238 895 1573 962 calvum
1622 894 1890 974 dixerit,
1943 896 2110 982 quod
2156 900 2487 982 proprium
2523 899 2684 986 My-

291 1004 494 1069 coniis
555 1009 680 1080 est,
742 1010 818 1067 ut
880 1001 1170 1067 Lucilius
1223 1052 1237 1068 .
1269 1050 1330 1068 ..
1380 1001 1504 1068 Sed
1570 1023 1692 1089 ego
1741 1001 2117 1067 Terentium
2163 1011 2321 1089 puto
2371 1007 2680 1070 scientem

293 1109 566 1183 facetius
611 1109 998 1194 Myconium
1044 1110 1418 1194 crispum
1466 1108 1721 1173 dixisse.
2068 1121 2071 1126 “

387 1213 814 1279 Probabiliter
859 1213 1148 1279 Donatus
1197 1219 1414 1280 contra
1462 1215 1779 1299 Asprum,
1830 1214 1907 1278 cf.
1962 1213 2058 1280 W.
2106 1236 2167 1300 p.
2219 1214 2328 1281 29.

389 1319 551 1385 Ibid.
604 1320 689 1384 33
762 1319 944 1401 Quod
989 1326 1210 1406 potero
1259 1320 1524 1398 faciam,
1574 1327 1790 1385 tamen
1839 1327 1913 1384 ut
1958 1323 2267 1406 pietatem
2315 1322 2525 1387 colam
2736 1401 2741 1406 p

389 1425 676 1490 Donatus
739 1428 970 1491 merito
1033 1428 1123 1491 sic
1187 1426 1517 1503 distinxit,
1581 1427 1979 1512 subiungens
2041 1425 2171 1510 (7):
2237 1427 2404 1494 Sunt
2469 1435 2681 1496 tamen

296 1535 410 1619 qui
468 1537 766 1598 manente
829 1532 1050 1597 eadem
1098 1535 1413 1598 sententia
1464 1537 1675 1598 totum
1721 1533 1839 1597 hoc
1884 1535 2169 1620 iungunt
2216 1557 2318 1620 ,‚q.
2344 1557 2406 1620 p.
2454 1536 2685 1603 faciam

296 1644 514 1704 tamen
561 1643 638 1704 ut
683 1660 744 1724 p.
772 1639 869 1704 c.'’
917 1640 1039 1726 hoc
1085 1644 1215 1719 est,
1265 1645 1414 1706 cett.
1485 1638 1628 1725 Ipse
1667 1639 1935 1704 fortasse
1974 1640 2168 1705 Probi
2207 1641 2681 1709 distinctionem

299 1751 558 1811 secutus
605 1752 720 1810 est.

387 1851 474 1916 IV
528 1852 584 1916 1.
614 1851 697 1917 21
770 1852 905 1916 Ph.
956 1851 1096 1936 Ego
1146 1854 1343 1917 etiam
1392 1850 1657 1917 illorum
1697 1872 1834 1916 esse
1873 1851 2036 1917 hanc
2076 1851 2365 1939 culpam,
2410 1855 2683 1935 credidi,

185 1975 190 1978 ·
298 1980 461 2047 quae
524 1964 586 2024 te
651 1963 750 2023 est
810 1979 1022 2043 penes.
1095 1958 1252 2046 My.
1316 1960 1559 2025 Misera
1606 1981 1775 2024 sum.
1848 1958 1981 2024 Th.
2033 1959 2300 2026 Utinam
2348 1965 2547 2027 sciam
2595 1965 2689 2029 ita

301 2087 438 2132 esse
484 2067 652 2156 istuc

393 2171 488 2252 (1)
539 2170 847 2248 „Utinam
895 2173 1092 2235 sciam
1138 2173 1232 2236 ita
1277 2193 1414 2237 esse
1459 2170 1671 2236 istuc’'
1724 2177 1787 2236 te
1834 2174 2137 2237 miseram
2185 2195 2339 2239 esse.
2389 2173 2689 2241 Sic'alibi

301 2277 568 2359 (Heaut.
616 2276 647 2341 I
693 2275 733 2341 2
786 2275 895 2356 18)
947 2275 1350 2353 ,‚Miserum?
1400 2298 1593 2363 quem
1641 2278 1860 2342 minus
1908 2277 2160 2342 credere
2202 2277 2382 2344 est?''
2434 2283 2525 2362 [et
2566 2281 2691 2345 erit

300 2403 556 2450 sensus:
623 2385 872 2448 utinam
934 2404 1084 2448 vere
1147 2385 1233 2447 sis
1281 2387 1566 2466 misera]
1617 2420 1701 2431 —-
1752 2383 1846 2463 (2)
1893 2383 2036 2448 Hoc
2083 2385 2344 2470 quidam
2392 2389 2481 2451 sic
2528 2389 2691 2452 acci-

253 2521 262 2533 ·
298 2491 522 2574 piunt,
572 2491 754 2573 quasi
800 2486 1161 2573 Phidippus
1207 2487 1404 2553 dicat:
1453 2509 1644 2573 penes
1686 2494 1749 2552 te
1789 2487 1979 2573 culpa
2017 2495 2145 2567 est,
2188 2511 2384 2575 quam
2422 2490 2690 2557 illorum

301 2617 436 2662 esse
497 2594 865 2671 credebam,
932 2599 996 2658 et
1059 2596 1345 2672 utinam,
1413 2595 1580 2681 quod
1627 2594 1813 2660 credo
1859 2615 2051 2679 penes
2099 2602 2162 2660 te
2211 2617 2343 2662 esse
2392 2597 2687 2684 culpam,

296 2705 392 2767 ita
457 2723 590 2767 esse
654 2705 826 2766 certo
873 2702 1093 2764 sciam.
1145 2737 1229 2748 -
1278 2699 1375 2780 (3)
1426 2700 1590 2781 Quia
1636 2700 1799 2764 dixit
1847 2721 1912 2766 se
1960 2703 2260 2766 miseram
2311 2711 2375 2768 et
2424 2707 2691 2770 miseros

297 2830 422 2874 non
469 2810 596 2873 nisi
639 2810 1009 2873 innocentes
1055 2807 1368 2887 dicimus,
1415 2807 1528 2874 ille
1574 2808 1696 2873 hoc
1746 2808 2118 2894 respondet:
2165 2812 2417 2875 utinam
2464 2815 2531 2876 in
2572 2813 2691 2879 hoc

298 2917 559 2998 negotio
604 2917 907 2978 miseram
954 2919 1018 2978 te
1065 2936 1189 2979 non
1239 2913 1574 2981 scelestam
1621 2912 1971 3001 reperiam!
2019 2913 2123 2980 Sic
2164 2914 2513 2982 Sallustius
2558 2925 2694 2996 ‚,at-

303 3038 424 3103 que
489 3038 562 3080 ea
623 3024 956 3101 cogentes,
1019 3041 1143 3083 non
1209 3027 1494 3098 coactos,
1562 3020 1858 3086 scelestos
1921 3024 2133 3108 magis
2181 3043 2374 3108 quam
2423 3027 2693 3091 miseros

302 3122 660 3209 obstringi’'
699 3122 938 3201 ›(Hist.
1009 3123 1146 3202 fr.),
1220 3128 1284 3188 et
1349 3125 1494 3190 ideo
1565 3129 1859 3210 sequitur
1930 3127 2081 3204 ‚,sed
2151 3150 2320 3193 nunc
2391 3131 2556 3195 mihi
2624 3135 2689 3195 in

304 3227 634 3295 mentem’'
670 3228 738 3309 ¹).

395 3334 843 3402 Controversia
914 3340 1210 3400 versatur
1275 3337 1342 3398 in
1415 3336 1880 3421 significatione
1947 3339 2342 3421 pronominis
2415 3342 2690 3420 ‚,istuc”,

300 3444 682 3528 respiciatne
743 3440 1121 3526 praecedens
1187 3443 1462 3520 „misera
1526 3442 1714 3506 sum’'
1780 3463 1859 3507 an
1926 3463 2131 3528 „quae
2194 3443 2437 3530 (culpa)
2486 3452 2550 3510 te
2598 3453 2693 3511 est

300 3547 559 3634 penes''.
596 3546 964 3612 Secundum
1003 3546 1327 3612 Donatum
1371 3547 1729 3633 Phidippus
1760 3550 1945 3612 uxori
1969 3548 2339 3633 respondet:
2384 3551 2693 3628 „Utinam

292 3656 497 3720 sciam
538 3659 603 3718 te
643 3673 777 3718 esse
819 3655 1156 3730 miseram,
1201 3653 1266 3718 h.
1294 3674 1348 3718 e.
1385 3653 1857 3732 innocentem'',
1886 3655 2237 3719 secundum
2263 3657 2690 3740 „quosdam'':

305 3760 613 3839 „Utinam
675 3761 871 3823 sciam
933 3779 1124 3844 penes
1189 3765 1252 3824 te
1299 3779 1434 3824 esse
1482 3758 1810 3845 culpam''.
1881 3759 2043 3826 Don.
2091 3763 2694 3846 interpretationem

301 3887 484 3932 suam
547 3863 919 3957 explanavit
981 3863 1239 3930 scholiis
1305 3866 1423 3946 (1),
1488 3866 1602 3931 ubi
1662 3871 1878 3932 tamen
1941 3867 2142 3932 otiosa
2202 3869 2398 3934 verba
2443 3873 2694 3937 uncinis

299 3971 547 4037 inclusa
587 3993 702 4056 pro
742 3970 1125 4037 emblemate
1165 3972 1551 4038 removenda
1588 3977 1779 4051 sunt,
1823 3978 1888 4037 et
1926 3972 2023 4056 (3)
2063 3974 2176 4038 ubi
2222 3977 2476 4040 miser
2519 3976 2693 4043 idem

303 4083 399 4143 est
445 4077 612 4163 quod
660 4079 1083 4144 innocens.
1136 4079 1434 4144 Primum
1480 4081 1638 4143 citat
1679 4077 2052 4163 exemplum
2094 4078 2583 4159 Terentianum,
2624 4086 2694 4148 in

303 4206 428 4271 quo
475 4186 728 4249 miser
775 4185 998 4250 eadem
1047 4187 1291 4265 ratione
1340 4184 1701 4264 adhibetur,
1750 4183 1897 4250 dein
1944 4183 2412 4251 Sallustianum
2463 4191 2693 4256 mise-

368 4456 423 4519 1)
461 4453 613 4502 Verba
645 4453 915 4516 sequentia:
957 4458 1325 4517 »argumentum
1359 4471 1416 4505 ex
1449 4455 1835 4506 antecedentibus
1864 4456 2003 4506 dictis
2032 4460 2079 4506 et
2111 4458 2281 4508 factis''
2313 4459 2497 4510 rhetori
2529 4463 2695 4516 deben-

300 4540 398 4596 tur,
435 4534 518 4598 qui
549 4534 809 4583 identidem
843 4535 894 4584 in
935 4534 1151 4597 Hecyrae
1186 4540 1454 4585 commento
1491 4542 1708 4602 apparet.
