3392 5384
1287 430 1786 482 uusrofflmas.
1940 464 1955 473 .
2592 410 2729 481 2¹73

343 599 614 687 indigna
652 602 748 664 est
787 600 892 664 cui
929 599 1376 675 immoremur3
1421 618 1582 683 quae
1619 597 1885 663 fortasse
1925 594 2115 661 fluxit
2151 617 2185 661 e
2218 595 2499 663 Platonis
2520 598 2734 664 verbis

345 710 416 771 in
478 708 712 772 vicinia
773 707 1096 789 excriptis.
1164 704 1534 790 Epicharmi
1596 725 1747 770 vero
1811 724 2037 769 versus
2099 704 2365 769 fortasse
2429 705 2520 769 sic
2582 708 2733 769 sunt

349 812 698 879 scribendi:
1250 830 1260 838 ·

533 918 887 998 πυγμοέριον
935 914 995 984 εἶ
1016 920 1066 1001 ¹)
1114 919 1398 998 λοχαγὸς
1447 918 1512 983 ἐκ
1542 918 1595 999 ²)
1642 923 1760 983 τῶν
1810 917 2148 1008 κανθάρων·

419 1032 430 1039 ’
536 1028 653 1092 τῶν
699 1025 1010 1107 μειζόνων,
1057 1021 1154 1097 οὓς
1196 1024 1357 1111 Φασὶ
1409 1025 1518 1099 τὴν
1546 1023 1796 1099 ..Αἴτνην
1843 1022 2033 1105 ἔχειν,
2466 1110 2472 1117 ‚

355 1134 465 1201 sed
528 1135 830 1220 quoniam
889 1135 1225 1219 ignoratur
1284 1136 1655 1210 contextae,
1721 1133 1879 1197 certi
1940 1130 2095 1217 quid
2157 1134 2234 1195 ut
2294 1131 2494 1196 statui
2538 1131 2741 1215 possit

356 1261 598 1308 vereor.
663 1239 738 1304 Id
797 1243 1010 1304 tamen
1076 1238 1490 1304 manifestum
1509 1287 1526 1317 ,
1590 1260 1717 1303 non
1762 1237 1838 1303 de
1873 1236 2358 1320 praeqrandibus
2404 1237 2741 1301 scarabaeis

351 1346 645 1413 locutum
684 1365 821 1411 esse
854 1344 1355 1431 Epicharmum,
1397 1342 1995 1409 sed--defiominibus
2024 1343 2316 1426 μηδέπω
2367 1364 2493 1408 non
2532 1348 2742 1408 tantos

354 1453 480 1518 dici
526 1452 887 1517 scarabaeos
933 1456 1009 1515 ut
1050 1451 1342 1516 homines
1389 1451 1552 1516 ferre
1600 1452 1882 1535 possint,
1934 1448 2043 1514 sed
2088 1470 2286 1515 nanos
2334 1448 2621 1515 tantillos
2668 1454 2744 1514 ut

353 1560 700 1625 scarabaeis
761 1558 934 1625 vehi.
1001 1544 1257 1624 Gruum
1321 1579 1471 1622 cum
1529 1544 1885 1643 Pygmaeis
1922 1556 2353 1622 -recordamur
2408 1554 2615 1634 bella,
2679 1559 2745 1621 et

357 1665 627 1732 contulit
676 1662 944 1731 Orusius
991 1663 1315 1743 fabulam,
1365 1685 1526 1750 quae
1575 1669 1672 1729 est
1722 1663 1798 1729 de
1846 1661 2148 1729 Herculis
2197 1684 2346 1728 cum
2392 1662 2743 1749 Pygmaeis

355 1792 575 1860 pugna
621 1770 792 1857 apud
837 1769 1309 1837 Philostratum
1355 1769 1562 1857 Imag.
1601 1769 1662 1834 11
1704 1768 1792 1835 22
1828 1770 1970 1851 (ubi
2006 1769 2486 1836 scarabaeorum
2526 1774 2744 1834 tamen

357 1900 481 1945 non
533 1878 604 1943 fit
650 1880 942 1958 mentio).
1467 1962 1472 1967 θ
1541 1954 1550 1959 ,
1612 1962 1616 1967 ¹

451 1983 752 2071 Aeschyli
797 2005 1016 2049 versus
1063 1984 1235 2049 haud
1281 1969 1623 2050 obscurus:
1654 1969 1739 2048 ‘in
1787 1983 2071 2049 dramate
2112 1983 2391 2069 satyrico
2427 1981 2747 2069 Sisyphus

357 2089 646 2176 lapi-dem.
683 2089 951 2156 volvens
995 2093 1200 2156 iocose
1246 2090 1748 2177 assimulabatur
1782 2090 2052 2177 ateucho
2081 2089 2374 2175 ,similive
2414 2090 2746 2173 scarabaeo

360 2199 653 2263 stercoris
696 2196 966 2283 globum
1012 2190 1474 2284 praegrandem
1520 2197 2111 2281 obnixis-cruribus
2152 2195 2465 2282 dorsoque
2500 2197 2749 2262 intento

360 2306 786 2389 promoventi.
856 2301 931 2368 In
1000 2302 1129 2369 alio
1191 2302 1496 2391 Aeschyli
1560 2304 1923 2390 fragmento
1985 2304 2215 2384 &wenti
2275 2295 2530 2368 cuidam
2592 2304 2749 2368 muri

359 2409 591 2476 similis
634 2409 962 2475 dicebatur
1001 2408 1351 2496 Sisyphus3
1395 2432 1521 2475 non
1561 2414 1777 2475 tamen
1815 2409 2156 2475 effecerunt
2192 2409 2338 2475 inde
2370 2411 2749 2496 interpretes

359 2518 676 2582 immanes
723 2515 969 2602 aliquos
1016 2537 1233 2590 mures
1279 2517 1349 2581 in
1393 2513 1614 2582 Sicilia
1659 2518 1917 2581 vixisse.
2478 2506 2483 2511 ⁸

450 2622 779 2710 Sophoclis
805 2623 1019 2689 ·verba
1065 2624 1349 2707 obscura.
1398 2623 1472 2689 Id
1518 2628 1735 2689 tamen
1774 2623 1995 2688 docere
2035 2621 2337 2689 videntur
2374 2622 2498 2689 loci
2536 2622 2745 2704 allati,

361 2737 576 2794 certam
649 2728 936 2815 aliquam
999 2731 1482 2797 scarabaeorum
1545 2731 1824 2816 speciem
1884 2729 2167 2795 ateucho
2217 2750 2393 2795 sacro
2457 2731 2747 2796 moribus

361 2835 646 2902 similem
693 2874 778 2885 -—
827 2858 951 2903 non
997 2843 1213 2904 tamen
1259 2838 1538 2923 corporis
1584 2839 1869 2925 ingentis
1911 2874 1996 2886 -—
2038 2825 2360 2901 Aetnaeum
2403 2857 2751 2922 quamcun-

364 2965 486 3029 que
535 2944 615 3009 ob
663 2965 920 3009 causam
968 2944 1207 3010 dictam
1253 2966 1387 3011 esse
1440 2943 1741 3022 Athenis,
1790 2948 1856 3009 et
1894 2944 2187 3009 festivior
2225 2946 2422 3010 etiam
2462 2943 2536 3009 fit
2569 2946 2749 3019 iocus

351 3051 898 3136 Aristophaneus,
964 3053 1019 3115 si
1079 3073 1207 3117 non
1269 3050 1480 3118 solum
1535 3052 1829 3115 Aemaeos
1876 3051 2138 3121 caballos
2186 3050 2296 3116 sed
2344 3057 2410 3115 et
2458 3053 2751 3117 Aetnaeos

365 3158 680 3221 cantharas
727 3176 949 3223 revera
998 3161 1224 3221 norant
1270 3158 1715 3223 Athenienses.
2528 3225 2533 3229 ,

353 3247 364 3255 ’
456 3261 644 3328 Plato
685 3262 956 3347 denique
987 3264 1266 3327 comicus
1291 3270 1403 3327 aut
1427 3262 1921 3348 Epicharmeam
1947 3259 2133 3327 illam
2162 3299 2246 3311 --
2270 3267 2345 3327 ut
2368 3254 2640 3331 arbitror
2667 3302 2749 3315 —-

349 3374 478 3452 ,aut
523 3366 806 3433 similem
853 3367 1135 3453 aliquam
1183 3366 1468 3433 fabulam
1515 3370 1723 3434 iocose
1772 3370 2071 3453 respexit.
2121 3367 2289 3433 Nam
2337 3390 2558 3435 revera
2604 3370 2756 3449 „ho-

363 3475 652 3542 minibus
694 3474 865 3539 haud
914 3475 1230 3540 minores*
1280 3477 1644 3544 scarabaeos
1692 3476 1968 3540 Aetnam
2010 3473 2165 3542 olim
2203 3460 2503 3561 genuisse
2541 3526 2556 3542 .
2686 3476 2756 3544 id

364 3601 444 3646 ne
507 3579 777 3668 Didymi
838 3580 1100 3666 quidem
1163 3586 1277 3647 aut
1339 3584 1451 3667 qui
1497 3584 1710 3668 magis
1758 3582 1954 3647 etiam
2001 3581 2326 3647 abstrusae
2374 3568 2753 3648 eruditionis

365 3692 737 3775 appetentes
800 3672 1009 3753 essent
1061 3689 1140 3753 'in
1204 3689 1496 3755 animum
1560 3689 1686 3754 sibi
1746 3685 2159 3753 induxerunt.
2223 3685 2298 3752 Id
2359 3687 2611 3758 credere
2658 3693 2757 3756 est

369 3778 664 3861 eiusdem·
704 3799 898 3880 atque
945 3794 1097 3861 ferri
1143 3797 1280 3861 vim
1327 3797 1661 3881 ingentem
1710 3814 1747 3859 a
1794 3814 1978 3859 mure
2022 3815 2152 3859 uno
2200 3792 2567 3860 devoratam
2618 3816 2753 3879 esse

367 3900 476 3968 vel
522 3922 797 3987 puerum
844 3922 880 3967 a
926 3905 1163 3968 noctua
1208 3902 1567 3988 abreptum.
2230 3892 2235 3897 ’
2477 3919 2541 3967 v.
2588 3902 2663 3967 L.
2718 3884 2727 3899 '

438 4176 493 4240 1)
528 4176 742 4226 Dindorf
772 4203 813 4227 υ
854 4173 1166 4238 πυγμαρίων,
1201 4161 1399 4225 Orosius
1434 4173 1460 4223 δ
1497 4175 1807 4238 πυγμαρίων.

439 4258 495 4323 2)
529 4258 627 4307 Pro
663 4255 719 4307 ἐκ
753 4274 814 4308 an
844 4252 914 4315 εἷς
948 4256 1246 4308 scribendum
1279 4257 1342 4307 sit
1379 4258 1566 4308 dubito.
1726 4268 1731 4273 “

2398 4662 2462 4712 18
