3392 5384
724 440 858 508 372
1495 456 1578 507 na
1627 456 1943 511 nonianus
1992 462 2307 512 rnu‘rnoo.

722 650 874 706 τοις,
939 629 1032 691 ita
1094 626 1172 691 ad
1233 625 1479 691 Ledam
1525 626 2161 713 accedens'Iuppiter
2208 627 2579 714 depingitur
2623 627 2953 708 χιονόχρως
3002 628 3113 692 κὺ-

722 758 860 799 κνου
901 742 1142 813 πτεροῖς
1192 732 1366 811 (Hel.
1417 731 1596 814 216),
1648 739 1712 798 et
1759 736 1826 797 in
1883 728 2323 799 Andromache
2368 731 2554 814 (879)
2603 736 2801 800 etiam
2850 732 3107 799 Orestes

715 842 788 904 in
826 839 1133 904 Phthiam
1169 838 1523 905 adveniens
1564 839 1891 919 ἀλλόχρως
1934 860 1969 905 a
2009 842 2322 905 ministris
2349 840 2826 906 Andromachae
2851 839 3112 905 dicitur.

811 944 1142 1027 ἄκριτος
1192 942 1500 1028 ἄστρων
1548 944 1797 1026 ὄχλος
1845 949 1958 1014 vix
2003 948 2193 1013 habet
2234 947 2402 1033 quod
2440 969 2552 1013 nos
2592 947 2907 1026 detineat;
2954 967 3111 1011 nam

713 1053 868 1120 licet
937 1055 1173 1119 rariore
1245 1052 1713 1140 significatione
1772 1053 2163 1120 adiectivum
2228 1054 2514 1120 adhiberi
2581 1054 2699 1119 hoc
2768 1052 2910 1119 loco
2980 1074 3113 1118 non

715 1162 1109 1247 negaverim,
1149 1162 1262 1225 vix
1311 1166 1470 1246 puto
1512 1160 1644 1225 fore
1683 1165 1759 1225 ut
1808 1163 1952 1246 quis
2000 1159 2276 1226 alienam
2324 1161 2402 1226 ab
2451 1159 2761 1245 Euripide
2808 1159 2970 1224 hanc
3018 1158 3117 1223 di-

714 1270 989 1333 ctionem
1036 1266 1278 1331 iudicet
1325 1287 1448 1351 qua
1498 1266 1902 1332 homericum
1951 1265 2408 1346 ἀκριτόφυλλον
2453 1266 2758 1352 explicari
2806 1264 3115 1351 quodam-

713 1373 903 1439 modo
967 1373 1156 1438 dicas.
1219 1372 1442 1459 Neque
1503 1376 1716 1459 magis
1781 1372 2039 1439 offendit
2099 1373 2290 1454 ὄχλος
2354 1373 2430 1438 de
2492 1371 2831 1438 stellarum
2892 1366 3108 1437 choro.

713 1480 988 1545 Etiamsi
1037 1481 1181 1565 quis
1229 1481 1555 1544 monuerit
1600 1477 1759 1544 alias
1808 1480 1938 1545 fere
1988 1478 2063 1543 de
2111 1479 2450 1544 hominum
2498 1478 2917 1544 multitudine
2964 1478 3114 1542 sub-

713 1588 1071 1652 stantivum
1118 1585 1440 1663 adhiberi,
1489 1607 1616 1651 non
1666 1585 1870 1669 deerit
1916 1586 2070 1651 huic
2119 1587 2481 1673 fragmento
2528 1587 2874 1650 auctoritas
2920 1584 3111 1648 Euri-

713 1692 934 1778 pidea:
985 1694 1054 1756 in
1099 1690 1314 1777 Iphig.
1364 1690 1515 1757 Aul.
1571 1690 1695 1756 191
1749 1692 2061 1758 habemus
2106 1690 2305 1757 ἵππων
2347 1690 2555 1772 ὄχλον,
2599 1693 2755 1776 quin
2793 1693 2996 1756 immo
3036 1693 3109 1755 in

714 1799 962 1864 Danaes
1010 1798 1372 1883 fragmento
1420 1796 1606 1879 (332)
1653 1798 2032 1879 φιλημάτων
2078 1796 2285 1880 ὄχλον.

804 1904 1187 1971 Accedimus
1211 1904 1290 1971 ad
1317 1926 1576 1970 versum
1604 1907 1714 1990 qui
1743 1907 2080 1990 praecipue
2108 1908 2535 1991 suspicionem
2558 1903 3105 1972 movit-Wilamo-

717 2013 947 2077 witzii:
999 2012 1453 2090 ἐνδελεχῶς
1505 2012 2092 2093 ἄμφιχορεύει.
2147 2050 2230 2061 -
2282 2012 2615 2092 ἐνδελεχῶς
2658 2014 2795 2078 viro
2844 2031 3103 2076 summo

713 2116 793 2183 ad
840 2138 912 2182 ea
959 2114 1143 2195 ἅπαξ
1189 2118 1474 2196 εἰρημένα
1523 2119 1841 2203 pertinere
1888 2118 2145 2184 videtur
2194 2140 2397 2204 „quae
2438 2119 2515 2183 ab
2564 2117 2891 2203 Euripidis
2938 2137 3103 2194 usu,

713 2226 871 2311 quin
919 2245 954 2289 a
1001 2230 1216 2290 vetere
1255 2223 1520 2289 Atthide
1553 2224 1962 2290 abhorrent'’.
2012 2221 2248 2291 Contra
2288 2224 2495 2289 dicere
2535 2225 2707 2289 hisce
2747 2245 2875 2289 non
2915 2221 3107 2288 facile

715 2337 849 2405 est,
914 2332 1215 2416 quoniam
1278 2351 1392 2415 per
1453 2351 1519 2395 se
1580 2330 1843 2415 quidem
1905 2330 2280 2416 Euripidem
2327 2351 2595 2397 novasse
2640 2328 2946 2395 nonnulla
2994 2328 3105 2395 vel

713 2440 918 2503 rarius
963 2444 1079 2503 aut
1123 2458 1478 2522 numquam
1527 2437 1698 2502 dicta
1738 2437 2135 2515 adhibuisse,
2180 2444 2243 2504 et
2278 2437 2727 2524 glossographi
2767 2437 2995 2503 docent
3036 2442 3105 2502 et

709 2547 847 2632 ipse
897 2543 1431 2610 Wilamowitzius
1477 2546 1747 2609 minime
1795 2550 2009 2631 negat.
2059 2544 2241 2609 Nihil
2290 2567 2443 2632 ergo
2490 2566 2680 2631 agam
2731 2546 2785 2609 si
2832 2565 2908 2608 ex
2956 2542 3105 2609 aliis

711 2644 1038 2736 Euripidis
1076 2649 1313 2716 fabulis
1348 2652 1583 2716 rariora
1621 2651 1815 2716 verba
1855 2650 2109 2717 afferam
2122 2673 2139 2731 ;
2184 2649 2472 2718 Choerili
2495 2657 2719 2717 autem·
2739 2650 3104 2737 fragmento

711 2754 971 2841 (Simpl.
1020 2755 1099 2821 ad
1144 2757 1253 2821 Ar.
1301 2756 1503 2844 PhJS.
1555 2755 1617 2821 8.
1646 2755 1807 2837 276)
1856 2758 2079 2835 πέτρην
2129 2760 2414 2823 κοιλαίνει
2465 2757 2627 2838 ῥοονὶς
2679 2753 2895 2841 ὕδατος
2948 2756 3105 2820 ἕνδε-

708 2862 927 2944 λεχείῃ
968 2865 1417 2928 auctoritatem
1465 2862 1733 2928 abstulit
1778 2866 1915 2949 ipse
1955 2864 2405 2942 Wilamowitz,
2454 2864 2627 2929 hand
2675 2868 2922 2929 certum
2963 2883 3101 2927 esse

708 2990 973 3034 monens
1043 2969 1319 3035 fueritne
1389 2968 1646 3035 Samius
1717 2978 1905 3057 poeta
1972 2992 2164 3055 quem
2238 2973 2341 3036 hic
2427 2971 2621 3036 refert
2695 2968 3097 3054 Simplicius.

707 3075 947 3141 Verum
1009 3077 1214 3141 inesse
1273 3096 1494 3142 revera
1555 3079 1623 3141 in
1688 3077 1805 3142 hoc
1852 3077 2167 3143 adiectivo
2216 3076 2541 3158 ἐνδελεχὴς
2590 3074 2951 3162 putandum
3001 3080 3101 3139 est

706 3180 954 3267 aliquid
1016 3182 1185 3267 quod
1245 3183 1323 3247 ab
1388 3186 1744 3268 antiquiore
1810 3203 2101 3249 sermone
2164 3186 2298 3249 sive
2360 3184 2611 3262 Attico,
2692 3184 2825 3247 sive
2882 3180 3097 3246 Ionico

705 3286 1076 3354 abhorreat?
1142 3288 1456 3368 Quoniam
1529 3289 1827 3375 frequens
1892 3290 2283 3355 adiectivum
2350 3294 2445 3354 est
2514 3288 2682 3375 apud
2755 3286 3098 3352 Platonem

704 3398 806 3476 (cf.
872 3398 1249 3481 praesertim
1312 3396 1477 3461 Tim.
1543 3395 1698 3463 430
1764 3404 1828 3461 et
1892 3398 1977 3462 58
1996 3396 2071 3477 C)
2135 3399 2451 3462 nimiaene
2517 3398 2816 3462 audaciae
2882 3402 2980 3461 est
3042 3398 3099 3460 si

703 3505 1094 3569 coniciamus
1147 3506 1214 3567 in
1264 3506 1354 3567 eis
1403 3524 1563 3588 quae
1611 3524 1690 3569 ex
1740 3502 2055 3569 Heracliti
2103 3506 2417 3589 sapientia
2461 3504 2655 3569 refert
2704 3502 3097 3568 Plutarchus

701 3608 912 3690 (Cous.
962 3632 1014 3675 c.
1073 3608 1178 3690 10)
1243 3611 1345 3673 xxi
1404 3611 1431 3673 ὃ
1497 3616 1604 3681 τῆς
1655 3610 1949 3687 γενέσεως
2004 3612 2286 3687 ποταμὸς
2336 3608 2520 3681 οὕτως
2569 3609 2904 3689 ἐνδελεχῶς
2952 3610 3096 3689 ῥέων

700 3716 922 3781 οὔποτε
968 3718 1266 3791 στήσεται
1316 3718 1518 3800 ipsius
1567 3716 1884 3782 Heracliti
1930 3721 2183 3782 servata
2230 3737 2365 3781 esse
2411 3713 2650 3782 verba?

791 3820 1089 3889 Ceterum
1154 3824 1458 3907 quoniam
1517 3844 1642 3887 non
1706 3828 1971 3909 rogatur
2032 3823 2445 3887 Pirithousne
2506 3820 2748 3887 falsarii
2813 3820 3089 3887 alicuius

697 3928 894 3994 fuerit
956 3949 1116 4013 opus
1178 3928 1287 3993 sed
1336 3928 1690 4015 ambigitur
1739 3933 1996 4005 tantum
2044 3931 2214 3994 inter
2258 3927 2531 3995 Critiam
2580 3930 2692 4014 qui
2738 3949 2903 3993 anno
2952 3927 3086 3992 403

697 4035 858 4099 obiit
905 4040 970 4099 et
1016 4034 1395 4120 Euripidem
1442 4037 1554 4120 qui
1600 4036 1856 4101 biennio
1895 4042 2041 4101 ante
2082 4041 2379 4101 mortuus
2420 4040 2551 4115 est,
2591 4056 2818 4121 parum
2857 4034 3089 4113 refert,

695 4162 855 4204 num
925 4146 1072 4207 ante
1143 4140 1511 4206 Pirithoum
1582 4141 1955 4207 adverbium
2030 4142 2366 4222 ἐνδελεχῶς
2446 4142 2682 4207 Atticis
2751 4143 3091 4227 cognitum

690 4248 892 4331 ,fuerit
960 4268 1188 4327 necne;
1262 4251 1374 4333 qui
1446 4246 1684 4315 Critiae
1732 4251 2229 4333 innovationem
2296 4248 2613 4314 eiusmodi
2673 4248 3087 4325 condonabit,

692 4354 749 4418 is
817 4352 1114 4439 Euripidi
1187 4354 1499 4441 denegare
1559 4354 1890 4421 licentiam
1953 4356 2217 4422 eandem
2284 4358 2397 4422 vix
2460 4356 2716 4441 poterit.
2786 4353 3087 4440 Euripidi

692 4464 913 4522 autem
961 4466 1170 4525 cetera
1210 4461 1406 4526 huius
1447 4464 1768 4528 enuntiati
1809 4463 2002 4527 verba
2041 4466 2285 4527 mirum
2322 4467 2634 4548 quantum
2674 4462 3083 4526 conveniunt.

695 4561 1078 4651 Congruunt
1139 4568 1475 4653 imagines.
1539 4567 1657 4633 Est
1714 4571 1883 4633 enim
1946 4567 2184 4655 lyricae
2248 4571 2403 4633 artis
2465 4570 2680 4654 inopia
2735 4566 3083 4653 quaedam,
