3392 5384
1371 429 1749 496 unomen.
2618 409 2743 476 171

446 601 611 667 Ibid.
664 599 899 668 168E:
948 598 1196 677 ἄμεινον
1242 597 1750 672 ε’πακολουθήσεις
1800 596 2012 676 λόγῳ
2062 591 2512 676 διερευνωμένῳ.
2561 593 2748 660 Prae-

356 714 519 788 stat,
584 710 828 792 opinor,
894 707 1138 785 λόγον
1202 711 1267 773 et
1315 706 1463 773 vide
1510 704 1665 791 quid
1714 702 1992 770 Cobetus
2041 701 2117 768 de
2165 701 2504 788 deponenti
2549 701 2743 770 verbo

358 815 767 896 διερευνᾶσθαι
816 815 1044 880 habeat
1094 813 1318 880 Mncm.
1372 811 1547 879 1874
1597 834 1659 897 p.
1709 807 1862 877 2¹74.
1983 817 1990 824 ’

446 1050 606 1117 Ibid.
654 1047 891 1117 170A:
942 1051 1003 1115 ἐν
1044 1047 1353 1130 epa-idme
1402 1051 1435 1126 ἢ
1478 1052 1581 1130 (’ν)
1614 1050 1806 1121 νόσοις
1841 1048 1874 1125 ἦ
1917 1049 1975 1112 ἐν
2004 1045 2288 1130 θαλάττῃ
2311 1043 2748 1130 χειμάζεσθαι.

354 1156 668 1244 Supplevi
713 1159 1270 1244 praepositionem.

451 1393 611 1459 Ibid.
656 1390 899 1460 170D:
949 1392 1045 1457 αἐὶ
1088 1393 1157 1458 σὲ
1207 1391 1587 1472 κρίνομεν
1626 1393 1825 1468 ἄληθῆ
1869 1391 2141 1474 δοξάζειν
2185 1391 2218 1466 ἦ
2259 1392 2454 1471 μυρίοι
2495 1388 2750 1459 {adeo-rb

357 1525 447 1565 σοι
489 1501 947 1584 μᾶχονται;
989 1499 1237 1566 Futura
1272 1501 1626 1586 praeferam
1668 1504 2098 1580 κρινοῦμεν
2139 1505 2204 1565 et
2243 1503 2747 1581 μαχοῦνται.

443 1753 605 1820 Ibid.
656 1741 905 1826 1¹72A:
950 1755 1314 1832 ὅμολογήσει
1362 1750 1716 1832 ξύμβουλόν
1765 1776 1834 1816 τε
1882 1749 2240 1829 ξυμβούλου
2281 1751 2592 1832 διαφέρειν
2632 1751 2736 1815 καὶ

356 1861 591 1932 πόλεως
654 1859 897 1938 δόξαν
961 1859 1171 1941 ἑτέραν
1234 1858 1442 1940 ἑτέρας
1503 1860 1647 1939 πρὸς
1714 1859 2028 1932 ἀλήθειαν.
2092 1858 2497 1924 Rescribam:
2560 1857 2743 1936 δόξαν

355 1965 650 2049 (δόξης)
714 1965 924 2044 ἑτέραν
987 1966 1238 2046 ἑτέρας,
1304 1968 1393 2031 sic
1455 1967 1631 2031 enim
1694 1963 1884 2031 Plato
1947 1964 2128 2051 loqui
2175 1965 2375 2044 solet,
2425 1963 2632 2031 veluti
2678 1966 2746 2029 in

354 2073 618 2139 Timaeo
664 2095 727 2159 p.
780 2071 972 2140 SOB:
1026 2073 1190 2138 οὐδὲν
1238 2070 1490 2146 ἄνόητον
1530 2076 1634 2136 τοῦ
1676 2076 1808 2135 νοῦν
1849 2070 2095 2151 ἔχοντος
2137 2068 2272 2138 ὅλον
2312 2067 2452 2137 ὅλου
2491 2072 2748 2136 καλλιον

362 2178 613 2245 ἔσεσθαί
673 2203 822 2244 ποτε
885 2178 1057 2258 ἔργον
1118 2186 1184 2246 et
1244 2182 1311 2243 in
1370 2177 1641 2266 Apolog.
1692 2177 1888 2243 3'7D:
1948 2176 2153 2252 ἄλλην
2200 2177 2269 2256 ἐξ
2314 2176 2746 2253 ἄλλης-,πόλιν

358 2286 594 2358 πόλεως
645 2286 1059 2366 ἄμειβομένῳ.
1106 2285 1334 2370 Eurip.
1384 2285 1631 2350 Hecub.
1683 2283 1846 2349 688:

530 2465 535 2470 ,
626 2389 857 2471 Ἕτερα
906 2392 959 2455 δ’
1008 2393 1129 2470 ἀφ’
1175 2391 1385 2468 ἐτέρων
1432 2391 1601 2456 κακοὶ
1651 2396 1853 2455 κακῶν
1901 2397 2081 2469 κυρεῖ.

358 2499 555 2566 Recte
605 2504 819 2564 tamen
864 2497 1148 2586 Sophist.
1199 2496 1442 2563 223D:
1493 2497 1561 2561 τὸ
1610 2495 1675 2561 δέ
1723 2498 1788 2574 γ’
1838 2495 1905 2571 ἐξ
1952 2493 2152 2571 ἄλλης
2196 2497 2280 2568 είς
2324 2494 2526 2570 ἄλλην
2564 2495 2742 2562 πόλιν

351 2603 902 2683 διαλλαττόμενον,
952 2610 1027 2670 ut
1073 2603 1243 2691 apud
1291 2602 1671 2689 Euripidem
1719 2601 1974 2668 Heracl.
2023 2624 2118 2669 VS.
2172 2602 2292 2668 16:

624 2708 827 2786 ἄλλην
874 2711 987 2774 ἄπ’
1035 2707 1237 2784 ἄλλης
1284 2707 1644 2791 ἔξορίζοντες
1697 2709 1894 2774 πόλιν.

447 2946 611 3012 Ibid.
663 2943 899 3013 17213:
966 2941 1077 3010 ὧδέ
1140 2968 1295 3015 πως
1358 2943 1466 3017 τὴν
1530 2946 1761 3020 σοφίαν
1828 2941 2144 3023 ἄγουσι.
2209 2946 2386 3013 Haec
2448 2953 2745 3034 corrupta

352 3074 490 3118 esse
535 3074 615 3118 ne
660 3052 935 3118 dubites.
978 3049 1391 3116 Heindorfius
1431 3048 1611 3128 ἄγειν
1652 3052 2035 3118 aestimandi
2074 3055 2143 3118 vi
2180 3055 2466 3138 positum
2502 3060 2746 3133 censet,

353 3161 547 3226 sicuti
602 3161 671 3224 in
719 3157 1019 3224 formulis
1068 3159 1321 3234 ἐντίμως
1371 3154 1551 3234 ἄγειν
1601 3157 1782 3235 τινᾶ,
1834 3159 1959 3222 θεὸν
2007 3155 2186 3236 ἄγειν
2236 3162 2414 3237 τινά,
2461 3162 2609 3240 παρ’
2656 3161 2748 3226 οὖ-

354 3264 449 3331 δὲν
494 3264 697 3344 ἄγειν.
748 3263 1076 3351 Improbat
1120 3263 1282 3328 hanc
1330 3266 1649 3328 rationem
1694 3262 2164 3340 Stallbaumius
2209 3270 2275 3330 et
2322 3268 2588 3344 merito,
2636 3267 2744 3332 sed

354 3372 526 3458 quod
588 3374 727 3457 ipse
787 3369 1226 3446 commendat,
1291 3391 1417 3434 non
1478 3373 1693 3456 magis
1749 3371 2003 3455 probari
2050 3370 2256 3435 debet.
2297 3373 2524 3448 ’Λγειν
2569 3379 2747 3450 φιλο-

352 3481 581 3558 σοφίαν
642 3480 705 3543 ei
766 3484 865 3544 est
926 3499 1127 3559 reqere
1172 3483 1230 3540 et
1276 3477 1574 3540 moderari
1613 3477 2078 3559 philosophiam,
2128 3478 2608 3562 quemadmodum
2653 3477 2746 3542 di-

352 3585 512 3650 citur
570 3583 754 3663 ἄγειν
815 3585 923 3657 τῆν
988 3593 1103 3658 νῆα
1150 3585 1317 3663 (sic),
1364 3583 1543 3661 ἄγειν
1593 3586 1703 3656 τὴν
1749 3582 1950 3650 πόλιν.
1997 3583 2347 3650 Schanzius
2391 3584 2739 3671 praetulit:

352 3688 463 3757 ὧδέ
519 3716 649 3762 πως
712 3691 821 3765 τὴν
884 3691 1112 3768 σοφίαν
1175 3688 1466 3769 λέγουσι,
1530 3690 1636 3755 sed
1698 3695 1894 3756 testes
1955 3712 2115 3776 quos
2153 3691 2422 3757 advocat
2469 3692 2548 3757 ad
2595 3713 2740 3759 eam

350 3800 740 3883 scripturam
776 3795 1225 3862 stabiliendam
1243 3843 1260 3874 ,
1302 3798 1484 3874 citati
1522 3818 1647 3863 non
1686 3796 2087 3883 respondent.
2136 3797 2362 3864 Dicam
2399 3799 2553 3884 quid
2576 3799 2742 3864 mihi

350 3906 419 3968 in
482 3909 769 3968 mentem
830 3904 1099 3968 venerit.
1164 3901 1348 3982 Quod
1410 3902 1595 3968 verbi
1657 3924 1846 3970 causa
1903 3903 2302 3989 Antiphanes
2351 3904 2549 3970 dixit:
2599 3905 2746 3982 πρὸς

351 4008 737 4086 ἄμυγδαλᾶς
807 4009 868 4073 δὲ
931 4016 1057 4079 πῶς
1122 4006 1331 4088 ἔχεις,
1395 4008 1787 4074 facillimum
1848 4009 2185 4076 intellectu
2247 4017 2344 4076 est
2403 4018 2748 4096 postquam

350 4115 634 4183 Cobetns
694 4115 919 4180 Mnem.
989 4114 1162 4180 1855
1226 4137 1290 4201 p.
1358 4114 1491 4180 304
1557 4116 1753 4181 huius
1813 4115 2156 4182 locutionis
2217 4138 2412 4182 nsum
2472 4120 2744 4202 aperuit.

346 4221 531 4287 Idem
588 4221 688 4287 bis
750 4222 1039 4286 restituit
1100 4221 1272 4307 apud
1332 4219 1675 4287 Platonem
1734 4224 1802 4286 in
1855 4224 2040 4287 istis:
2090 4229 2215 4295 πῶς
2267 4221 2436 4303 ἔχεις
2484 4222 2626 4303 πρὸς
2677 4225 2746 4290 τὸ

344 4329 540 4394 τίνειν
596 4335 662 4394 et
724 4334 851 4397 πῶς
918 4326 1090 4408 ἔχεις
1152 4329 1299 4404 πρὸς
1346 4327 1415 4391 τὸ
1462 4327 1619 4393 ἱέναι
1667 4328 1942 4404 ἄκλητος
2001 4329 2101 4392 ε’τὶ
2153 4329 2408 4409 δεῖπνον,
2457 4350 2622 4416 quae
2665 4328 2751 4396 le·

303 4441 312 4445 ’
346 4441 601 4522 guntur
640 4436 709 4498 in
754 4431 983 4520 Symp.
1040 4429 1243 4499 176Β
1288 4439 1355 4498 et
1403 4432 1533 4500 174
1553 4434 1626 4499 Β.
1674 4435 1951 4502 Accedat
1995 4439 2127 4501 iam
2175 4439 2408 4502 tertius
2453 4435 2744 4502 Platonis

346 4541 562 4608 locus:
628 4539 1016 4606 scribamus:
1082 4537 1195 4604 ὧδε
1254 4539 1444 4620 πρὸς
1512 4543 1623 4617 τὴν
1684 4541 1915 4624 σοφίαν
1967 4539 2289 4624 ἔχουσι,
2338 4544 2400 4609 h.
2427 4564 2481 4609 e.
2527 4543 2620 4608 cic
2659 4545 2738 4608 de
