3392 5384
1401 402 1721 491 Donamus.
2618 419 2751 486 235

448 607 609 673 Ibid.
654 606 738 674 37
799 608 932 673 Th.
974 608 1293 694 Equidem
1333 607 1439 693 pol
1478 611 1545 672 in
1586 628 1730 673 eam
1769 614 2020 692 partem
2066 608 2433 692 accipioque
2472 612 2538 670 et
2574 604 2745 672 volo·

354 712 486 781 Ch.
535 713 746 780 Immo
792 717 915 793 ita,
966 735 1219 799 quaeso,
1271 713 1491 779 Unum
1537 714 1654 780 hoc
1702 716 1861 779 scito
1908 719 2054 778 cett.

447 820 607 887 Don.
673 821 768 902 (1)
828 821 1063 886 Utrum
1113 823 1649 886 meretricem
1697 823 1769 901 (1.
1798 832 1853 887 e'.
1902 826 1991 900 te)
2040 839 2120 884 an
2167 818 2357 885 deos
2402 802 2749 904 quaeso?

351 927 718 1012 Utrumque
781 930 955 993 enim
1019 930 1222 1013 accipi
1283 912 1539 1013 potest.⁴
1593 940 1618 967 ⁰
1653 926 1773 993 Ed.
1843 927 1942 1007 (2)
2006 928 2107 991 An
2173 927 2492 1011 „quaeso”
2543 947 2749 991 unum

356 1034 476 1099 hoc
523 1022 727 1099 scito?

443 1140 637 1206 Recte
698 1140 987 1207 Fabia:
1055 1140 1251 1206 Thais
1314 1162 1351 1206 a
1411 1136 1701 1226 repondu
1749 1147 1891 1226 trop
1940 1139 2322 1207 froidement
2371 1123 2454 1203 au
2500 1138 2615 1225 gre
2663 1137 2741 1203 de

353 1245 673 1315 Chaerea:
719 1248 771 1313 11
815 1250 1060 1313 insiste.
1200 1248 1406 1335 Ergo:
1459 1257 1568 1325 „te
1616 1248 1917 1333 quaeso''.
2692 1246 2697 1252 ’

444 1353 606 1437 Ibid.
657 1353 742 1419 39
769 1375 862 1439 sq.
914 1352 1362 1422 Contumeliae
1408 1376 1533 1419 non
1581 1374 1701 1419 me·
1734 1354 1957 1419 fecisse
2002 1373 2213 1431 causa,
2262 1351 2372 1417 sed
2418 1354 2677 1417 amoris.

719 1461 856 1526 Ph.
905 1460 1087 1539 Scin,
1139 1467 1202 1527 et
1249 1460 1357 1547 pol
1401 1466 1738 1546 propterea
1786 1462 1999 1546 magis
2044 1480 2213 1524 nunc
2258 1461 2521 1545 ignosco
2570 1457 2692 1523 tibi

449 1568 549 1633 Ad
588 1568 676 1633 40
718 1567 946 1646 „Nunc
983 1571 1120 1655 ign.
1161 1570 1253 1633 t.''
1295 1568 1468 1653 quod
1507 1567 1696 1653 culpa
1732 1589 1857 1632 non
1896 1568 1983 1631 sit
2023 1566 2301 1630 hominis
2340 1565 2451 1630 sed
2489 1565 2751 1629 amoris.

355 1676 462 1741 Sic
507 1674 624 1739 Ed.
675 1676 1024 1741 secundum
1071 1674 1265 1740 schol.
1316 1696 1510 1741 suum
1561 1673 1646 1738 36
1673 1672 1791 1754 (2).

445 1781 607 1846 Ibid.
658 1780 738 1846 41
813 1781 957 1847 Non
1003 1782 1158 1847 adeo
1206 1782 1561 1846 inhumano
1606 1782 1871 1866 ingenio
1922 1801 2103 1857 sum,
2154 1776 2437 1844 Chaerea

809 1887 1033 1972 Neque
1076 1895 1208 1953 tam
1247 1890 1584 1973 imperita,
1627 1892 1703 1951 ut
1742 1886 1893 1971 quid
1935 1906 2113 1951 amor
2152 1883 2363 1950 valeat·
2402 1884 2681 1948 nesciam

450 1994 544 2074 (1)
597 1994 780 2072 „Non
825 1992 1220 2059 inhumano’'
1272 1996 1423 2078 quia
1471 1993 1698 2070 homo,
1752 2014 1923 2070 „non
1969 1988 2313 2076 imperita”
2364 1991 2517 2074 quia
2554 2009 2755 2053 mere-

341 2103 517 2167 trix.
658 2099 753 2180 (2)
819 2100 1084 2185 „Neque
1143 2106 1280 2165 tam
1340 2098 1714 2186 imperita”,
1762 2101 2009 2184 inquit,
2060 2100 2244 2183 quasi
2291 2097 2496 2161 dicat:
2547 2115 2753 2178 neque

360 2215 495 2273 tam
544 2208 777 2294 pudica
823 2229 1003 2286 sum,
1047 2214 1122 2271 ut
1169 2206 1324 2291 quid
1369 2227 1549 2271 amor
1597 2205 1807 2271 valeat
1852 2207 2151 2270 nesciam.
2339 2200 2751 2269 Alterutrum

358 2313 860 2400 interpolatum:
909 2313 1111 2391 illud,
1155 2313 1360 2379 credo,
2188 2324 2195 2333 '

449 2422 612 2488 Ibid.
664 2420 749 2485 45
822 2422 958 2508 Py.
1007 2420 1191 2486 Nihil
1238 2422 1360 2486 tibi
1405 2422 1753 2504 quicquam
1800 2418 1985 2485 credo
2512 2472 2530 2487 .

453 2528 614 2594 Don.
653 2527 776 2607 (3)
843 2526 1068 2606 „Nihil
1127 2527 1514 2612 quicquam”
1581 2525 1885 2606 παρέλκων
1920 2525 1969 2607 ¹)
2016 2529 2341 2609 quartum.
2482 2520 2599 2586 Ed.
2650 2519 2748 2601 (4)

335 2636 495 2700 ·Aut
544 2634 794 2713 „nihil”
844 2656 958 2719 pro
1005 2655 1179 2699 non.

450 2740 610 2806 Ibid.
664 2740 740 2805 61
820 2739 953 2827 Py.
1005 2740 1247 2805 Parum
1294 2741 1689 2825 perspexisse
1736 2741 1873 2804 eius
1921 2738 2136 2804 videre
2183 2737 2517 2803 audaciam

450 2848 612 2913 Don.
673 2847 770 2929 (1)
831 2846 1042 2913 Ironia
1103 2851 1200 2911 est
1250 2848 1588 2932 „Parum”.
1729 2845 2130 2911 Additicium
2179 2843 2451 2909 videtur·
2480 2840 2613 2923 (2):
2662 2840 2748 2905 Et

359 2976 485 3021 non
527 2955 876 3033 „sensisse”
917 2954 1028 3019 sed
1069 2953 1552 3039 „perspexisse”
1596 2953 1797 3031 dixit,
1840 2961 1915 3018 ut
1938 2954 2069 3017 iam
2094 2974 2221 3017 non
2244 2953 2331 3016 sit
2350 2948 2753 3035 experienda,

360 3083 524 3147 quae
569 3064 655 3127 sit
700 3062 977 3146 perfecte
1024 3063 1303 3147 cognita.

452 3168 614 3234 Ibid.
665 3168 750 3233 68
773 3168 871 3249 (2)
918 3167 1077 3233 Vide
1124 3188 1318 3253 supra
1370 3189 1434 3251 p.
1490 3165 1572 3232 19
1599 3188 1692 3251 sq.

449 3275 613 3341 Ibid.
663 3273 748 3339 69
774 3274 871 3354 (2)
925 3272 1167 3359 „Virgo
1229 3274 1422 3339 vero”
1493 3294 1642 3337 vero
1706 3272 2034 3350 εἰρωνικῶς.
2187 3270 2285 3353 (3)
2332 3268 2500 3334 Nam
2544 3268 2753 3332 ironia

360 3387 491 3459 est,
556 3388 630 3446 ut
697 3368 1072 3467 „egregiam
1135 3401 1283 3446 vero
1343 3378 1647 3444 laudem”
1697 3377 1915 3464 (Verg.
1969 3376 2055 3443 IV
2106 3376 2239 3458 93).
2290 3376 2589 3459 Sumpsit
2634 3373 2753 3437 hoc

359 3508 398 3553 a
435 3488 683 3553 Donato
721 3488 802 3553 ad
840 3508 935 3553 vs.
978 3484 1084 3552 55.
1224 3486 1464 3551 Miram
1502 3484 2065 3571 interpolationem
2103 3487 2236 3549 iam
2261 3482 2748 3547 Wessnerus

357 3598 608 3662 notavit
651 3597 720 3658 in
762 3593 892 3676 (4):
942 3593 1365 3659 Manifestum
1409 3598 1506 3658 est
1553 3612 1668 3657 cur
1715 3594 2023 3657 meretrix
2070 3590 2253 3656 docta
2291 3588 2747 3675 capiendorum

360 3723 536 3767 more
591 3704 906 3766 iuvenum
953 3703 1198 3786 praeire
1245 3698 1407 3766 velit
1452 3696 1835 3766 Chaeream:
1888 3705 1963 3763 ut
2008 3701 2076 3762 in
2122 3695 2562 3781 consequendo
2608 3696 2749 3778 ipsa

360 3810 447 3873 sit
492 3806 764 3886 tardior3
813 3804 962 3873 vult
1008 3809 1183 3871 enim
1229 3805 1331 3870 illi
1376 3804 1656 3871 liberum
1704 3808 1840 3871 sine
1880 3806 2139 3871 arbitris
2178 3826 2325 3870 cum
2365 3801 2580 3889 puella
2616 3821 2752 3865 esse

362 3912 754 3998 colloquium
794 3918 861 3979 et
897 3912 1157 3981 licitum
1197 3932 1513 3991 amorem3
1551 3948 1636 3960 -
1675 3914 1799 3976 nisi
1839 3912 1998 3976 forte
2036 3915 2343 3997 putamus
2383 3908 2756 3974 Terentium

363 4020 520 4084 haec
579 4021 713 4084 sine
775 4039 966 4083 causa
1029 4019 1281 4096 fecisse,
1347 4019 1461 4102 qui
1523 4020 1608 4082 sit
1654 4017 2163 4082 artificiossimus
2209 4022 2416 4101 poeta.
2471 4052 2554 4065 -
2601 4034 2753 4078 nam

363 4146 567 4211 neque
610 4127 749 4210 ipsa
794 4125 1158 4211 ingreditur
1202 4146 1352 4190 cum
1399 4122 1680 4190 Chaerea
1719 4145 1925 4211 neque
1964 4123 2219 4209 ingredi
2260 4121 2458 4188 simul
2498 4122 2756 4206 permit·

427 4404 480 4466 1)
530 4402 608 4450 Sic
659 4403 874 4451 Donatus
925 4400 1118 4450 centies.
1171 4400 1244 4450 Cf.
1299 4399 1425 4449 And.
1469 4400 1496 4449 1
1545 4397 1795 4458 1.28.63,
1842 4400 1888 4449 2.
1910 4399 1989 4447 30.
2012 4398 2092 4457 34,
2129 4398 2275 4450 5.56.
2331 4397 2454 4448 Eun.
2492 4396 2564 4445 IV
2598 4397 2750 4447 4.63.

361 4485 401 4533 V
450 4485 496 4533 2.
517 4486 598 4543 45,
635 4484 746 4532 8.2.
799 4484 870 4532 Ad
917 4481 999 4530 111
1035 4484 1081 4532 2.
1102 4484 1166 4542 8,·
1185 4484 1230 4531 3.
1254 4481 1331 4531 12.
1351 4483 1434 4531 28.
1488 4482 1554 4531 1v
1610 4482 1759 4531 5.12.
1809 4480 1849 4528 V
1886 4485 1930 4532 5.
1950 4482 1997 4531 6.
2052 4480 2167 4531 Hec.
2205 4480 2232 4531 1
2271 4481 2416 4530 1.10.
2442 4480 2521 4538 56,
2556 4480 2739 4529 2.110.

357 4568 436 4619 111
472 4569 620 4617 3.40.
659 4565 695 4614 V
735 4569 778 4617 1.
801 4568 878 4616 18.
913 4566 1035 4653 Pho.
1071 4566 1098 4614 1
1133 4566 1179 4616 2.
1201 4567 1281 4617 38.
1299 4565 1382 4615 ³9.
1399 4567 1481 4615 40.
1517 4567 1562 4615 3.
1581 4566 1662 4616 20.
1695 4564 1750 4613 II
1785 4565 1933 4615 2.18.
