3392 5384
739 383 871 449 438
1776 403 2089 452 nonnos.

827 566 1188 653 Explicatio
1235 574 1299 633 et
1345 568 1648 634 refutatio
1693 571 1886 634 iusta.
1935 569 2301 655 Respicitne
2348 569 2627 636 Probum
2680 569 3010 656 Asprum?

827 674 988 739 Ibid.
1043 671 1124 741 17
1189 673 1340 740 Sine
1387 673 1558 741 mala
1603 674 1778 742 fama
1822 675 2039 762 palam

829 779 927 860 (3)
973 779 1178 846 Multi
1223 781 1656 868 superioribus
1701 783 1987 869 iungunt
2030 781 2267 867 palam.

829 885 860 951 1
905 885 969 951 4.
996 887 1037 951 4
1093 886 1190 968 (2)
1251 887 1558 974 Nigidius
1621 887 1904 966 „celari”
1972 891 2221 974 quaerit
2283 893 2505 954 utrum
2569 888 2833 974 plenum
2894 890 2982 955 sit
3044 911 3127 956 an

736 1013 1046 1080 pressum.
1186 992 1388 1058 Locos
1447 993 1830 1080 Nigidianos
1892 1015 2043 1060 cum
2091 994 2392 1061 Wessn.
2440 993 2521 1060 ad
2565 995 2757 1081 Aspri
2804 1016 3135 1062 commen-

735 1104 881 1166 tum
927 1097 1312 1166 rettulerim.

827 1204 986 1271 Ibid.
1039 1204 1122 1270 13
1193 1205 1498 1272 Protinus
1558 1206 1628 1270 in
1690 1205 1870 1292 pede.
1942 1206 2041 1287 (3)
2091 1206 2510 1286 „Protinam”
2558 1208 2718 1287 fuit,
2767 1213 2834 1273 et
2879 1209 2970 1273 sic
3014 1207 3128 1273 Ni-

735 1311 954 1400 gidius
999 1309 1186 1399 legit.

825 1417 985 1483 Ibid.
1028 1417 1067 1483 9
1115 1414 1483 1504 Loquarne?
1522 1417 1904 1498 Incendam;
1946 1418 2230 1486 taceam?
2267 1421 2609 1507 instigem3
2660 1440 2937 1507 purgem
2978 1418 3128 1485 me?

734 1523 1005 1590 laterem
1049 1523 1264 1590 lavem

826 1629 926 1713 (5)
989 1629 1133 1697 Duo
1197 1636 1348 1696 sunt
1409 1651 1572 1716 quae
1635 1630 1775 1696 fieri
1837 1632 1904 1696 in
1968 1631 2276 1718 placando
2341 1630 2583 1698 solent:
2633 1637 2746 1698 aut
2789 1630 2966 1718 loqui
3012 1639 3129 1698 aut

735 1744 974 1816 tacere;
1039 1737 1149 1803 sed
1213 1736 1367 1823 quid
1425 1739 1547 1803 sibi
1611 1736 1761 1802 vult
1809 1759 2130 1825 „purgem
2177 1759 2282 1803 me
2297 1736 2390 1816 ?''‚
2440 1759 2591 1804 cum
2637 1738 2810 1804 idem
2858 1741 2943 1804 sit
2994 1737 3130 1817 „lo-

737 1865 974 1928 quarne
992 1841 1060 1908 ‘P’
1124 1844 1225 1907 An
1290 1845 1442 1928 quia
1500 1847 1717 1930 potest
1780 1847 2083 1930 purgatio
2147 1849 2210 1910 et
2256 1866 2369 1930 per
2412 1844 2807 1912 defensorem
2857 1851 2971 1911 aut
3014 1863 3125 1930 pa-

735 1957 996 2016 tronum
1042 1948 1301 2015 induci?
1439 1949 1534 2028 (6)
1583 1950 1725 2016 Hoc
1772 1950 2033 2035 quidam
2082 1956 2347 2036 putant,
2396 1951 2504 2016 sed
2551 1950 2785 2017 melius
2833 1957 2930 2017 est
2967 1951 3124 2016 haec

736 2062 801 2122 et
847 2056 1256 2142 perturbatae
1302 2061 1366 2120 et
1412 2054 1667 2122 servilis
1713 2057 2177 2142 imperitasque
2224 2077 2526 2142 personae
2573 2058 2769 2123 verba
2812 2059 2947 2123 sine
2985 2064 3122 2122 arte

736 2183 872 2228 esse
919 2163 974 2226 si
1023 2164 1161 2227 vim
1207 2161 1691 2248 significationis
1736 2162 1948 2227 habet.

826 2266 900 2334 In
962 2266 1060 2346 (6)
1109 2266 1315 2332 denuo
1375 2267 1676 2332 audimus
1739 2265 2106 2347 Editorem,
2170 2270 2282 2355 qui
2342 2271 2780 2354 quaestionem
2841 2269 3122 2357 logicam

737 2380 802 2440 et
861 2376 1394 2460 grammat-icam,
1454 2375 1732 2459 positam
1779 2393 1816 2437 a
1862 2372 2110 2440 Donato
2160 2376 2227 2439 in
2278 2375 2394 2458 (5),
2444 2375 2645 2442 simili
2692 2375 2890 2442 solvit
2935 2396 3125 2462 argu-

737 2482 1167 2558 mentatione,
1230 2501 1355 2566 qua
1417 2501 1573 2545 usus
1633 2485 1729 2545 est
1790 2501 1983 2566 supra
2046 2481 2125 2546 ad
2187 2482 2307 2547 Ad.
2355 2482 2421 2547 II
2469 2482 2530 2548 3.
2559 2482 2598 2546 6
2629 2483 2747 2565 (2),
2794 2485 2995 2569 petita
3042 2504 3119 2563 ex

732 2586 1054 2672 loquentis
1113 2588 1472 2652 rusticitate
1535 2592 1648 2651 aut
1702 2586 1923 2653 servili
1977 2589 2326 2673 imperitia.
2380 2588 2744 2669 „Quidam”
2790 2590 2997 2675 igitur
3039 2613 3123 2639 =

737 2693 1058 2770 Donatus,
1106 2699 1181 2757 ut
1227 2713 1452 2778 supra,
1500 2691 1666 2758 Eun.
1718 2692 1806 2758 IV
1854 2689 1914 2759 7.
1945 2693 2006 2772 6,
2059 2693 2280 2772 ,,8111”.

827 2799 1161 2864 Postrema
1220 2799 1414 2864 verba
1461 2797 1766 2864 Wessn.
1828 2820 1862 2865 e
1920 2800 2299 2864 coniecturis
2346 2797 2653 2882 Stephani
2701 2803 2766 2862 et
2813 2795 3121 2862 Schoellii

735 2907 826 2970 sic
873 2903 1106 2970 edidit:
1161 2924 1317 2981 „nec
1361 2906 1464 2998 sui
1508 2906 1645 2969 vim
1693 2904 2092 2991 significatus
2138 2901 2434 2969 habere''.

829 3010 890 3075 II
943 3010 1000 3075 1.
1029 3008 1068 3075 3
1138 3009 1280 3076 Non
1329 3010 1586 3097 pudere.
1634 3012 1763 3078 Hic
1806 3011 2112 3099 Nigidius
2161 3012 2493 3077 annotavit
2537 3011 2959 3076 neminem
3006 3013 3117 3075 vi-

738 3115 914 3182 deri
961 3116 1273 3202 pudere
1323 3122 1512 3183 ante
1560 3117 2003 3184 delictum:

825 3222 985 3288 Ibid.
1042 3221 1124 3287 65
1195 3222 1435 3290 Verum
1495 3227 1550 3290 si
1611 3230 1883 3311 cognata
1946 3229 2043 3289 est
2104 3227 2424 3303 maxime,
2492 3245 2618 3289 non
2679 3224 2805 3289 fuit
2866 3244 3112 3290 necesse

732 3330 964 3396 habere

824 3436 922 3518 (2)
972 3435 1173 3528 <Τῷ>
1225 3435 1550 3516 ἲδιωτισμῷ
1598 3435 1842 3501 addidit
1892 3433 2282 3513 „maxime”,
2332 3454 2484 3499 nam
2532 3437 2669 3503 sive
2714 3440 3113 3522 cognata-est

732 3537 870 3609 sire
932 3565 1056 3608 non
1104 3548 1234 3621 est,
1283 3565 1410 3609 non
1456 3543 1681 3627 recipit
1728 3540 1798 3604 τὸ
1846 3543 2093 3617 μᾶλλον
2142 3541 2245 3603 καὶ
2297 3537 2495 3619 ἦττον,
2549 3578 2631 3590 —-
2681 3543 2801 3607 hoc
2847 3545 2940 3605 est
2986 3559 3109 3603 non

733 3649 969 3715 dicitur
1032 3651 1354 3727 „maxime
1413 3645 1725 3732 cognata’'
1790 3651 1855 3712 et
1920 3647 2231 3723 „minime
2294 3647 2633 3733 cognata”,
2700 3685 2783 3698 —
2846 3645 2955 3712 sed
3001 3651 3112 3710 aut

733 3761 831 3821 est
899 3761 1012 3820 aut
1075 3777 1200 3820 non
1261 3760 1379 3819 est.
1446 3753 1575 3818 Alii
1639 3754 1729 3818 sic
1793 3752 2122 3819 ordinant:
2187 3775 2316 3819 non
2362 3754 2491 3819 fuit.
2536 3775 2786 3819 necesse
2833 3754 3112 3818 maxime

733 3863 997 3941 habere,
1047 3860 1191 3926 alii:
1241 3860 1351 3926 sed
1395 3859 1462 3924 id
1509 3859 1676 3946 quod
1725 3858 1827 3926 lex
1879 3860 2057 3925 iubet
2107 3863 2390 3925 maxime
2438 3860 2653 3926 dotem
2700 3859 2953 3925 daretis.

823 3968 1116 4034 Editores
1192 3967 1378 4033 hodie
1448 3988 1597 4032 cum
1660 3967 1911 4034 Donato
1973 3969 2445 4053 interpungunt
2506 3971 2654 4052 post
2717 3962 3114 4044 „m'axime”.

735 4073 952 4153 „Alii”
1003 4113 1088 4124 —
1141 4074 1336 4164 „alii”
1386 4072 1602 4159 plures
1650 4074 1858 4140 fontes
1906 4073 2364 4140 demonstrant.

824 4179 887 4244 II
936 4180 995 4246 3.
1029 4180 1107 4245 11
1139 4180 1190 4244 Β
1215 4180 1314 4261 (2)
1359 4178 1517 4245 Vide
1564 4201 1756 4265 supra
1804 4178 2012 4258 „Sunt
2055 4182 2166 4264 qui
2205 4178 2472 4264 putent”
2515 4177 2800 4262 Asprum
2836 4177 3113 4244 indicare

731 4292 1015 4371 possunt.

823 4391 982 4457 Ibid.
1046 4389 1131 4457 25
1167 4391 1224 4460 Β
1263 4391 1359 4473 (2)
1423 4391 1637 4470 „Male
1698 4390 1921 4477 loqui’'
1991 4439 2005 4455 .
2035 4438 2095 4457 ..
2160 4393 2411 4478 quaerit
2473 4390 2721 4456 Probus
2771 4393 2914 4477 quis
2960 4395 3103 4455 ante

731 4496 1104 4562 Terentium
1150 4497 1402 4563 dixerit.
2030 4485 2036 4490 ’
3064 4538 3080 4553 ·
