3392 5384
1390 399 1703 456 nouimus.
2595 383 2735 460 289

435 569 499 636 ΙΙ
545 570 606 637 3.
636 570 677 637 3
750 571 982 637 Adeste
1031 591 1265 657 quaeso

439 678 534 760 (2)
595 679 894 765 Proprie:
959 678 1176 744 adesse
1221 680 1398 744 enim
1445 698 1669 744 causae
1718 681 1975 765 proprie
2001 679 2325 746 dicuntur
2370 683 2625 767 patroni
2670 685 2735 746 et

348 786 560 850 amici.
698 785 877 867 A(6)
924 785 1185 870 Proprie
1233 784 1560 851 advocatis
1609 785 1793 849 dixit.

437 890 803 956 Secundum
869 912 974 956 me
1033 891 1346 956 habemus
1393 890 1720 956 Donatum
1767 893 1837 954 in
1884 890 2001 972 (2),
2051 894 2352 978 magistri
2400 893 2737 958 cuiusdam

350 1002 723 1084 excerptum
783 1000 852 1062 in
912 997 1123 1078 A(6);
1194 997 1546 1063 secundum
1616 996 1851 1062 Sabb.
1915 997 2157 1064 Rabb.
2228 998 2527 1066 Wessn.
2598 999 2753 1065 illic

350 1103 590 1171 scholia
651 1106 988 1190 utriusque
1036 1106 1422 1190 excerptoris
1467 1106 1537 1169 in
1583 1105 1813 1189 primis
1861 1124 1989 1170 vss.
2039 1107 2238 1170 etiam
2286 1107 2581 1184 confusa,
2629 1107 2737 1173 hic

350 1209 618 1276 alterius
661 1215 1052 1295 excerptum.

441 1317 601 1382 Ibid.
653 1315 692 1380 5
764 1317 889 1383 Pro
951 1317 1146 1381 deum
1207 1314 1717 1382 immortaliuml
1764 1315 1978 1404 Negat
2021 1317 2345 1383 Phanium
2394 1339 2527 1384 esse
2574 1318 2737 1384 hanc

348 1423 474 1488 sibi
519 1429 857 1509 cognatam
906 1419 1274 1508 Demipho‘?

439 1529 614 1610 B(2)
683 1529 929 1616 Magno
989 1531 1248 1616 ingenio
1311 1528 1650 1596 Terentius
1712 1530 2185 1616 impudentiam
2254 1530 2736 1598 calumniatoris

350 1637 694 1722 expressit,
744 1657 895 1700 nam
943 1641 1008 1700 et
1053 1637 1230 1720 prior
1273 1636 1505 1720 incipit
1551 1640 1614 1700 et
1659 1639 1833 1721 prior
1881 1641 2153 1702 accusat.
2198 1674 2283 1685 -
2326 1636 2422 1718 (3)
2463 1637 2549 1703 Et
2588 1641 2738 1724 quia

350 1764 474 1808 non
521 1746 731 1827 potest
779 1741 984 1806 dicere
1035 1740 1349 1826 „expellit
1394 1742 1514 1806 Ph.
1566 1741 1887 1827 Demipho
1905 1740 1973 1824 ‘P'
2030 1748 2265 1830 „negat
2312 1741 2735 1830 cognatam?''

353 1846 528 1912 dicit.

440 1952 723 2019 Indicavi
781 1952 1262 2038 Interpolatoris
1324 1953 1838 2019 additamentum
1901 1955 2413 2039 ineptissimum:
2485 1957 2740 2020 etiamsi

349 2060 659 2125 Phormio
716 2058 883 2124 illud
930 2058 1137 2124 dicere
1183 2064 1481 2144 potuerat
1529 2065 1679 2140 (non
1725 2061 1942 2146 potuit
1984 2065 2206 2133 autem
2256 2065 2401 2126 ante
2447 2062 2741 2127 minatio·

350 2187 499 2232 nem
549 2164 969 2250 Demiphonis
1017 2186 1111 2230 VS.
1165 2163 1297 2246 7¹7),
1358 2171 1576 2230 tamen
1621 2187 1747 2231 non
1794 2165 2095 2244 dixisset,
2144 2168 2297 2251 quia
2343 2169 2737 2253 cognationis

349 2274 609 2360 negatio
676 2272 794 2337 hoc
867 2270 1003 2336 loco
1072 2273 1258 2337 unice
1325 2271 1886 2337 commemoranda
1955 2277 2111 2337 erat.
2206 2271 2282 2336 In
2351 2272 2448 2354 (1)
2516 2279 2789 2348 autem-

347 2399 620 2466 agnosco
667 2377 986 2443 scholium
1047 2380 1378 2465 integrum
1445 2377 1715 2456 Donati,
1777 2379 1846 2442 in
1908 2399 2032 2464 quo
2095 2376 2261 2442 nihil
2325 2377 2735 2458 desideretur,

344 2506 474 2552 non
524 2484 788 2551 alterius
834 2485 1115 2550 hominis
1162 2490 1554 2569 excerptum.

439 2592 497 2657 A
543 2598 724 2659 vacat
770 2591 849 2657 ad
895 2593 1066 2657 hunc
1111 2612 1372 2657 versum
1421 2597 1485 2657 et
1532 2591 1611 2656 ad
1677 2593 1739 2675 6,
1787 2588 1847 2668 7,
1898 2589 1961 2669 9,
2014 2591 2118 2669 10,
2168 2611 2443 2676 quorum
2491 2589 2733 2661 scholia

345 2703 690 2785 supersunt
714 2704 970 2763 tantum
995 2701 1063 2762 in
1085 2698 1159 2776 B,
1201 2703 1264 2763 et
1290 2697 1550 2784 quidem
1575 2697 1949 2783 plenissima
1975 2697 2182 2762 denuo
2207 2700 2489 2784 satisque
2513 2697 2732 2783 longa.

436 2804 598 2871 Ibid.
651 2804 692 2869 8
763 2804 1080 2890 Demipho
1143 2804 1221 2870 ad
1283 2804 1651 2870 advocatos:
1714 2804 1936 2890 Ipsum
1998 2824 2132 2869 esse
2198 2806 2422 2889 opinor
2483 2804 2559 2870 de
2607 2825 2734 2890 quo

349 2912 643 2998 agebam.
693 2908 1090 2997 Sequiminil

442 3018 541 3097 „A
592 3017 1038 3104 „Sequimini”
1079 3017 1277 3095 dixit,
1319 3019 1470 3104 quia
1506 3021 1951 3103 properantius
1990 3021 2056 3082 et
2095 3019 2504 3084 concitatiore
2527 3017 2736 3105 gradu

348 3127 564 3212 pergit
601 3127 828 3190 iratuS.

438 3230 544 3296 Sic
604 3251 752 3297 vere
814 3229 1137 3308 Donatus,
1211 3251 1360 3295 nam
1421 3250 1637 3296 senem
1697 3230 2146 3316 indignantem
2211 3235 2275 3295 et
2321 3232 2559 3295 iratum
2612 3235 2733 3311 (vs.

353 3336 386 3401 1
430 3342 594 3423 sqq.)
655 3339 766 3403 vix
825 3336 1118 3422 passibus
1180 3357 1447 3422 aequare
1509 3340 1780 3421 possunt
1840 3338 2053 3401 amici.
2117 3337 2378 3423 Pugnat
2440 3357 2590 3401 cum
2636 3337 2738 3401 his

347 3443 540 3510 schol.
601 3444 681 3512 B:
755 3443 1038 3529 Apparet
1100 3442 1571 3528 Demiphonem
1629 3447 1704 3507 ut
1752 3448 2000 3527 patrem
2046 3441 2332 3508 familiae
2378 3443 2737 3527 perturbari

345 3572 469 3615 non
515 3550 938 3628 mediocriter,
989 3551 1223 3635 quippe
1272 3551 1383 3634 qui
1431 3554 1494 3614 et
1542 3548 1883 3614 advocatos
1929 3550 2393 3633 conquisiverit
2433 3549 2736 3615 adversus

345 3657 672 3723 hominem
735 3659 871 3722 sine
923 3647 1258 3722 'advocatis
1321 3661 1622 3743 agentem
1681 3661 1747 3725 et
1792 3655 2092 3743 progredi
2138 3678 2265 3721 non
2313 3655 2563 3733 audeat,
2610 3658 2738 3721 nisi

344 3762 446 3828 illi
510 3769 876 3850 sequantur.
1059 3763 1270 3828 Immo
1334 3761 1654 3847 Demipho
1718 3783 1833 3828 nec
1894 3784 2063 3828 nunc
2124 3783 2329 3849 neque
2375 3765 2443 3826 in
2488 3761 2735 3848 reliqua

345 3890 568 3936 scaena
605 3869 1016 3956 perturbatus
1057 3873 1155 3934 est
1181 3868 1459 3934 antideo
1484 3868 1824 3934 advocatos
1848 3871 2258 3955 conquisivit,
2285 3891 2399 3934 nec
2424 3875 2606 3934 metu
2628 3890 2735 3935 eos

341 3978 570 4042 incitat
630 3980 704 4040 ut
750 3980 1117 4061 sequantur,
1166 3975 1276 4040 sed
1323 3977 1538 4040 omnia
1586 3974 2035 4041 festinabunda
2081 3959 2221 4063 agit
2267 3975 2729 4061 indignatione.

437 4081 769 4148 Habemus
821 4083 1030 4169 igitur
1073 4083 1139 4146 in
1180 4081 1238 4146 A
1277 4081 1597 4147 scholium
1639 4082 1832 4148 breve
1873 4080 1982 4147 sed
2021 4081 2286 4167 plenum
2323 4084 2528 4166 ipsius
2566 4104 2735 4148 com-

346 4190 585 4266 menti,
631 4191 702 4252 in
747 4188 799 4252 B
846 4190 1229 4254 contrariam
1278 4187 1560 4254 Editoris
1606 4191 2198 4273 interpretationem
2246 4190 2401 4253 satis
2448 4187 2732 4276 longam.

434 4293 596 4360 Ibid.
652 4294 736 4358 10
803 4293 1144 4380 Ignoratur
1190 4314 1453 4379 parens,
1504 4294 1866 4382 negligitur
1911 4297 2049 4380 ipsa

433 4401 488 4466 Β
527 4400 622 4482 (2)
691 4399 1114 4488 „Ignoratur”
1180 4424 1304 4466 non
1357 4403 1751 4488 agnoscitur,
1818 4438 1903 4451 —-
1968 4401 2063 4483 (3)
2114 4402 2525 4483 „anoratur”
2574 4405 2736 4489 quod

326 4507 613 4593 finyitur,
682 4544 768 4556 ——-
827 4509 935 4572 hoc
993 4507 1148 4572 enim
1209 4507 1521 4596 eiqnzflcat
1564 4510 1751 4575 modo,
1893 4506 1989 4590 (4)
2038 4509 2122 4573 Et
2173 4508 2486 4594 „parens”
2529 4516 2729 4595 pater,

2376 4631 2435 4680 19
