<?xml version="1.0" encoding="UTF-8"?>
<!DOCTYPE html PUBLIC "-//W3C//DTD XHTML 1.0 Transitional//EN"
    "http://www.w3.org/TR/xhtml1/DTD/xhtml1-transitional.dtd">
<html xmlns="http://www.w3.org/1999/xhtml" xml:lang="en" lang="en">
 <head>
  <title>
</title>
<meta http-equiv="Content-Type" content="text/html;charset=utf-8" />
  <meta name='ocr-system' content='tesseract 3.04.00' />
  <meta name='ocr-capabilities' content='ocr_page ocr_carea ocr_par ocr_line ocrx_word'/>
</head>
<body>
  <div class='ocr_page' id='page_1' title='image "./mnemosynebiblio13servgoog_0047.png"; bbox 0 0 3392 5384; ppageno 0'>
   <div class='ocr_carea' id='block_1_1' title="bbox 1317 403 2673 470">
    <p class='ocr_par' dir='ltr' id='par_1_1' title="bbox 1317 403 2673 470">
     <span class='ocr_line' id='line_1_1' title="bbox 1317 403 2673 470; baseline -0.001 0"><span class='ocrx_word' id='word_1_1' title='bbox 1317 419 1632 470; x_wconf 55' lang='lat' dir='ltr'><strong>Donamus.</strong></span> <span class='ocrx_word' id='word_1_2' title='bbox 2584 403 2673 469; x_wconf 77' lang='lat'><strong>35</strong></span> 
     </span>
    </p>
   </div>
   <div class='ocr_carea' id='block_1_2' title="bbox 292 583 2706 4560">
    <p class='ocr_par' dir='ltr' id='par_1_2' title="bbox 292 583 2685 989">
     <span class='ocr_line' id='line_1_2' title="bbox 384 583 2683 670; baseline -0.001 -17"><span class='ocrx_word' id='word_1_3' title='bbox 384 587 482 668; x_wconf 85' lang='grc'><strong>(2)</strong></span> <span class='ocrx_word' id='word_1_4' title='bbox 543 586 786 653; x_wconf 80' lang='lat' dir='ltr'><strong>Deinde</strong></span> <span class='ocrx_word' id='word_1_5' title='bbox 846 607 975 650; x_wconf 90' lang='lat' dir='ltr'><strong>non</strong></span> <span class='ocrx_word' id='word_1_6' title='bbox 1034 585 1296 670; x_wconf 90' lang='lat' dir='ltr'><strong>petisti&#39;’</strong></span> <span class='ocrx_word' id='word_1_7' title='bbox 1363 583 1514 662; x_wconf 89' lang='lat' dir='ltr'><strong>„sed</strong></span> <span class='ocrx_word' id='word_1_8' title='bbox 1579 583 1909 666; x_wconf 84' lang='lat' dir='ltr'><strong>„dixisti&#39;&#39;‚</strong></span> <span class='ocrx_word' id='word_1_9' title='bbox 1971 605 2085 650; x_wconf 86' lang='lat' dir='ltr'><strong>nec</strong></span> <span class='ocrx_word' id='word_1_10' title='bbox 2150 584 2361 663; x_wconf 82' lang='lat' dir='ltr'><strong>„velle</strong></span> <span class='ocrx_word' id='word_1_11' title='bbox 2417 587 2523 651; x_wconf 88' lang='lat' dir='ltr'><strong>te”</strong></span> <span class='ocrx_word' id='word_1_12' title='bbox 2572 585 2683 651; x_wconf 87' lang='lat' dir='ltr'><strong>sed</strong></span> 
     </span>
     <span class='ocr_line' id='line_1_3' title="bbox 297 688 2685 778; baseline -0.001 -20"><span class='ocrx_word' id='word_1_13' title='bbox 297 693 638 778; x_wconf 89' lang='lat' dir='ltr'><strong>,‚cupere&#39;&#39;,</strong></span> <span class='ocrx_word' id='word_1_14' title='bbox 685 710 811 757; x_wconf 91' lang='lat' dir='ltr'><strong>non</strong></span> <span class='ocrx_word' id='word_1_15' title='bbox 859 689 1201 777; x_wconf 81' lang='lat' dir='ltr'><strong>„nigram”</strong></span> <span class='ocrx_word' id='word_1_16' title='bbox 1250 689 1361 755; x_wconf 89' lang='lat' dir='ltr'><strong>sed</strong></span> <span class='ocrx_word' id='word_1_17' title='bbox 1411 712 1532 768; x_wconf 87' lang='lat' dir='ltr'><strong>„ex</strong></span> <span class='ocrx_word' id='word_1_18' title='bbox 1578 688 1837 767; x_wconf 87' lang='lat' dir='ltr'><strong>Aeth.’&#39;,</strong></span> <span class='ocrx_word' id='word_1_19' title='bbox 1886 711 2001 754; x_wconf 86' lang='lat' dir='ltr'><strong>nec</strong></span> <span class='ocrx_word' id='word_1_20' title='bbox 2043 690 2273 768; x_wconf 85' lang='lat' dir='ltr'><strong>„dedi”</strong></span> <span class='ocrx_word' id='word_1_21' title='bbox 2316 691 2425 756; x_wconf 92' lang='lat' dir='ltr'><strong>sed</strong></span> <span class='ocrx_word' id='word_1_22' title='bbox 2464 690 2685 770; x_wconf 88' lang='lat' dir='ltr'><strong>„relic-</strong></span> 
     </span>
     <span class='ocr_line' id='line_1_4' title="bbox 292 793 2685 884; baseline -0.001 -20"><span class='ocrx_word' id='word_1_23' title='bbox 292 801 380 864; x_wconf 87' lang='lat' dir='ltr'><strong>tis</strong></span> <span class='ocrx_word' id='word_1_24' title='bbox 443 793 632 864; x_wconf 88' lang='lat' dir='ltr'><strong>rebus</strong></span> <span class='ocrx_word' id='word_1_25' title='bbox 696 799 993 863; x_wconf 90' lang='lat' dir='ltr'><strong>omnibus</strong></span> <span class='ocrx_word' id='word_1_26' title='bbox 1055 796 1422 883; x_wconf 85' lang='lat' dir='ltr'><strong>quaesivi&#39;&#39;:</strong></span> <span class='ocrx_word' id='word_1_27' title='bbox 1489 794 1645 880; x_wconf 91' lang='lat' dir='ltr'><strong>quid</strong></span> <span class='ocrx_word' id='word_1_28' title='bbox 1697 795 1815 859; x_wconf 89' lang='lat' dir='ltr'><strong>·hic</strong></span> <span class='ocrx_word' id='word_1_29' title='bbox 1878 816 2005 859; x_wconf 89' lang='lat' dir='ltr'><strong>non</strong></span> <span class='ocrx_word' id='word_1_30' title='bbox 2052 799 2443 881; x_wconf 86' lang='lat' dir='ltr'><strong>exquisitum</strong></span> <span class='ocrx_word' id='word_1_31' title='bbox 2464 845 2481 875; x_wconf 91' lang='lat'><strong><em>,</em></strong></span> <span class='ocrx_word' id='word_1_32' title='bbox 2531 796 2685 884; x_wconf 90' lang='lat' dir='ltr'><strong>quid</strong></span> 
     </span>
     <span class='ocr_line' id='line_1_5' title="bbox 293 897 1841 989; baseline -0.004 -19"><span class='ocrx_word' id='word_1_33' title='bbox 293 926 425 970; x_wconf 89' lang='lat' dir='ltr'><strong>non</strong></span> <span class='ocrx_word' id='word_1_34' title='bbox 469 907 563 969; x_wconf 86' lang='lat' dir='ltr'><strong>ita</strong></span> <span class='ocrx_word' id='word_1_35' title='bbox 608 924 1017 989; x_wconf 85' lang='lat' dir='ltr'><strong>expressum,</strong></span> <span class='ocrx_word' id='word_1_36' title='bbox 1069 909 1144 967; x_wconf 92' lang='lat' dir='ltr'><strong>ut</strong></span> <span class='ocrx_word' id='word_1_37' title='bbox 1187 900 1352 965; x_wconf 88' lang='lat' dir='ltr'><strong>nihil</strong></span> <span class='ocrx_word' id='word_1_38' title='bbox 1399 901 1546 965; x_wconf 83' lang='lat' dir='ltr'><strong>addi</strong></span> <span class='ocrx_word' id='word_1_39' title='bbox 1593 897 1841 985; x_wconf 77' lang='lat' dir='ltr'><strong>possit?</strong></span> 
     </span>
    </p>

    <p class='ocr_par' dir='ltr' id='par_1_3' title="bbox 391 1001 2129 1092">
     <span class='ocr_line' id='line_1_6' title="bbox 391 1001 2129 1092; baseline -0.002 -18"><span class='ocrx_word' id='word_1_40' title='bbox 391 1009 487 1090; x_wconf 88' lang='grc'><strong>(3)</strong></span> <span class='ocrx_word' id='word_1_41' title='bbox 537 1010 816 1088; x_wconf 85' lang='lat' dir='ltr'><strong>„Porro”</strong></span> <span class='ocrx_word' id='word_1_42' title='bbox 867 1007 1092 1073; x_wconf 91' lang='lat' dir='ltr'><strong>deinde</strong></span> <span class='ocrx_word' id='word_1_43' title='bbox 1136 1001 1244 1073; x_wconf 65' lang='lat' dir='ltr'><strong>vel</strong></span> <span class='ocrx_word' id='word_1_44' title='bbox 1289 1012 1508 1092; x_wconf 90' lang='lat' dir='ltr'><strong>postea</strong></span> <span class='ocrx_word' id='word_1_45' title='bbox 1554 1005 1660 1072; x_wconf 88' lang='lat' dir='ltr'><strong>vel</strong></span> <span class='ocrx_word' id='word_1_46' title='bbox 1706 1006 1918 1071; x_wconf 91' lang='lat' dir='ltr'><strong>multo</strong></span> <span class='ocrx_word' id='word_1_47' title='bbox 1965 1014 2129 1092; x_wconf 92' lang='lat' dir='ltr'><strong>post.</strong></span> 
     </span>
    </p>

    <p class='ocr_par' dir='ltr' id='par_1_4' title="bbox 397 1111 2196 1197">
     <span class='ocr_line' id='line_1_7' title="bbox 397 1111 2196 1197; baseline -0.001 -19"><span class='ocrx_word' id='word_1_48' title='bbox 397 1114 492 1195; x_wconf 89' lang='grc'><strong>(4)</strong></span> <span class='ocrx_word' id='word_1_49' title='bbox 540 1114 927 1192; x_wconf 83' lang='lat' dir='ltr'><strong>„Eunuchos</strong></span> <span class='ocrx_word' id='word_1_50' title='bbox 974 1135 1011 1178; x_wconf 86' lang='lat' dir='ltr'><strong>a</strong></span> <span class='ocrx_word' id='word_1_51' title='bbox 1057 1114 1270 1177; x_wconf 88' lang='lat' dir='ltr'><strong>Persis</strong></span> <span class='ocrx_word' id='word_1_52' title='bbox 1316 1115 1649 1177; x_wconf 85' lang='lat' dir='ltr'><strong>institutos</strong></span> <span class='ocrx_word' id='word_1_53' title='bbox 1696 1111 1997 1197; x_wconf 85' lang='lat' dir='ltr'><strong>putant&#39;&#39;‚</strong></span> <span class='ocrx_word' id='word_1_54' title='bbox 2044 1116 2196 1178; x_wconf 89' lang='lat' dir='ltr'><strong>cett.</strong></span> 
     </span>
    </p>

    <p class='ocr_par' dir='ltr' id='par_1_5' title="bbox 301 1216 2689 1619">
     <span class='ocr_line' id='line_1_8' title="bbox 396 1216 2686 1305; baseline -0.001 -20"><span class='ocrx_word' id='word_1_55' title='bbox 396 1220 494 1301; x_wconf 88' lang='lat'><strong>(5)</strong></span> <span class='ocrx_word' id='word_1_56' title='bbox 556 1219 716 1285; x_wconf 84' lang='lat' dir='ltr'><strong>Vide</strong></span> <span class='ocrx_word' id='word_1_57' title='bbox 778 1218 1324 1305; x_wconf 88' lang='lat' dir='ltr'><strong>quemadmodum</strong></span> <span class='ocrx_word' id='word_1_58' title='bbox 1344 1265 1361 1295; x_wconf 91' lang='lat'><strong><em>,</em></strong></span> <span class='ocrx_word' id='word_1_59' title='bbox 1442 1223 1518 1282; x_wconf 89' lang='lat' dir='ltr'><strong>ut</strong></span> <span class='ocrx_word' id='word_1_60' title='bbox 1577 1219 1789 1282; x_wconf 88' lang='lat' dir='ltr'><strong>maius</strong></span> <span class='ocrx_word' id='word_1_61' title='bbox 1851 1218 2042 1282; x_wconf 85' lang='lat' dir='ltr'><strong>faciat</strong></span> <span class='ocrx_word' id='word_1_62' title='bbox 2104 1216 2271 1303; x_wconf 91' lang='lat' dir='ltr'><strong>quod</strong></span> <span class='ocrx_word' id='word_1_63' title='bbox 2330 1220 2686 1302; x_wconf 89' lang='lat' dir='ltr'><strong>praestitit,</strong></span> 
     </span>
     <span class='ocr_line' id='line_1_9' title="bbox 301 1322 2689 1410; baseline -0.001 -19"><span class='ocrx_word' id='word_1_64' title='bbox 301 1347 430 1391; x_wconf 90' lang='lat' dir='ltr'><strong>non</strong></span> <span class='ocrx_word' id='word_1_65' title='bbox 491 1324 689 1390; x_wconf 89' lang='lat' dir='ltr'><strong>semel</strong></span> <span class='ocrx_word' id='word_1_66' title='bbox 752 1327 1035 1410; x_wconf 79' lang='lat' dir='ltr'><strong>imputat</strong></span> <span class='ocrx_word' id='word_1_67' title='bbox 1098 1325 1223 1389; x_wconf 92' lang='lat' dir='ltr'><strong>duo</strong></span> <span class='ocrx_word' id='word_1_68' title='bbox 1270 1325 1589 1408; x_wconf 88' lang='lat' dir='ltr'><strong>mancipia</strong></span> <span class='ocrx_word' id='word_1_69' title='bbox 1607 1371 1624 1401; x_wconf 91' lang='lat'><strong><em>,</em></strong></span> <span class='ocrx_word' id='word_1_70' title='bbox 1675 1323 1782 1388; x_wconf 87' lang='lat' dir='ltr'><strong>sed</strong></span> <span class='ocrx_word' id='word_1_71' title='bbox 1834 1325 2046 1408; x_wconf 89' lang='lat' dir='ltr'><strong>primo</strong></span> <span class='ocrx_word' id='word_1_72' title='bbox 2096 1322 2376 1408; x_wconf 80' lang='lat' dir='ltr'>puellam</span> <span class='ocrx_word' id='word_1_73' title='bbox 2397 1372 2412 1401; x_wconf 91' lang='lat'><em>,</em></span> <span class='ocrx_word' id='word_1_74' title='bbox 2464 1323 2689 1389; x_wconf 89' lang='lat' dir='ltr'><strong>deinde</strong></span> 
     </span>
     <span class='ocr_line' id='line_1_10' title="bbox 302 1428 2686 1516; baseline -0.001 -19"><span class='ocrx_word' id='word_1_75' title='bbox 302 1431 706 1498; x_wconf 86' lang='lat' dir='ltr'><strong>eunuchum:</strong></span> <span class='ocrx_word' id='word_1_76' title='bbox 747 1430 968 1509; x_wconf 83' lang='lat' dir='ltr'><strong>illam,</strong></span> <span class='ocrx_word' id='word_1_77' title='bbox 1010 1433 1161 1516; x_wconf 87' lang='lat' dir='ltr'><strong>quia</strong></span> <span class='ocrx_word' id='word_1_78' title='bbox 1202 1451 1326 1508; x_wconf 84' lang='lat' dir='ltr'><strong>„ex</strong></span> <span class='ocrx_word' id='word_1_79' title='bbox 1364 1428 1622 1508; x_wconf 89' lang='lat' dir='ltr'><strong>Aeth.&#39;&#39;,</strong></span> <span class='ocrx_word' id='word_1_80' title='bbox 1663 1429 1863 1507; x_wconf 90' lang='lat' dir='ltr'><strong>hunc,</strong></span> <span class='ocrx_word' id='word_1_81' title='bbox 1907 1431 2057 1514; x_wconf 88' lang='lat' dir='ltr'><strong>quia</strong></span> <span class='ocrx_word' id='word_1_82' title='bbox 2099 1428 2309 1507; x_wconf 81' lang='lat' dir='ltr'><strong>„solae</strong></span> <span class='ocrx_word' id='word_1_83' title='bbox 2348 1435 2443 1495; x_wconf 84' lang='lat' dir='ltr'><strong>ut.</strong></span> <span class='ocrx_word' id='word_1_84' title='bbox 2486 1431 2550 1495; x_wconf 89' lang='lat' dir='ltr'><strong>h.</strong></span> <span class='ocrx_word' id='word_1_85' title='bbox 2591 1430 2686 1494; x_wconf 89' lang='lat' dir='ltr'><strong>r.&#39;’</strong></span> 
     </span>
     <span class='ocr_line' id='line_1_11' title="bbox 301 1534 1445 1619; baseline -0.003 -16"><span class='ocrx_word' id='word_1_86' title='bbox 301 1538 470 1619; x_wconf 79' lang='lat' dir='ltr'><strong>Quid</strong></span> <span class='ocrx_word' id='word_1_87' title='bbox 517 1536 644 1603; x_wconf 89' lang='lat' dir='ltr'><strong>tale</strong></span> <span class='ocrx_word' id='word_1_88' title='bbox 690 1536 919 1602; x_wconf 81' lang='lat' dir='ltr'><strong>Thaidi</strong></span> <span class='ocrx_word' id='word_1_89' title='bbox 961 1536 1182 1602; x_wconf 88' lang='lat' dir='ltr'><strong>rivalis</strong></span> <span class='ocrx_word' id='word_1_90' title='bbox 1229 1534 1445 1602; x_wconf 83' lang='lat' dir='ltr'><strong>dedit?</strong></span> 
     </span>
    </p>

    <p class='ocr_par' dir='ltr' id='par_1_6' title="bbox 397 1633 1336 1725">
     <span class='ocr_line' id='line_1_12' title="bbox 397 1633 1336 1725; baseline -0.002 -17"><span class='ocrx_word' id='word_1_91' title='bbox 397 1643 495 1725; x_wconf 89' lang='grc'><strong>(6)</strong></span> <span class='ocrx_word' id='word_1_92' title='bbox 543 1633 854 1722; x_wconf 54' lang='grc' dir='ltr'><strong>Εὐνοῦχος</strong></span> <span class='ocrx_word' id='word_1_93' title='bbox 903 1641 1134 1721; x_wconf 72' lang='grc' dir='ltr'><strong>εἴρηται</strong></span> <span class='ocrx_word' id='word_1_94' title='bbox 1186 1648 1336 1707; x_wconf 86' lang='lat' dir='ltr'><strong>cett.</strong></span> 
     </span>
    </p>

    <p class='ocr_par' dir='ltr' id='par_1_7' title="bbox 395 1747 2216 1834">
     <span class='ocr_line' id='line_1_13' title="bbox 395 1747 2216 1834; baseline -0.001 -20"><span class='ocrx_word' id='word_1_95' title='bbox 395 1747 483 1814; x_wconf 89' lang='grc'><strong>88</strong></span> <span class='ocrx_word' id='word_1_96' title='bbox 509 1748 606 1828; x_wconf 89' lang='grc'>(1)</span> <span class='ocrx_word' id='word_1_97' title='bbox 657 1748 1024 1834; x_wconf 79' lang='lat' dir='ltr'><strong>„Reginae”</strong></span> <span class='ocrx_word' id='word_1_98' title='bbox 1074 1748 1344 1824; x_wconf 72' lang='lat' dir='ltr'><strong>divitae,</strong></span> <span class='ocrx_word' id='word_1_99' title='bbox 1393 1747 1501 1812; x_wconf 83' lang='lat' dir='ltr'><strong>sed</strong></span> <span class='ocrx_word' id='word_1_100' title='bbox 1552 1747 2049 1825; x_wconf 75' lang='grc' dir='ltr'><strong>ἔμφατικῶτερον</strong></span> <span class='ocrx_word' id='word_1_101' title='bbox 2099 1753 2216 1812; x_wconf 84' lang='lat' dir='ltr'><strong>est.</strong></span> 
     </span>
    </p>

    <p class='ocr_par' dir='ltr' id='par_1_8' title="bbox 311 1852 2695 2130">
     <span class='ocr_line' id='line_1_14' title="bbox 396 1852 2693 1946; baseline -0 -27"><span class='ocrx_word' id='word_1_102' title='bbox 396 1854 492 1935; x_wconf 94' lang='grc'><strong>(2)</strong></span> <span class='ocrx_word' id='word_1_103' title='bbox 540 1853 725 1919; x_wconf 88' lang='lat' dir='ltr'><strong>Varie</strong></span> <span class='ocrx_word' id='word_1_104' title='bbox 778 1853 1233 1932; x_wconf 83' lang='lat' dir='ltr'><strong>„eunuchum”</strong></span> <span class='ocrx_word' id='word_1_105' title='bbox 1283 1854 1448 1946; x_wconf 87' lang='lat' dir='ltr'><strong>dixit</strong></span> <span class='ocrx_word' id='word_1_106' title='bbox 1495 1858 1558 1918; x_wconf 82' lang='lat' dir='ltr'><strong>et</strong></span> <span class='ocrx_word' id='word_1_107' title='bbox 1606 1852 1835 1918; x_wconf 87' lang='lat' dir='ltr'><strong>intulit</strong></span> <span class='ocrx_word' id='word_1_108' title='bbox 1885 1852 2095 1931; x_wconf 89' lang='lat' dir='ltr'><strong>„his&#39;’,</strong></span> <span class='ocrx_word' id='word_1_109' title='bbox 2144 1859 2221 1917; x_wconf 90' lang='lat' dir='ltr'><strong>ut</strong></span> <span class='ocrx_word' id='word_1_110' title='bbox 2266 1853 2453 1938; x_wconf 88' lang='lat' dir='ltr'><strong>(prol.</strong></span> <span class='ocrx_word' id='word_1_111' title='bbox 2490 1852 2693 1933; x_wconf 83' lang='lat'>1—3)</span> 
     </span>
     <span class='ocr_line' id='line_1_15' title="bbox 311 1959 2695 2046; baseline -0 -23"><span class='ocrx_word' id='word_1_112' title='bbox 311 1962 413 2037; x_wconf 86' lang='lat' dir='ltr'><strong>„si</strong></span> <span class='ocrx_word' id='word_1_113' title='bbox 473 1962 810 2045; x_wconf 88' lang='lat' dir='ltr'><strong>quisquam</strong></span> <span class='ocrx_word' id='word_1_114' title='bbox 872 1965 1003 2038; x_wconf 88' lang='lat' dir='ltr'><strong>est,</strong></span> <span class='ocrx_word' id='word_1_115' title='bbox 1069 1962 1182 2046; x_wconf 90' lang='lat' dir='ltr'><strong>qui</strong></span> <span class='ocrx_word' id='word_1_116' title='bbox 1249 2007 1306 2025; x_wconf 91' lang='lat'><strong>..</strong></span> <span class='ocrx_word' id='word_1_117' title='bbox 1336 2008 1374 2039; x_wconf 91' lang='lat'><strong>.,</strong></span> <span class='ocrx_word' id='word_1_118' title='bbox 1435 1961 1501 2023; x_wconf 89' lang='lat' dir='ltr'><strong>in</strong></span> <span class='ocrx_word' id='word_1_119' title='bbox 1552 1959 1653 2024; x_wconf 89' lang='lat' dir='ltr'><strong>his</strong></span> <span class='ocrx_word' id='word_1_120' title='bbox 1699 1964 1887 2045; x_wconf 89' lang='lat' dir='ltr'><strong>poeta</strong></span> <span class='ocrx_word' id='word_1_121' title='bbox 1933 1959 2035 2024; x_wconf 89' lang='lat' dir='ltr'><strong>hic</strong></span> <span class='ocrx_word' id='word_1_122' title='bbox 2082 1980 2315 2024; x_wconf 90' lang='lat' dir='ltr'><strong>nomen</strong></span> <span class='ocrx_word' id='word_1_123' title='bbox 2360 1959 2695 2045; x_wconf 87' lang='lat' dir='ltr'><strong>profitetur</strong></span> 
     </span>
     <span class='ocr_line' id='line_1_16' title="bbox 311 2064 573 2130; baseline -0.008 0"><span class='ocrx_word' id='word_1_124' title='bbox 311 2064 573 2130; x_wconf 88' lang='lat' dir='ltr'><strong>suum’&#39;.</strong></span> 
     </span>
    </p>

    <p class='ocr_par' dir='ltr' id='par_1_9' title="bbox 402 2169 1774 2256">
     <span class='ocr_line' id='line_1_17' title="bbox 402 2169 1774 2256; baseline -0.001 -21"><span class='ocrx_word' id='word_1_125' title='bbox 402 2169 499 2250; x_wconf 88' lang='lat'><strong>(3)</strong></span> <span class='ocrx_word' id='word_1_126' title='bbox 547 2169 906 2256; x_wconf 82' lang='lat' dir='ltr'><strong>„Repperi”</strong></span> <span class='ocrx_word' id='word_1_127' title='bbox 956 2170 1101 2255; x_wconf 92' lang='lat' dir='ltr'><strong>plus</strong></span> <span class='ocrx_word' id='word_1_128' title='bbox 1147 2175 1244 2236; x_wconf 89' lang='lat' dir='ltr'><strong>est</strong></span> <span class='ocrx_word' id='word_1_129' title='bbox 1291 2191 1484 2256; x_wconf 91' lang='lat' dir='ltr'><strong>quam</strong></span> <span class='ocrx_word' id='word_1_130' title='bbox 1537 2171 1774 2248; x_wconf 88' lang='lat' dir='ltr'><strong>,‚emi’&#39;.</strong></span> 
     </span>
    </p>

    <p class='ocr_par' dir='ltr' id='par_1_10' title="bbox 308 2275 2697 2575">
     <span class='ocr_line' id='line_1_18' title="bbox 404 2275 2697 2362; baseline 0 -22"><span class='ocrx_word' id='word_1_131' title='bbox 404 2277 502 2356; x_wconf 87' lang='lat'><strong>(4)</strong></span> <span class='ocrx_word' id='word_1_132' title='bbox 548 2276 634 2340; x_wconf 84' lang='lat' dir='ltr'><strong>Et</strong></span> <span class='ocrx_word' id='word_1_133' title='bbox 671 2277 819 2341; x_wconf 89' lang='lat' dir='ltr'><strong>vide</strong></span> <span class='ocrx_word' id='word_1_134' title='bbox 859 2297 1054 2361; x_wconf 87' lang='lat' dir='ltr'><strong>quam</strong></span> <span class='ocrx_word' id='word_1_135' title='bbox 1096 2279 1380 2362; x_wconf 91' lang='lat' dir='ltr'><strong>propriis·</strong></span> <span class='ocrx_word' id='word_1_136' title='bbox 1411 2281 1477 2341; x_wconf 92' lang='lat' dir='ltr'><strong>et</strong></span> <span class='ocrx_word' id='word_1_137' title='bbox 1514 2275 1937 2362; x_wconf 80' lang='lat' dir='ltr'><strong>amplissimis</strong></span> <span class='ocrx_word' id='word_1_138' title='bbox 1961 2277 2173 2341; x_wconf 85' lang='lat' dir='ltr'><strong>verbis</strong></span> <span class='ocrx_word' id='word_1_139' title='bbox 2197 2298 2352 2341; x_wconf 90' lang='lat' dir='ltr'><strong>usus</strong></span> <span class='ocrx_word' id='word_1_140' title='bbox 2378 2282 2509 2353; x_wconf 85' lang='lat' dir='ltr'><strong>est,</strong></span> <span class='ocrx_word' id='word_1_141' title='bbox 2547 2278 2697 2362; x_wconf 88' lang='lat' dir='ltr'><strong>quia</strong></span> 
     </span>
     <span class='ocr_line' id='line_1_19' title="bbox 310 2381 2691 2469; baseline -0 -20"><span class='ocrx_word' id='word_1_142' title='bbox 310 2389 378 2449; x_wconf 92' lang='lat' dir='ltr'><strong>et</strong></span> <span class='ocrx_word' id='word_1_143' title='bbox 423 2382 724 2448; x_wconf 78' lang='lat' dir='ltr'><strong>ancillam</strong></span> <span class='ocrx_word' id='word_1_144' title='bbox 775 2404 897 2460; x_wconf 82' lang='lat' dir='ltr'><strong>„ex</strong></span> <span class='ocrx_word' id='word_1_145' title='bbox 941 2382 1196 2460; x_wconf 89' lang='lat' dir='ltr'><strong>Aeth.&#39;&#39;,</strong></span> <span class='ocrx_word' id='word_1_146' title='bbox 1248 2390 1312 2447; x_wconf 89' lang='lat' dir='ltr'><strong>et</strong></span> <span class='ocrx_word' id='word_1_147' title='bbox 1358 2384 1727 2448; x_wconf 87' lang='lat' dir='ltr'><strong>eunuchum</strong></span> <span class='ocrx_word' id='word_1_148' title='bbox 1771 2393 1810 2457; x_wconf 91' lang='lat'>&lt;</span> <span class='ocrx_word' id='word_1_149' title='bbox 1823 2385 2017 2467; x_wconf 87' lang='lat' dir='ltr'><strong>„quia</strong></span> <span class='ocrx_word' id='word_1_150' title='bbox 2061 2404 2111 2448; x_wconf 87' lang='lat' dir='ltr'><strong>s.</strong></span> <span class='ocrx_word' id='word_1_151' title='bbox 2163 2387 2257 2447; x_wconf 90' lang='lat' dir='ltr'><strong>ut.</strong></span> <span class='ocrx_word' id='word_1_152' title='bbox 2298 2383 2398 2447; x_wconf 85' lang='lat' dir='ltr'><strong>his</strong></span> <span class='ocrx_word' id='word_1_153' title='bbox 2438 2381 2691 2469; x_wconf 81' lang='lat' dir='ltr'><strong>reg.&#39;&#39;&gt;;</strong></span> 
     </span>
     <span class='ocr_line' id='line_1_20' title="bbox 308 2487 1572 2575; baseline 0.001 -22"><span class='ocrx_word' id='word_1_154' title='bbox 308 2487 493 2554; x_wconf 88' lang='lat' dir='ltr'><strong>illam</strong></span> <span class='ocrx_word' id='word_1_155' title='bbox 547 2488 944 2573; x_wconf 88' lang='lat' dir='ltr'><strong>„quaesivi&#39;&#39;,</strong></span> <span class='ocrx_word' id='word_1_156' title='bbox 992 2489 1163 2554; x_wconf 89' lang='lat' dir='ltr'><strong>hunc</strong></span> <span class='ocrx_word' id='word_1_157' title='bbox 1213 2490 1572 2575; x_wconf 87' lang='lat' dir='ltr'><strong>„repperi&#39;&#39;.</strong></span> 
     </span>
    </p>

    <p class='ocr_par' dir='ltr' id='par_1_11' title="bbox 310 2594 2701 2785">
     <span class='ocr_line' id='line_1_21' title="bbox 401 2594 2701 2680; baseline 0 -21"><span class='ocrx_word' id='word_1_158' title='bbox 401 2594 499 2675; x_wconf 82' lang='grc'><strong>(5)</strong></span> <span class='ocrx_word' id='word_1_159' title='bbox 546 2594 720 2680; x_wconf 81' lang='lat' dir='ltr'><strong>Ergo</strong></span> <span class='ocrx_word' id='word_1_160' title='bbox 767 2594 1117 2679; x_wconf 79' lang='lat' dir='ltr'><strong>vigilanter</strong></span> <span class='ocrx_word' id='word_1_161' title='bbox 1162 2595 1462 2659; x_wconf 82' lang='lat' dir='ltr'><strong>ancillam</strong></span> <span class='ocrx_word' id='word_1_162' title='bbox 1513 2594 1911 2680; x_wconf 83' lang='lat' dir='ltr'><strong>‚,quaesivi’&#39;,</strong></span> <span class='ocrx_word' id='word_1_163' title='bbox 1961 2595 2132 2661; x_wconf 89' lang='lat' dir='ltr'><strong>hunc</strong></span> <span class='ocrx_word' id='word_1_164' title='bbox 2177 2596 2509 2680; x_wconf 87' lang='lat' dir='ltr'><strong>repperi&#39;&#39;:</strong></span> <span class='ocrx_word' id='word_1_165' title='bbox 2548 2617 2701 2661; x_wconf 92' lang='lat' dir='ltr'><strong>neu-</strong></span> 
     </span>
     <span class='ocr_line' id='line_1_22' title="bbox 310 2699 1762 2785; baseline -0.001 -19"><span class='ocrx_word' id='word_1_166' title='bbox 310 2706 488 2766; x_wconf 90' lang='lat' dir='ltr'><strong>trum</strong></span> <span class='ocrx_word' id='word_1_167' title='bbox 538 2703 710 2765; x_wconf 91' lang='lat' dir='ltr'><strong>enim</strong></span> <span class='ocrx_word' id='word_1_168' title='bbox 758 2700 988 2765; x_wconf 90' lang='lat' dir='ltr'><strong>horum</strong></span> <span class='ocrx_word' id='word_1_169' title='bbox 1035 2699 1220 2766; x_wconf 82' lang='lat' dir='ltr'><strong>facile</strong></span> <span class='ocrx_word' id='word_1_170' title='bbox 1267 2703 1552 2785; x_wconf 89' lang='lat' dir='ltr'><strong>positum</strong></span> <span class='ocrx_word' id='word_1_171' title='bbox 1597 2707 1762 2766; x_wconf 62' lang='lat' dir='ltr'><strong>erat.-</strong></span> 
     </span>
    </p>

    <p class='ocr_par' dir='ltr' id='par_1_12' title="bbox 320 2805 2699 2989">
     <span class='ocr_line' id='line_1_23' title="bbox 400 2805 2699 2893; baseline 0.001 -23"><span class='ocrx_word' id='word_1_172' title='bbox 400 2805 500 2886; x_wconf 88' lang='lat'><strong>(6)</strong></span> <span class='ocrx_word' id='word_1_173' title='bbox 560 2806 730 2870; x_wconf 83' lang='lat' dir='ltr'><strong>Nota</strong></span> <span class='ocrx_word' id='word_1_174' title='bbox 787 2827 937 2871; x_wconf 91' lang='lat' dir='ltr'><strong>cum</strong></span> <span class='ocrx_word' id='word_1_175' title='bbox 1000 2807 1453 2885; x_wconf 85' lang='lat' dir='ltr'><strong>„eunuchum”</strong></span> <span class='ocrx_word' id='word_1_176' title='bbox 1517 2805 1836 2892; x_wconf 80' lang='lat' dir='ltr'><strong>singulari</strong></span> <span class='ocrx_word' id='word_1_177' title='bbox 1896 2827 2163 2872; x_wconf 89' lang='lat' dir='ltr'><strong>numero</strong></span> <span class='ocrx_word' id='word_1_178' title='bbox 2225 2810 2699 2893; x_wconf 85' lang='lat' dir='ltr'><strong>praeposuerit,</strong></span> 
     </span>
     <span class='ocr_line' id='line_1_24' title="bbox 320 2910 980 2989; baseline 0.003 -15"><span class='ocrx_word' id='word_1_179' title='bbox 320 2910 506 2989; x_wconf 82' lang='lat' dir='ltr'><strong>„his”</strong></span> <span class='ocrx_word' id='word_1_180' title='bbox 552 2912 980 2977; x_wconf 86' lang='lat' dir='ltr'><strong>subiunxisse.</strong></span> 
     </span>
    </p>

    <p class='ocr_par' dir='ltr' id='par_1_13' title="bbox 319 3014 2701 3314">
     <span class='ocr_line' id='line_1_25' title="bbox 408 3014 2701 3097; baseline 0.001 -15"><span class='ocrx_word' id='word_1_181' title='bbox 408 3014 504 3097; x_wconf 84' lang='lat'><strong>(7)</strong></span> <span class='ocrx_word' id='word_1_182' title='bbox 552 3015 675 3081; x_wconf 83' lang='lat' dir='ltr'><strong>Sed</strong></span> <span class='ocrx_word' id='word_1_183' title='bbox 725 3017 910 3094; x_wconf 75' lang='lat' dir='ltr'><strong>„his”</strong></span> <span class='ocrx_word' id='word_1_184' title='bbox 958 3038 1080 3082; x_wconf 91' lang='lat' dir='ltr'><strong>non</strong></span> <span class='ocrx_word' id='word_1_185' title='bbox 1128 3017 1208 3082; x_wconf 89' lang='lat' dir='ltr'><strong>ad</strong></span> <span class='ocrx_word' id='word_1_186' title='bbox 1253 3019 1622 3083; x_wconf 88' lang='lat' dir='ltr'><strong>eunuchum</strong></span> <span class='ocrx_word' id='word_1_187' title='bbox 1670 3017 1960 3096; x_wconf 84' lang='lat' dir='ltr'><strong>rettulit,</strong></span> <span class='ocrx_word' id='word_1_188' title='bbox 2010 3019 2121 3084; x_wconf 91' lang='lat' dir='ltr'><strong>sed</strong></span> <span class='ocrx_word' id='word_1_189' title='bbox 2161 3019 2239 3084; x_wconf 89' lang='lat' dir='ltr'><strong>ad</strong></span> <span class='ocrx_word' id='word_1_190' title='bbox 2288 3018 2546 3084; x_wconf 87' lang='lat' dir='ltr'><strong>delicias</strong></span> <span class='ocrx_word' id='word_1_191' title='bbox 2586 3025 2701 3085; x_wconf 90' lang='lat' dir='ltr'><strong>aut</strong></span> 
     </span>
     <span class='ocr_line' id='line_1_26' title="bbox 319 3121 2701 3210; baseline 0.001 -22"><span class='ocrx_word' id='word_1_192' title='bbox 319 3123 474 3208; x_wconf 88' lang='lat' dir='ltr'><strong>quid</strong></span> <span class='ocrx_word' id='word_1_193' title='bbox 534 3121 697 3188; x_wconf 86' lang='lat' dir='ltr'><strong>tale:</strong></span> <span class='ocrx_word' id='word_1_194' title='bbox 775 3125 926 3208; x_wconf 90' lang='lat' dir='ltr'><strong>quia</strong></span> <span class='ocrx_word' id='word_1_195' title='bbox 983 3121 1152 3188; x_wconf 88' lang='lat' dir='ltr'><strong>solae</strong></span> <span class='ocrx_word' id='word_1_196' title='bbox 1213 3128 1490 3188; x_wconf 87' lang='lat' dir='ltr'><strong>utuntur</strong></span> <span class='ocrx_word' id='word_1_197' title='bbox 1549 3124 1925 3189; x_wconf 89' lang='lat' dir='ltr'><strong>huiusmodi</strong></span> <span class='ocrx_word' id='word_1_198' title='bbox 1989 3125 2235 3189; x_wconf 89' lang='lat' dir='ltr'><strong>deliciis</strong></span> <span class='ocrx_word' id='word_1_199' title='bbox 2296 3127 2701 3210; x_wconf 86' lang='lat' dir='ltr'><strong>servitiisque</strong></span> 
     </span>
     <span class='ocr_line' id='line_1_27' title="bbox 319 3249 598 3314; baseline 0.004 -22"><span class='ocrx_word' id='word_1_200' title='bbox 319 3249 598 3314; x_wconf 80' lang='lat' dir='ltr'><strong>regmae.</strong></span> 
     </span>
    </p>

    <p class='ocr_par' dir='ltr' id='par_1_14' title="bbox 321 3333 2699 3527">
     <span class='ocr_line' id='line_1_28' title="bbox 408 3333 2699 3421; baseline 0 -23"><span class='ocrx_word' id='word_1_201' title='bbox 408 3333 506 3413; x_wconf 89' lang='grc'><strong>(8)</strong></span> <span class='ocrx_word' id='word_1_202' title='bbox 565 3333 652 3398; x_wconf 79' lang='lat' dir='ltr'><strong>Et</strong></span> <span class='ocrx_word' id='word_1_203' title='bbox 711 3335 982 3399; x_wconf 85' lang='lat' dir='ltr'><strong>oratorie</strong></span> <span class='ocrx_word' id='word_1_204' title='bbox 1044 3334 1150 3398; x_wconf 90' lang='lat' dir='ltr'><strong>hic</strong></span> <span class='ocrx_word' id='word_1_205' title='bbox 1207 3334 1494 3399; x_wconf 87' lang='lat' dir='ltr'><strong>subdidit</strong></span> <span class='ocrx_word' id='word_1_206' title='bbox 1554 3334 1723 3420; x_wconf 90' lang='lat' dir='ltr'><strong>quod</strong></span> <span class='ocrx_word' id='word_1_207' title='bbox 1769 3337 1835 3397; x_wconf 94' lang='lat' dir='ltr'><strong>in</strong></span> <span class='ocrx_word' id='word_1_208' title='bbox 1882 3333 2188 3400; x_wconf 86' lang='lat' dir='ltr'><strong>ancillula</strong></span> <span class='ocrx_word' id='word_1_209' title='bbox 2233 3338 2699 3421; x_wconf 87' lang='lat' dir='ltr'><strong>praetermisit,</strong></span> 
     </span>
     <span class='ocr_line' id='line_1_29' title="bbox 321 3439 1910 3527; baseline 0.001 -23"><span class='ocrx_word' id='word_1_210' title='bbox 321 3442 470 3524; x_wconf 90' lang='lat' dir='ltr'><strong>quia</strong></span> <span class='ocrx_word' id='word_1_211' title='bbox 518 3439 696 3504; x_wconf 88' lang='lat' dir='ltr'><strong>nulla</strong></span> <span class='ocrx_word' id='word_1_212' title='bbox 739 3440 1149 3524; x_wconf 88' lang='lat' dir='ltr'><strong>Aethiopissa</strong></span> <span class='ocrx_word' id='word_1_213' title='bbox 1197 3441 1460 3504; x_wconf 87' lang='lat' dir='ltr'><strong>honesta</strong></span> <span class='ocrx_word' id='word_1_214' title='bbox 1505 3439 1632 3505; x_wconf 89' lang='lat' dir='ltr'><strong>dici</strong></span> <span class='ocrx_word' id='word_1_215' title='bbox 1675 3442 1910 3527; x_wconf 84' lang='lat' dir='ltr'><strong>potuit.</strong></span> 
     </span>
    </p>

    <p class='ocr_par' dir='ltr' id='par_1_15' title="bbox 317 3544 2700 3737">
     <span class='ocr_line' id='line_1_30' title="bbox 409 3544 2700 3632; baseline 0.002 -23"><span class='ocrx_word' id='word_1_216' title='bbox 409 3544 506 3626; x_wconf 86' lang='grc'><strong>(9)</strong></span> <span class='ocrx_word' id='word_1_217' title='bbox 551 3545 639 3610; x_wconf 84' lang='lat' dir='ltr'><strong>Et</strong></span> <span class='ocrx_word' id='word_1_218' title='bbox 689 3545 1030 3632; x_wconf 71' lang='lat' dir='ltr'><strong>„reginae{&#39;</strong></span> <span class='ocrx_word' id='word_1_219' title='bbox 1081 3545 1270 3611; x_wconf 90' lang='lat' dir='ltr'><strong>modo</strong></span> <span class='ocrx_word' id='word_1_220' title='bbox 1322 3547 1556 3611; x_wconf 88' lang='lat' dir='ltr'><strong>divites</strong></span> <span class='ocrx_word' id='word_1_221' title='bbox 1602 3546 1780 3612; x_wconf 88' lang='lat' dir='ltr'><strong>dicit.</strong></span> <span class='ocrx_word' id='word_1_222' title='bbox 1830 3545 1905 3610; x_wconf 90' lang='lat' dir='ltr'><strong>In</strong></span> <span class='ocrx_word' id='word_1_223' title='bbox 1951 3546 2215 3612; x_wconf 88' lang='lat' dir='ltr'><strong>Phorm.</strong></span> <span class='ocrx_word' id='word_1_224' title='bbox 2256 3547 2312 3627; x_wconf 95' lang='lat' dir='ltr'><strong>(I</strong></span> <span class='ocrx_word' id='word_1_225' title='bbox 2353 3547 2415 3612; x_wconf 94' lang='grc'><strong>2.</strong></span> <span class='ocrx_word' id='word_1_226' title='bbox 2442 3547 2556 3630; x_wconf 89' lang='grc'>20)</span> <span class='ocrx_word' id='word_1_227' title='bbox 2602 3569 2700 3627; x_wconf 85' lang='grc'><strong>,,0,</strong></span> 
     </span>
     <span class='ocr_line' id='line_1_31' title="bbox 317 3648 1279 3737; baseline -0.001 -21"><span class='ocrx_word' id='word_1_228' title='bbox 317 3671 538 3737; x_wconf 83' lang='lat' dir='ltr'><strong>regem</strong></span> <span class='ocrx_word' id='word_1_229' title='bbox 581 3672 687 3715; x_wconf 90' lang='lat' dir='ltr'><strong>me</strong></span> <span class='ocrx_word' id='word_1_230' title='bbox 735 3671 868 3716; x_wconf 93' lang='lat' dir='ltr'><strong>esse</strong></span> <span class='ocrx_word' id='word_1_231' title='bbox 915 3654 1200 3736; x_wconf 88' lang='lat' dir='ltr'><strong>oportuit</strong></span> <span class='ocrx_word' id='word_1_232' title='bbox 1221 3648 1279 3715; x_wconf 83' lang='lat'><strong>1”</strong></span> 
     </span>
    </p>

    <p class='ocr_par' dir='ltr' id='par_1_16' title="bbox 320 3755 2705 4054">
     <span class='ocr_line' id='line_1_32' title="bbox 411 3755 2705 3843; baseline 0 -20"><span class='ocrx_word' id='word_1_233' title='bbox 411 3755 755 3823; x_wconf 82' lang='lat' dir='ltr'><strong>Continent</strong></span> <span class='ocrx_word' id='word_1_234' title='bbox 816 3758 969 3822; x_wconf 91' lang='lat' dir='ltr'><strong>haec</strong></span> <span class='ocrx_word' id='word_1_235' title='bbox 1030 3755 1269 3822; x_wconf 88' lang='lat' dir='ltr'><strong>scholia</strong></span> <span class='ocrx_word' id='word_1_236' title='bbox 1331 3758 1793 3841; x_wconf 88' lang='lat' dir='ltr'><strong>cuiuscumque</strong></span> <span class='ocrx_word' id='word_1_237' title='bbox 1855 3759 2007 3822; x_wconf 88' lang='lat' dir='ltr'><strong>vitii</strong></span> <span class='ocrx_word' id='word_1_238' title='bbox 2067 3778 2138 3822; x_wconf 91' lang='lat' dir='ltr'><strong>ac</strong></span> <span class='ocrx_word' id='word_1_239' title='bbox 2198 3760 2463 3823; x_wconf 86' lang='lat' dir='ltr'><strong>virtutis</strong></span> <span class='ocrx_word' id='word_1_240' title='bbox 2511 3760 2705 3843; x_wconf 89' lang='lat' dir='ltr'><strong>speci·</strong></span> 
     </span>
     <span class='ocr_line' id='line_1_33' title="bbox 320 3863 2703 3948; baseline 0.001 -22"><span class='ocrx_word' id='word_1_241' title='bbox 320 3863 524 3938; x_wconf 90' lang='lat' dir='ltr'><strong>mina,</strong></span> <span class='ocrx_word' id='word_1_242' title='bbox 575 3883 851 3948; x_wconf 89' lang='lat' dir='ltr'><strong>quorum</strong></span> <span class='ocrx_word' id='word_1_243' title='bbox 896 3865 1063 3927; x_wconf 87' lang='lat' dir='ltr'><strong>mira</strong></span> <span class='ocrx_word' id='word_1_244' title='bbox 1109 3864 1452 3947; x_wconf 83' lang='lat' dir='ltr'><strong>permixtio</strong></span> <span class='ocrx_word' id='word_1_245' title='bbox 1499 3865 1850 3928; x_wconf 89' lang='lat' dir='ltr'><strong>commenti</strong></span> <span class='ocrx_word' id='word_1_246' title='bbox 1892 3864 2310 3948; x_wconf 85' lang='lat' dir='ltr'><strong>interpretem</strong></span> <span class='ocrx_word' id='word_1_247' title='bbox 2356 3863 2437 3928; x_wconf 89' lang='lat' dir='ltr'><strong>ad</strong></span> <span class='ocrx_word' id='word_1_248' title='bbox 2475 3865 2703 3930; x_wconf 85' lang='lat' dir='ltr'><strong>incitas</strong></span> 
     </span>
     <span class='ocr_line' id='line_1_34' title="bbox 320 3968 647 4054; baseline -0.003 -22"><span class='ocrx_word' id='word_1_249' title='bbox 320 3968 647 4054; x_wconf 83' lang='lat' dir='ltr'><strong>redigunt.</strong></span> 
     </span>
    </p>

    <p class='ocr_par' dir='ltr' id='par_1_17' title="bbox 319 4072 2706 4366">
     <span class='ocr_line' id='line_1_35' title="bbox 411 4072 2706 4159; baseline -0.001 -21"><span class='ocrx_word' id='word_1_250' title='bbox 411 4073 653 4139; x_wconf 81' lang='lat' dir='ltr'><strong>Statim</strong></span> <span class='ocrx_word' id='word_1_251' title='bbox 719 4093 954 4158; x_wconf 91' lang='lat' dir='ltr'><strong>sepono</strong></span> <span class='ocrx_word' id='word_1_252' title='bbox 1023 4094 1184 4159; x_wconf 89' lang='lat' dir='ltr'><strong>quae</strong></span> <span class='ocrx_word' id='word_1_253' title='bbox 1253 4075 1417 4139; x_wconf 91' lang='lat' dir='ltr'><strong>mihi</strong></span> <span class='ocrx_word' id='word_1_254' title='bbox 1485 4095 1636 4139; x_wconf 90' lang='lat' dir='ltr'><strong>cum</strong></span> <span class='ocrx_word' id='word_1_255' title='bbox 1697 4073 2080 4139; x_wconf 82' lang='lat' dir='ltr'><strong>Sabbadinio</strong></span> <span class='ocrx_word' id='word_1_256' title='bbox 2141 4079 2255 4138; x_wconf 87' lang='lat' dir='ltr'><strong>aut</strong></span> <span class='ocrx_word' id='word_1_257' title='bbox 2316 4072 2706 4138; x_wconf 89' lang='lat' dir='ltr'><strong>concedenda</strong></span> 
     </span>
     <span class='ocr_line' id='line_1_36' title="bbox 327 4176 2704 4259; baseline -0.003 -9"><span class='ocrx_word' id='word_1_258' title='bbox 327 4178 572 4250; x_wconf 85' lang='lat' dir='ltr'><strong>Donato</strong></span> <span class='ocrx_word' id='word_1_259' title='bbox 620 4179 999 4245; x_wconf 81' lang='lat' dir='ltr'><strong>videantur:</strong></span> <span class='ocrx_word' id='word_1_260' title='bbox 1051 4178 1136 4244; x_wconf 84' lang='lat'><strong>85</strong></span> <span class='ocrx_word' id='word_1_261' title='bbox 1163 4179 1281 4259; x_wconf 87' lang='lat'><strong>(1),</strong></span> <span class='ocrx_word' id='word_1_262' title='bbox 1328 4178 1438 4257; x_wconf 85' lang='lat'><strong>86,</strong></span> <span class='ocrx_word' id='word_1_263' title='bbox 1486 4177 1696 4259; x_wconf 81' lang='grc'>87(1)</span> <span class='ocrx_word' id='word_1_264' title='bbox 1747 4177 1845 4258; x_wconf 87' lang='lat'><strong>(4)</strong></span> <span class='ocrx_word' id='word_1_265' title='bbox 1889 4179 2010 4259; x_wconf 87' lang='lat'><strong>(6),</strong></span> <span class='ocrx_word' id='word_1_266' title='bbox 2058 4176 2147 4244; x_wconf 88' lang='lat'><strong>88</strong></span> <span class='ocrx_word' id='word_1_267' title='bbox 2172 4178 2290 4258; x_wconf 89' lang='grc'>(2),</span> <span class='ocrx_word' id='word_1_268' title='bbox 2338 4186 2453 4243; x_wconf 89' lang='lat' dir='ltr'><strong>aut</strong></span> <span class='ocrx_word' id='word_1_269' title='bbox 2499 4176 2704 4243; x_wconf 86' lang='lat' dir='ltr'><strong>detra-</strong></span> 
     </span>
     <span class='ocr_line' id='line_1_37' title="bbox 319 4282 1847 4366; baseline 0 -17"><span class='ocrx_word' id='word_1_270' title='bbox 319 4285 561 4350; x_wconf 79' lang='lat' dir='ltr'><strong>henda:</strong></span> <span class='ocrx_word' id='word_1_271' title='bbox 612 4282 696 4350; x_wconf 85' lang='lat'><strong>87</strong></span> <span class='ocrx_word' id='word_1_272' title='bbox 724 4284 820 4365; x_wconf 82' lang='lat'><strong>(2)</strong></span> <span class='ocrx_word' id='word_1_273' title='bbox 868 4283 987 4365; x_wconf 86' lang='lat'><strong>(5),</strong></span> <span class='ocrx_word' id='word_1_274' title='bbox 1037 4283 1123 4349; x_wconf 86' lang='lat'><strong>88</strong></span> <span class='ocrx_word' id='word_1_275' title='bbox 1151 4286 1246 4365; x_wconf 87' lang='lat'><strong>(4)</strong></span> <span class='ocrx_word' id='word_1_276' title='bbox 1293 4283 1402 4365; x_wconf 85' lang='lat'>(5).</span> <span class='ocrx_word' id='word_1_277' title='bbox 1438 4284 1535 4366; x_wconf 85' lang='lat'><strong>(6)</strong></span> <span class='ocrx_word' id='word_1_278' title='bbox 1583 4283 1678 4365; x_wconf 85' lang='lat'><strong>(7)</strong></span> <span class='ocrx_word' id='word_1_279' title='bbox 1728 4283 1847 4365; x_wconf 86' lang='lat'><strong>(8).</strong></span> 
     </span>
    </p>

    <p class='ocr_par' dir='ltr' id='par_1_18' title="bbox 326 4382 2705 4560">
     <span class='ocr_line' id='line_1_38' title="bbox 417 4382 2705 4476; baseline -0.001 -20"><span class='ocrx_word' id='word_1_280' title='bbox 417 4388 717 4456; x_wconf 79' lang='lat' dir='ltr'><strong>Genuina</strong></span> <span class='ocrx_word' id='word_1_281' title='bbox 777 4389 892 4456; x_wconf 91' lang='lat' dir='ltr'><strong>illa</strong></span> <span class='ocrx_word' id='word_1_282' title='bbox 951 4398 1156 4456; x_wconf 88' lang='lat' dir='ltr'><strong>semet</strong></span> <span class='ocrx_word' id='word_1_283' title='bbox 1217 4392 1356 4476; x_wconf 89' lang='lat' dir='ltr'><strong>ipsa</strong></span> <span class='ocrx_word' id='word_1_284' title='bbox 1416 4390 1783 4456; x_wconf 87' lang='lat' dir='ltr'><strong>defendunt.</strong></span> <span class='ocrx_word' id='word_1_285' title='bbox 1831 4390 1927 4456; x_wconf 93' lang='lat' dir='ltr'><strong>De</strong></span> <span class='ocrx_word' id='word_1_286' title='bbox 1974 4382 2215 4456; x_wconf 86' lang='lat' dir='ltr'><strong>ceteris</strong></span> <span class='ocrx_word' id='word_1_287' title='bbox 2244 4390 2399 4454; x_wconf 87' lang='lat' dir='ltr'><strong>haec</strong></span> <span class='ocrx_word' id='word_1_288' title='bbox 2445 4389 2705 4454; x_wconf 91' lang='lat' dir='ltr'><strong>dicenda</strong></span> 
     </span>
     <span class='ocr_line' id='line_1_39' title="bbox 326 4499 514 4560; baseline -0.011 0"><span class='ocrx_word' id='word_1_289' title='bbox 326 4499 514 4560; x_wconf 81' lang='lat' dir='ltr'><strong>sunt:</strong></span> 
     </span>
    </p>
   </div>
  </div>
 </body>
</html>
