3392 5384
1398 438 1717 489 nom-rus.
2625 422 2758 490 30¹7
2823 521 2831 530 ·

421 582 438 593 ἱ
466 606 555 675 IV
603 606 724 673 5.1
802 608 1072 689 Quietus
1118 611 1252 673 esto

472 713 830 795 „Quietus”
891 714 958 780 id
1018 721 1115 780 est
1167 733 1462 780 securus:
1512 714 1588 779 ab
1635 735 1710 780 eo
1757 712 1925 801 quod
1970 713 2293 801 praecedit
2336 714 2405 780 id
2454 713 2635 799 quod
2674 735 2765 779 se-

377 824 617 907 quitur.
669 819 764 888 cf.
814 842 1006 907 supra
1051 820 1130 886 ad
1175 820 1341 886 Eun.
1392 819 1480 886 IV
1533 819 1593 886 6.
1625 819 1737 887 24.

470 1035 525 1102 V
572 1036 634 1103 2.
665 1035 704 1100 3
773 1036 874 1102 Ita
916 1037 1164 1123 fugias,
1213 1057 1292 1101 ne
1337 1039 1590 1121 praeter
1635 1056 1884 1113 casam,
1930 1042 2007 1101 ut
2053 1039 2235 1102 aiunt

472 1144 635 1209 Don.
698 1143 794 1225 (l)
853 1143 952 1208 Ita
1005 1143 1251 1229 fugito,
1301 1163 1381 1207 ne
1427 1144 1901 1228 praetermittas
1946 1163 2160 1207 casam
2206 1150 2424 1221 tuam,
2475 1164 2635 1229 quae
2682 1145 2769 1209 sit

381 1251 503 1316 tibi
563 1251 966 1315 tutissimum
1022 1246 1518 1335 receptaculum.
1662 1246 1836 1314 Huic
1883 1247 2397 1334 simplicissimae
2441 1249 2768 1335 proverbii

379 1358 766 1423 enarrationi
823 1354 1246 1440 Interpolator
1307 1354 1464 1419 duas
1527 1356 1868 1440 supposuit
1924 1356 2174 1440 ineptas
2226 1356 2387 1421 has:
2470 1355 2565 1437 (2)
2635 1356 2768 1421 Aut

378 1465 470 1529 ita
529 1463 778 1548 fugias,
839 1482 918 1527 ne
977 1466 1333 1547 praetereas
1397 1451 1606 1525 casam
1659 1464 1878 1540 tuam,
1928 1462 2041 1527 ubi
2088 1461 2398 1528 custodiri
2446 1463 2655 1549 magis
2703 1468 2769 1527 et

380 1569 688 1656 prehendi
733 1569 839 1634 fur
882 1574 947 1634 et
994 1565 1268 1633 mulcari
1311 1567 1680 1633 verberibus
1720 1572 1950 1653 potest.
2000 1568 2095 1650 (3)
2143 1570 2278 1634 Aut
2314 1570 2586 1634 verbum
2634 1574 2769 1634 erat

378 1678 583 1761 ipsius
630 1673 913 1741 custodis
958 1674 1168 1739 furem
1215 1675 1604 1760 exagitantis
1648 1681 1715 1739 et
1760 1676 2002 1740 interea
2039 1676 2463 1760 prohibentis,
2505 1696 2583 1740 ne
2623 1680 2770 1740 ante

380 1803 591 1848 casam
640 1786 949 1859 transeat,
999 1802 1078 1846 ne
1121 1782 1190 1845 in
1237 1780 1693 1866 praetereundo
1744 1782 1942 1847 etiam
1986 1781 2134 1847 inde
2181 1779 2425 1868 aliquid
2470 1784 2700 1867 rapiat.
2746 1861 2751 1869 ⁵

472 1888 1020 1975 Eugraphius
1067 1909 1195 1953 non
1233 1890 1452 1953 minus
1491 1886 1819 1954 mirabile:
1864 1886 2147 1974 „Fugias
2184 1911 2309 1953 non
2348 1894 2493 1953 ante
2534 1908 2767 1967 casam,

382 1995 492 2061 sed
547 1998 614 2060 in
661 2015 871 2060 casam
890 2015 907 2074 ;
957 1996 1128 2060 enim
1175 1993 1456 2061 stultum
1502 1999 1633 2072 est,
1682 2015 1834 2059 cum
1881 1993 2204 2061 auxilium
2249 1995 2480 2061 habere
2528 1998 2766 2081 possis,

385 2106 530 2168 ante
592 2100 772 2167 illam
833 2101 1094 2187 fugere,
1157 2123 1282 2166 non
1343 2102 1411 2165 in
1473 2099 1696 2183 illam3
1759 2101 1984 2185 utique
2032 2103 2206 2165 enim
2255 2100 2573 2166 auxilium
2621 2107 2770 2166 tuae

387 2207 616 2274 domus
673 2207 862 2272 debes
923 2212 1174 2294 petere,
1236 2229 1364 2272 non
1428 2204 1786 2272 alienum'’.
1854 2203 2022 2272 Cum
2084 2207 2186 2272 his
2235 2228 2533 2293 compara
2580 2207 2770 2273 Pom-

383 2315 601 2401 peium
667 2310 777 2395 (G.
819 2312 890 2378 L.
940 2312 994 2377 V
1044 2311 1236 2393 311):
1305 2312 1532 2378 Nescio
1579 2314 1692 2398 qui
1738 2318 1898 2397 puta
1943 2312 2050 2377 fur
2094 2315 2311 2397 rapuit
2356 2315 2567 2378 nescio
2615 2312 2770 2397 quid

382 2427 446 2486 et
506 2421 679 2507 fugit
739 2425 884 2483 ante
945 2418 1212 2484 domum
1271 2419 1408 2483 eius
1469 2420 1573 2482 cui
1636 2422 1971 2503 rapuerat,
2028 2424 2105 2483 tu
2168 2417 2326 2485 dicis
2386 2417 2550 2483 illud
2599 2418 2770 2505 quod

380 2527 664 2614 legimus
709 2527 776 2591 in
824 2524 1120 2590 Terentio
1167 2525 1301 2602 „ita
1353 2524 1398 2589 f.
1449 2547 1510 2590 n.
1562 2546 1624 2610 p.
1674 2526 1797 2590 c.’'.

477 2630 852 2719 Georges
899 2631 1120 2713 (Otto
1183 2632 1258 2697 A.
1322 2632 1364 2696 f.
1414 2630 1487 2697 L.
1514 2630 1588 2696 L.
1639 2630 1693 2695 V
1743 2631 1811 2712 9)
1860 2652 2010 2696 cum
2056 2630 2302 2698 Donato
2352 2630 2617 2710 „Fliehe
2664 2654 2771 2711 so,

381 2741 525 2806 dass
570 2740 656 2805 du
701 2741 881 2804 nieht
927 2738 1165 2825 ander
1209 2738 1568 2825 bergenden
1620 2738 1829 2804 Hiitte
1876 2739 2098 2805 vorbei
2144 2745 2399 2818 rennst,
2448 2738 2509 2803 d.
2534 2741 2577 2805 i.
2628 2739 2771 2805 dass

381 2848 468 2913 du
517 2847 694 2912 nicht
741 2838 1071 2913 vor‘Eiser
1108 2868 1186 2911 zu
1223 2846 1638 2912 entkommen
1681 2845 1827 2911 dem
1869 2845 2295 2932 eigentlichen
2334 2844 2773 2932 ZielpunktCI)

385 2954 600 3019 deiner
660 2952 894 3018 Flucht
955 2951 1326 3019 verfehlst''.
1390 2952 1765 3018 Sloman:
1834 2952 1950 3031 „In
2012 2955 2298 3039 running
2345 2973 2546 3040 away,
2596 2952 2773 3019 don't

385 3081 528 3148 pass
596 3059 704 3125 the
772 3060 999 3139 house,
1044 3062 1194 3139 (i.e.
1256 3082 1422 3146 your
1485 3060 1876 3140 master’s)”,
1941 3058 2045 3125 vel
2112 3059 2333 3139 „don't
2394 3081 2540 3146 pass
2604 3081 2774 3146 your

387 3167 690 3255 shanty'’.
739 3165 1141 3232 Dziatzko
1184 3167 1293 3230 vix
1331 3172 1535 3232 recte:
1583 3165 1781 3243 „Wer
1817 3167 1992 3231 einer
2031 3164 2273 3232 Gefahr
2312 3165 2513 3231 durch
2536 3166 2775 3233 Flucht

385 3275 524 3342 sich
570 3297 648 3340 zu
694 3274 1026 3340 entziehen
1072 3271 1296 3351 sucht,
1346 3272 1470 3337 soll
1506 3271 1781 3338 zusehen
1802 3319 1819 3350 ,
1871 3272 2015 3336 dass
2055 3294 2122 3337 er
2160 3272 2341 3338 nicht
2378 3272 2562 3337 dabei
2599 3276 2773 3339 scine

383 3381 778 3467 Behausung
837 3379 956 3444 den
1005 3380 1321 3465 etwaigen
1370 3376 1746 3463 Verfolgern
1794 3376 2134 3443 iiberlasse.
2206 3376 2336 3443 Das
2382 3377 2775 3465 Sprichwort

380 3489 468 3553 ist
528 3486 861 3555 vielleicht
921 3488 1132 3552 ein-em
1195 3486 1622 3551 verbreiteten
1667 3481 2115 3569 Kinderspiele
2162 3482 2516 3550 entlehnt''.
2552 3488 2559 3493 ’
2589 3486 2774 3553 Hanc

384 3596 981 3682 interpretationem
1038 3592 1337 3679 probavit
1400 3590 1596 3656 Otto
1614 3639 1631 3670 ,
1696 3590 1866 3677 quod
1927 3593 2145 3671 miror,
2210 3612 2359 3657 cum
2419 3593 2574 3658 scite
2618 3595 2774 3660 citet

387 3700 707 3768 Graecum
751 3700 1199 3787 proverbium:
1249 3696 1390 3763 οἶκοι
1443 3699 1770 3776 γενοίμην·
1821 3698 1919 3763 ἐπὶ
1971 3704 2088 3763 τῶν
2135 3699 2438 3780 ἐκφυγεῖν
2480 3701 2563 3764 τὰ
2604 3700 2772 3766 δεινὰ

388 3807 768 3889 εὖχομένων;
827 3812 1114 3871 ceterum
1161 3791 1284 3870 non
1333 3825 1369 3869 a
1415 3803 1651 3890 puerili
1695 3804 1850 3871 ludo
1898 3804 2007 3871 sed
2053 3826 2087 3871 e
2132 3826 2201 3871 re
2246 3803 2517 3871 militari
2563 3811 2773 3888 (casa

383 3916 427 3980 i.
455 3937 509 3980 e.
575 3918 807 3993 castra)
871 3911 1288 3998 desumptum
1336 3933 1471 3977 esse
1519 3917 1726 3998 putat.
1774 3910 1957 3977 Idem
2004 3917 2221 3978 tamen
2268 3915 2500 3978 merito
2547 3913 2775 3999 probat

388 4020 624 4087 Donati
667 4020 1261 4105 interpretationem
1307 4018 1387 4084 ad
1434 4039 1528 4085 vs.
1581 4018 1652 4083 1:
1708 4017 2054 4098 „Queritur
2098 4017 2175 4083 de
2223 4040 2288 4083 se
2335 4039 2558 4097 senex,
2604 4019 2773 4105 quod

387 4126 544 4190 dum
590 4127 765 4190 avari
809 4120 1148 4191 infamiam
1193 4125 1403 4211 fugit,
1451 4124 1636 4191 stulti
1681 4124 2240 4210 reprehensionem
2287 4124 2680 4191 incidisset''.

477 4232 807 4299 Nimirum
867 4233 1283 4317 proverbium
1347 4254 1451 4298 eos
1514 4234 1752 4317 carpit,
1817 4233 1964 4317 qui,
2028 4230 2184 4296 dum
2234 4229 2522 4318 Scyllam
2568 4234 2773 4298 vitare

385 4339 773 4406 contendunt
835 4339 1243 4404 festinatione
1306 4345 1371 4404 et
1432 4340 1668 4404 mentis
1731 4339 2054 4403 anxietate
2101 4358 2172 4403 ac
2218 4342 2479 4423 stupore
2525 4338 2775 4426 abrepti·

382 4448 452 4513 in
498 4444 898 4532 Charybdim
943 4447 1303 4511 incurrunt.
