3392 5384
1375 434 1689 485 nonnus.
2093 406 2098 409 ¹
2599 422 2730 490 417
2760 466 2764 469 »

337 600 537 666 ticula
598 622 723 685 qua
786 604 980 667 etiam
1042 598 1399 667 Acronis
1463 606 1956 669 commentarios
2003 604 2082 670 ad
2129 604 2294 672 Eun.
2346 610 2410 684 et
2460 607 2579 673 Ad.
2631 608 2733 673 de-

342 710 596 793 signare
658 706 856 772 solet:
920 708 1021 771 ubi
1083 709 1126 773 i.
1170 728 1224 774 e.
1290 709 1369 773 ad
1431 730 1622 793 quem
1686 710 1924 777 locum.
1990 709 2196 777 Iulius
2244 712 2569 778 Romanus
2615 714 2733 779 hoc

346 811 571 878 Celsi
635 819 1080 878 commentum
1124 814 1200 879 ad
1243 815 1699 880 Phormionem
1749 816 2043 881 adhibuit
2091 822 2345 897 tantum
2394 818 2469 884 de
2519 820 2737 885 adver-

343 920 591 984 biorum
644 940 804 995 usu,
854 942 978 984 non
1025 922 1091 983 iu
1140 919 1405 1005 reliquis
1455 924 1778 1006 capitibus
1825 922 1900 987 de
1949 926 2429 1003 coniunctione,
2480 947 2737 1011 praepo-

344 1026 611 1101 sitione,
676 1026 1153 1104 interiectione,
1220 1026 1388 1111 quod
1437 1030 1621 1091 cuius
1668 1031 1762 1093 rei
1809 1049 1997 1094 causa
2045 1030 2265 1096 fecerit
2313 1052 2425 1097 nos
2473 1030 2634 1099 latet
2666 1034 2734 1113 ¹).

346 1130 445 1194 Ex
512 1130 630 1196 hoc
700 1133 907 1216 igitur
968 1138 1329 1197 commento
1397 1154 1546 1197 cum
1617 1133 1954 1219 Nigidii
2030 1141 2172 1200 tum
2241 1138 2735 1221 frequentiorem

350 1237 605 1301 Probi
667 1240 1085 1303 mentionem·
1124 1237 1531 1303 derivandam
1584 1261 1720 1305 esse
1767 1240 2059 1306 dixerim.
2135 1242 2626 1309 Wessnerus
2670 1245 2736 1308 id

352 1345 489 1429 egit
551 1347 625 1408 ut
686 1345 881 1408 citata
941 1340 1183 1409 Graeca
1243 1350 1306 1409 et
1352 1344 1578 1409 Latina
1626 1367 1659 1410 e
1711 1348 2092 1424 „veterum”
2143 1350 2431 1435 scriptis,
2480 1372 2610 1415 non
2661 1371 2739 1414 ex

350 1450 452 1514 his
497 1451 656 1534 ipsis
704 1450 811 1514 sed
860 1472 937 1515 ex
989 1451 1235 1535 Aspri
1280 1454 1759 1517 commentariis
1809 1453 1888 1517 ad
1937 1452 2102 1531 Ter„
2152 1454 2554 1541 Vergilium,
2606 1455 2739 1521 Sal-

348 1554 660 1634 lustium,
710 1570 865 1640 quos
909 1555 1006 1621 W.
1048 1556 1517 1642 quodammodo
1559 1561 1899 1624 restituere
1939 1566 2202 1625 conatus
2241 1568 2368 1638 est,
2413 1583 2449 1627 a
2489 1561 2738 1627 Donato

349 1660 655 1727 translata
695 1683 832 1728 esse
865 1662 1273 1729 demonstret.
1314 1664 1527 1751 Negat
1552 1668 1746 1729 etiam
1775 1686 1923 1730 eum
1966 1665 2402 1732 Menandri
2445 1667 2740 1752 exempla

349 1768 566 1851 ipsum
604 1769 993 1854 inspexisse,
1024 1806 1109 1817 --
1136 1769 1302 1853 quod
1340 1770 1680 1834 mirabitur
1718 1774 1825 1856 qui
1864 1774 2233 1837 meminerit
2273 1770 2738 1863 Ausonium

350 1880 503 1944 tunc
544 1877 847 1960 temporis
886 1878 1278 1960 praecepisse
1316 1875 1550 1961 Nepoti
1595 1896 1744 1942 suo:
1799 1876 2152 1963 „Conditor
2197 1878 2429 1945 Iliados
2471 1888 2534 1945 et
2573 1901 2740 1945 ama-

351 1979 501 2044 bilis
541 1977 1057 2045 orsa'Menandri
1096 1982 1447 2047 evolvenda
1488 1984 1673 2046 tibi’'.
1706 2018 1788 2031 —-
1829 1984 2278 2070 contenditque
2319 2008 2443 2050 non
2485 1991 2740 2051 tantum

354 2086 673 2161 Enniana,
738 2086 1070 2167 Luciliana
1118 2086 1369 2172 aliaque
1417 2092 1812 2165 vetustiora,
1864 2090 1975 2155 sed
2019 2089 2125 2155 vel
2169 2090 2471 2177 pleraque
2518 2092 2742 2157 Teren-

356 2194 559 2269 tiana,
600 2192 967 2279 Vergiliana
987 2216 1008 2270 ,·
1044 2192 1463 2271 Sallustiana,
1506 2200 1653 2258 cett.
1698 2216 1776 2259 ex
1816 2196 2008 2280 Aspri
2046 2200 2522 2262 commentariis
2563 2219 2598 2261 a
2624 2198 2742 2263 Do-

355 2304 504 2363 nato
546 2320 680 2365 esse
721 2299 1045 2365 translata.
1098 2300 1236 2365 Hac
1274 2307 1492 2365 autem
1530 2304 1599 2365 in
1637 2322 1705 2365 re
1745 2301 1869 2367 duo
1910 2302 2179 2367 tenenda
2225 2310 2394 2369 sunt.
2442 2305 2742 2379 Primum

357 2404 493 2469 hoc.
559 2404 1041 2498 Institutionem
1087 2405 1534 2487 scholasticam
1585 2407 1957 2473 huiusmodi
2005 2392 2406 2487 citationum,
2456 2431 2616 2495 quae
2664 2410 2744 2475 ad

355 2531 491 2575 rem
538 2514 1032 2597 grammaticam
1084 2512 1287 2599 vulgo
1336 2505 1783 2598 pertinebant,
1837 2516 2018 2599 quasi
2079 2515 2454 2581 thesaurum
2515 2517 2741 2595 fuisse,
2821 2536 2826 2540 ·

356 2621 432 2680 ut
493 2620 689 2682 etiam
751 2619 940 2683 hodie
988 2619 1331 2684 ostendunt
1375 2618 1527 2684 libri
1574 2617 1866 2686 Gramm.
1918 2620 2080 2699 Lat„
2133 2624 2244 2706 qui
2291 2623 2578 2688 thesauri
2623 2626 2743 2688 im-

355 2721 695 2808 plebantur
756 2746 828 2789 ex
882 2725 1244 2791 doctiorum
1292 2728 1788 2803 commentariiS,
1841 2726 1952 2791 sed
1997 2727 2098 2793 his
2144 2730 2302 2813 ipsis
2349 2732 2540 2793 etiam
2592 2752 2740 2815 opes

354 2850 502 2894 suas
563 2832 1077 2916 suppeditabant.
1142 2832 1462 2918 Vigebant
1509 2854 1582 2897 ea
1628 2833 1839 2898 studia
1886 2836 2019 2899 iam
2066 2835 2212 2900 inde
2262 2835 2339 2900 ab
2389 2836 2572 2901 Aelio
2619 2836 2745 2902 Sti-

352 2935 533 3013 lone,
578 2935 973 3023 Vergiliique
1016 2945 1303 3023 tempore
1346 2938 1449 3005 vel
1488 2939 1679 3025 paulo
1721 2946 1868 3025 post
1907 2944 2039 3006 iam
2078 2942 2276 3007 fuisse
2317 2946 2740 3029 cognovimus

357 3046 468 3128 qui
528 3042 698 3108 locos
760 3047 897 3109 eius
962 3044 1297 3129 parallelos
1354 3068 1504 3111 cum
1556 3046 1873 3136 Homero,
1924 3069 2079 3112 mox
2128 3069 2278 3112 cum
2327 3049 2570 3128 Ennio,
2620 3050 2746 3115 Lu-

358 3133 591 3227 creti0,
642 3149 785 3214 aliis
832 3158 1142 3216 eruerent.
1209 3151 1424 3215 Etiam
1479 3152 1920 3217 Aristarchum
1968 3152 2248 3218 latinum
2295 3156 2385 3219 sic
2430 3153 2745 3223 laborasse

430 3412 481 3475 l)
521 3411 883 3461 Wess‘nerus
916 3428 962 3476 p.
1006 3412 1062 3460 15
1100 3428 1200 3475 sqq.
1238 3411 1537 3461 vehementer
1574 3412 1764 3461 dubitat
1799 3428 1912 3461 num
1950 3413 2209 3463 Arruntius
2242 3413 2408 3464 Celsus
2437 3414 2746 3465 Phormionis

356 3494 750 3543 commentarium
778 3494 977 3552 dederit,
1006 3509 1100 3558 quo
1128 3494 1274 3543 etiam
1308 3494 1346 3542 si
1383 3494 1620 3543 exstiterit
1657 3496 1899 3544 Donatum
1934 3498 2093 3545 tamen
2125 3511 2260 3545 usum
2291 3512 2389 3545 esse
2417 3500 2576 3561 negat.
2613 3498 2744 3547 Mihi

359 3577 582 3624 neutrum
627 3575 877 3641 persuasit.
923 3577 1045 3625 Sane
1090 3591 1168 3625 sex
1215 3575 1315 3625 illis
1360 3576 1491 3635 locis,
1525 3592 1643 3640 quos
1677 3576 1846 3625 citavit
1882 3577 1922 3625 1.
1961 3578 2035 3637 R„
2071 3576 2290 3627 Donatus
2326 3582 2411 3627 aut
2445 3579 2569 3627 nihil
2603 3579 2747 3629 habet

356 3658 449 3717 (Iv
484 3660 533 3707 4.
554 3660 601 3720 6)
654 3663 737 3708 aut
782 3658 931 3718 aliud,
976 3663 1189 3708 attamen
1236 3672 1467 3723 nusquam
1508 3659 1823 3719 contrarium,
1873 3663 2016 3724 atque
2050 3676 2105 3709 ex
2141 3660 2240 3709 illis
2276 3665 2375 3710 tres
2409 3662 2653 3727 pertinent
2687 3650 2746 3711 ad

358 3756 463 3790 eam
500 3740 683 3789 fabulae
717 3745 920 3806 partem,
956 3741 1089 3790 cuius
1118 3750 1438 3790 commentum
1471 3745 1542 3790 est
1569 3742 1814 3792 mutilum.
1846 3741 2096 3791 Formulae
2125 3743 2328 3792 Romani
2369 3743 2498 3793 nubi
2534 3742 2746 3803 Celsus”‚

363 3839 553 3873 ‚nunc
588 3823 863 3873 adverbium
899 3822 1021 3882 est''‚
1066 3824 1343 3887 ‚quidam
1379 3824 1467 3873 sic
1502 3823 1760 3889 legunt”
1794 3825 2043 3889 designant
2080 3828 2631 3876 commentatorem
2665 3828 2748 3888 (cf.

360 3906 628 3955 Acronis
676 3905 745 3955 l.l.
780 3922 805 3954 e
842 3906 971 3955 Iulio
1008 3906 1066 3956 R.
1104 3907 1228 3971 apud
1269 3907 1450 3956 Wessn.
1487 3924 1534 3972 p.
1572 3908 1635 3957 16
1670 3911 1776 3972 sq),
1813 3908 1903 3957 nisi
1939 3908 2061 3957 alius
2094 3908 2204 3957 libri
2242 3909 2418 3959 titulus
2451 3911 2656 3961 addatur
2695 3914 2748 3960 ut

362 3988 473 4038 nubi
507 3988 564 4036 Fl
634 3988 788 4053 Caper
838 3989 895 4036 de
950 3987 1221 4037 latinitate'’
1270 3989 1435 4051 (Char.
1484 4006 1531 4053 p.
1581 3990 1690 4039 194.
1717 3992 1796 4048 31,
1843 3991 1954 4042 207.
1979 3993 2061 4053 31)
2128 3992 2453 4040 Wessneri
2505 3992 2746 4043 conclusio

359 4073 410 4135 (p
463 4070 572 4132 16)=
630 4072 753 4118 -Das
799 4069 1029 4133 Ergebnis
1075 4070 1138 4118 ist
1184 4069 1283 4119 also
1329 4070 1534 4134 negativ,
1585 4071 1659 4119 ein
1711 4074 2026 4121 Kommentar
2067 4073 2147 4121 des
2181 4074 2443 4123 Arruntius
2479 4074 2643 4123 Celsus
2678 4075 2749 4123 als

360 4152 533 4217 Quelle
584 4152 664 4201 fiir
720 4154 875 4202 Donat
924 4151 989 4202 ist
1042 4152 1176 4202 nicht
1221 4153 1540 4203 nachweisbar
1576 4156 1672 4203 und
1707 4154 1850 4203 somit
1884 4155 2010 4203 wohl
2043 4155 2163 4204 auch
2200 4155 2336 4204 nicht
2371 4157 2746 4217 anzuuehmen'’,

360 4250 529 4299 parum
576 4235 838 4299 prudenter
881 4239 1107 4299 concepta
1142 4235 1345 4285 videtur.
1386 4235 1515 4301 Quid
1551 4237 1679 4285 enim
1713 4237 1764 4285 in
1801 4237 2072 4286 huiusmodi
2109 4238 2482 4301 quaestionibus,
2519 4255 2639 4302 quae
2674 4257 2749 4289 ar-

359 4317 697 4379 gumentorum
730 4317 893 4381 inopia
928 4333 1185 4381 numquam
1216 4318 1273 4366 ad
1304 4318 1540 4381 liquidum
1567 4319 1761 4384 perduci
1790 4319 1986 4384 possint,
2016 4320 2110 4368 dici
2140 4323 2298 4384 potest
2330 4321 2750 4372 anachweisbar'''r‘

359 4398 471 4463 Ipsa
518 4399 619 4448 eius
654 4399 925 4463 disquisitio
960 4399 1235 4449 doctissima
1268 4401 1325 4449 de
1358 4401 1501 4466 Aspri
1538 4405 1694 4451 aetate
1733 4405 1781 4451 et
1816 4402 2007 4465 scriptis
2041 4405 2089 4451 et
2123 4402 2239 4466 quid
2274 4402 2385 4452 inde
2418 4403 2467 4452 in
2511 4406 2747 4455 Donatum

357 4482 725 4548 permanaverit,
770 4482 898 4531 ultra
942 4480 1191 4547 probabile
1235 4497 1330 4532 non
1378 4484 1593 4548 procedit
1640 4488 1725 4535 aut
1759 4484 2012 4551 procedere
2047 4488 2224 4549 potest,
2262 4500 2346 4534 nec
2377 4488 2537 4535 tamen
2571 4488 2747 4538 idcirco

356 4564 662 4615 concludam:
704 4564 875 4614 ‚somit
908 4563 1034 4613 wohl
1069 4564 1189 4614 auch
1224 4565 1360 4614 nicht
1394 4566 1770 4616 anzunehmen”.

2387 4666 2450 4719 27
