3392 5384
711 393 800 462 70
1565 413 1825 461 uncus
1868 413 2249 463 nummus,

812 578 951 644 VII.
1005 579 1068 644 2.
1132 578 1342 644 Locus
1403 579 1494 643 sic
1549 577 2048 664 distinguendus
2110 599 2243 644 esse
2304 578 2594 644 videtur:
2644 578 2914 651 δύναμαι
2964 579 3102 658 περ)

710 685 948 762 τούτου,
1019 682 1048 748 ὃ
1111 684 1236 762 δεῖ,
1309 684 1818 763 ὑπολαμβάνειν·
1894 687 1943 748 εἰ
2012 684 2319 760 δύναμαι,
2383 683 2448 748 ‘tl
2508 685 2907 762 ταράσσομαι
2924 704 2941 761 ;
3009 685 3099 748 τοὶ

710 787 822 867 ἔξω
885 797 991 863 τῆς
1059 791 1212 865 ἐμῆς
1270 788 1535 859 διανοίας
1602 789 1766 854 οὐδὲν
1830 787 1983 860 ὅλως
2031 791 2177 866 πρὸς
2226 790 2333 865 τὴν
2383 790 2531 866 ἐμὴν
2583 789 2868 854 διάνοιαν.
2917 794 3101 854 τοῦτο

709 895 870 971 μοὶθε
921 895 1021 958 καὶ
1067 895 1229 972 ὀρθὸς
1277 890 1351 960 εἶ.
1402 894 1750 973 ἀναβιῶναί
1796 918 1881 960 σοι
1936 894 2170 972 ἔξεστιν
2212 896 2409 972 κ.τ.ὲ.,
2449 897 2543 960 ita
2582 901 2658 959 ut
2700 893 2871 960 illud
2915 899 3097 960 τοῦτο

711 1000 789 1066 ad
835 1001 1274 1086 praecedentia
1319 1001 1646 1066 referatur.

800 1205 959 1270 Ibid.
1022 1203 1128 1270 31.
1201 1206 1419 1276 ἐκεῖνος
1481 1204 1596 1281 μέν
1657 1213 1867 1285 Φησιν,
1929 1201 2056 1270 ὅτι·
2116 1205 2400 1270 Ποὶντα
2449 1204 2800 1281 νομιστΙ.
2844 1203 2990 1270 Ἔτι
3038 1205 3095 1269 εἴ

711 1311 972 1386 δαίμονα
1024 1311 1107 1374 τὰ
1156 1297 1461 1390 στοιχεῖα.
1505 1310 1578 1374 In
1615 1309 1756 1377 loco
1796 1313 2280 1396 corruptissimo
2321 1309 2536 1378 Gorais
2576 1331 2807 1377 vocem
2832 1310 3098 1387 δαίμονα

709 1421 860 1481 noto
908 1416 1317 1482 librariorum
1367 1437 1574 1482 errore
1625 1437 1704 1482 ex
1751 1417 1814 1481 δὲ
1861 1417 2021 1492 μόνα
2067 1424 2433 1501 corruptam
2472 1436 2605 1482 esse
2638 1417 2907 1482 viderat.
2956 1416 3099 1482 Iam

709 1544 861 1587 cum
905 1527 1128 1608 pateat·
1167 1523 1358 1588 verba
1409 1523 1628 1586 Πάντα
1671 1523 1912 1598 νομιστί
1952 1543 2028 1587 ex
2069 1521 2437 1588 Democrito
2477 1522 2552 1587 ab
2594 1523 2919 1587 Antonino
2961 1543 3098 1587 esse

710 1627 1081 1713 adsumpta,
1143 1630 1212 1690 in
1272 1634 1578 1713 promptu
1640 1635 1738 1693 est
1800 1631 1997 1694 etiam
2043 1631 2111 1692 in
2159 1629 2571 1712 sequentibus
2617 1629 2815 1694 verba
2865 1627 3099 1693 Demo-

709 1734 905 1797 critea
973 1737 1336 1817 exspectare
1404 1740 1594 1818 atque
1656 1740 1880 1819 sponte
1942 1755 2009 1798 se
2070 1733 2249 1798 offert
2312 1754 2474 1811 vox,
2540 1753 2701 1818 quae
2766 1738 2864 1797 est
2918 1735 3095 1813 ε’τεῇ,

707 1837 1088 1923 philosopho
1155 1837 1258 1903 illi
1326 1841 1783 1918 usitatissima3
1858 1840 1937 1904 cf.
2002 1861 2063 1904 e.
2102 1861 2199 1926 gr.
2245 1837 2440 1904 Sext.
2506 1838 2695 1924 Emp.
2742 1837 2863 1903 VII
2930 1838 3094 1904 135:

712 1945 914 2023 »νόμῳ
979 1944 1182 2022 γλυκὺ
1248 1946 1348 2008 καὶ
1413 1945 1573 2024 νόμῳ
1639 1947 1864 2025 πικρόν,
1917 1946 2073 2024 νόμῳ
2126 1944 2359 2023 θερμόν,
2410 1944 2569 2024 νόμῳ
2619 1945 2882 2024 ψυχρόν,
2933 1947 3092 2024 νόμῳ

707 2055 918 2130 χροιῆ·
967 2051 1103 2131 ἐτεῇ
1155 2050 1217 2114 δὲ
1263 2048 1474 2126 ἄτομα
1525 2051 1628 2116 καὶ
1680 2051 1912 2116 κενόν.”
1976 2050 2201 2136 Itaque
2249 2057 2464 2116 totum
2510 2051 2727 2116 locum
2776 2054 2867 2116 sic
2912 2051 3092 2116 refin-

705 2158 993 2245 gendum
1043 2179 1176 2225 esse
1222 2166 1517 2244 apparet:
1581 2160 1627 2223 ε’.
1679 2183 1751 2236 μ.
1801 2168 1875 2237 φ.
1941 2154 2063 2223 ὅτι·
2129 2156 2413 2223 Πάντα
2481 2160 2843 2236 νομιστί,
2908 2159 3091 2238 ε’τεῇ

708 2264 786 2328 δὲ
833 2265 1036 2341 μόνα
1084 2267 1184 2329 τὰ
1233 2272 1653 2345 στοιχεῖα,
1697 2285 1824 2349 qua
1869 2266 2256 2329 correctione
2302 2268 2555 2349 recepta
2601 2262 2845 2341 elucet,
2896 2283 3091 2348 quam

705 2391 900 2455 prope
946 2370 1024 2435 ad
1072 2391 1300 2436 verum
1349 2373 1678 2436 accesserit
1726 2370 1863 2436 cod.
1914 2371 1991 2448 A,
2041 2373 2155 2454 qui
2201 2368 2287 2435 ἔτι
2338 2371 2372 2446 ἥ
2422 2370 2680 2434 exhibet
2716 2367 2785 2450 ¹).

795 2588 957 2654 Ibid.
1002 2587 1108 2654 59.
1152 2587 1308 2652 ἔνδον
1336 2587 1578 2666 βλέπε,
1623 2585 1781 2652 ἔνδον
1822 2591 1855 2662 ἦ
1898 2591 2071 2665 πηγὴ
2098 2591 2203 2653 τοῦ
2229 2589 2471 2664 ἀγαθοῦ
2498 2587 2601 2651 καὶ
2629 2587 2724 2651 oie)
2751 2585 3093 2662 α’ναβλύειν

704 2693 1044 2773 δυναμένη,
1094 2695 1202 2756 εὀὶν
1249 2694 1346 2758 ἀεὶ
1398 2693 1706 2774 σκάπτης.
1756 2694 1854 2758 Ita
1894 2693 2124 2771 editur,
2166 2701 2232 2759 at
2272 2715 2387 2778 pro
2427 2694 2633 2770 βλέπε
2658 2693 2715 2758 D
2757 2694 2992 2770 σκόπει,
3034 2695 3091 2758 Α

703 2802 892 2865 σκέπε
941 2800 1221 2865 exhibet.
1273 2799 1409 2863 Iam
1448 2802 1504 2864 si
1543 2820 1874 2884 comparas
1914 2798 1987 2864 V.
2033 2799 2137 2876 16,
2182 2801 2294 2864 ubi
2330 2799 2503 2864 idem
2546 2799 2678 2864 cod.
2722 2800 2779 2863 A
2815 2792 3088 2874 βλαπτω

703 2913 769 2972 et
822 2906 1042 2982 βλέπω
1094 2906 1419 2982 turbavit,
1470 2911 1768 2990 apparet,
1818 2926 2012 2990 quam
2061 2911 2231 2970 recte
2277 2910 2342 2970 et
2388 2903 2715 2991 eleganter
2760 2903 2904 2970 soh.
2953 2903 3089 2970 loco

700 3017 919 3076 nostro
983 3011 1227 3074 σκάπτε
1292 3010 1748 3076 emendaverit.
1827 3010 2118 3094 Itemque
2179 3012 2234 3075 si
2291 3009 2595 3075 lectiones
2630 3012 3088 3097 ‘composueris

609 3124 616 3127 “
701 3116 892 3180 σκέπε
919 3152 1004 3163 -
1030 3115 1354 3180 σκόπει-
1381 3116 1622 3194 βλέπε,
1683 3121 1945 3202 apparet
1990 3118 2380 3201 praestantia
2424 3116 2559 3181 cod.
2612 3118 2688 3193 A,
2744 3118 2855 3200 qui
2902 3117 3083 3199 quasi

678 3225 1013 3309 ,originem
1057 3222 1334 3288 ostendit
1380 3224 1560 3301 vitii,
1609 3225 1676 3286 in
1726 3225 1951 3288 ceteris
2000 3221 2325 3287 codicibus
2374 3222 2571 3287 latius
2615 3224 2987 3308 grassantis.

788 3440 948 3505 Ibid.
1011 3440 1118 3505 60.
1185 3436 1299 3504 οἷον
1362 3442 1486 3519 γάρ
1551 3464 1610 3503 τι
1661 3441 1760 3504 ἐπὶ
1812 3446 1917 3505 τοῦ
1964 3442 2277 3519 προσώπου
2326 3443 2677 3522 παρέχεται
2730 3441 2762 3513 ἧ
2810 3439 3077 3517 διάνοια,

698 3547 980 3615 συνεστὸς
1031 3547 1184 3609 αὐτὸ
1232 3544 1336 3609 καὶ
1386 3545 1702 3624 εὔσχημον
1750 3552 2160 3624 συντηροῦσα,
2210 3553 2439 3611 τοιοῦτο
2487 3546 2588 3610 καὶ
2638 3546 2737 3609 ἐπὶ
2788 3543 2926 3611 ὅλου
2972 3550 3076 3609 τοῦ

697 3652 982 3725 σώματος
1047 3649 1442 3725 ἀπαιτητέον.
1506 3649 1678 3736 Lege
1727 3652 1961 3715 τοιοῦτό
2009 3675 2103 3730 τι,
2154 3651 2232 3716 ad
2274 3650 2519 3718 librarii
2565 3672 2845 3716 errorem
2888 3650 2969 3716 cf.
3016 3671 3071 3715 e.

694 3777 796 3844 gr.
844 3755 1012 3822 vm.
1069 3755 1171 3820 11.

786 3957 956 4024 VIII.
1005 3957 1112 4023 21.
1167 3957 1495 4038 ἔκστρεψον
1545 3958 1648 4022 καὶ
1699 3958 1954 4036 θέασαι,
2006 3953 2122 4022 οἶόν
2170 3961 2321 4037 ἐστι,
2374 3963 2659 4039 γηρᾶσαν
2705 3959 2766 4023 δὲ
2817 3955 2928 4025 οἷον
2979 3964 3076 4038 γί-

694 4087 900 4140 νεται,
966 4070 1228 4134 νοσῆσαν
1282 4063 1380 4141 δέ,
1431 4068 1785 4142 πορνεῦσαν.
1849 4064 2095 4130 Locum
2142 4067 2316 4131 varie
2362 4071 2684 4132 tentatum
2731 4068 3077 4133 novissime

761 4343 813 4406 1)
849 4342 1042 4391 Dudum
1076 4340 1284 4390 mirabar
1318 4340 1694 4391 emendationem
1728 4345 1829 4391 tam
1864 4343 2018 4393 lenem
2054 4347 2101 4394 ct
2136 4345 2322 4395 facilem
2351 4323 2480 4394 viros
2507 4347 2669 4395 doctos
2698 4346 2887 4410 fugisse,
2917 4347 3073 4410 quoad

690 4439 736 4472 v.
767 4423 827 4472 cl.
878 4423 946 4473 H.
987 4423 1114 4472 Diels
1159 4422 1497 4472 humanissime
1542 4438 1616 4472 me
1661 4424 1850 4473 monuit
1896 4440 1997 4474 eam
2030 4441 2057 4474 a
2091 4443 2137 4476 v,
2173 4426 2231 4476 cl.
2263 4427 2447 4476 Usener
2480 4426 2772 4492 propositam
2812 4432 2860 4476 et
2894 4426 3072 4491 publici

689 4504 810 4553 iuris
854 4519 952 4553 esse
984 4505 1156 4553 factam
1189 4505 1238 4552 in
1273 4505 1388 4577 Mus
1439 4505 1590 4553 Rhen.
1627 4505 1690 4556 47
1728 4523 1773 4570 p.
1812 4507 1928 4565 437,
1964 4523 2106 4570 quam
2141 4524 2243 4558 rem
2278 4519 2325 4558 et
2360 4508 2596 4559 Stichium
2630 4509 2805 4572 fugisse
2837 4509 3069 4574 suspicor.
