3392 5384
647 416 780 482 420
1687 436 1997 485 nonnus.

643 607 821 668 tatur
860 599 1082 667 Velius
1127 600 1428 688 Longus,
1479 598 1559 667 G.
1601 601 1676 666 1..
1727 601 1844 666 VII
1888 601 2006 667 59:
2058 601 2342 668 Auribus
2381 600 2642 687 quidem
2684 601 3039 667 sufficiebat

642 713 720 773 ut
779 727 1036 793 equus
1082 706 1479 793 (exemplum
1531 709 1763 773 tritum
1809 710 1878 773 in
1925 708 2045 772 hac
2092 709 2489 792 quaestione)
2534 729 2648 793 per
2693 728 2941 772 unum
2994 729 3037 772 u

642 813 1044 894 scriberetur,
1109 816 1272 880 ratio
1326 820 1541 880 tamen
1599 814 1755 880 duo
1804 816 2048 901 exigit,
2098 835 2151 881 e.
2180 836 2238 900 q.
2267 836 2340 893 s.,
2388 814 2759 899 ibidemque
2806 814 2857 879 T
2861 835 3039 880 eren-

641 922 773 986 tius
821 918 1133 998 Scaurus,
1185 916 1264 985 G.
1314 918 1389 984 1..
1443 917 1560 983 VII
1613 919 1719 985 12.

737 1025 902 1091 Utor
962 1026 1082 1091 hac
1144 1027 1624 1111 opportunitate
1671 1031 1747 1091 ut
1794 1028 2113 1112 corrigam
2161 1027 2575 1092 omissionem
2623 1027 3036 1092 commissam

639 1134 708 1196 in
757 1134 966 1218 capite
1015 1132 1091 1198 de
1139 1130 1397 1198 scholiis
1447 1135 1757 1219 repetitis.
1808 1133 2120 1221 Legimus
2168 1154 2398 1219 nempe
2446 1131 2765 1199 scholium
2802 1134 3037 1199 Donati

642 1239 673 1304 I
723 1237 787 1304 2.
816 1237 857 1304 2
884 1237 1015 1320 (4):
1081 1237 1361 1305 Davus
1411 1246 1488 1304 ut
1531 1246 1704 1306 recte
1752 1241 2086 1319 scribatur,
2137 1240 2407 1306 Davos
2454 1233 2861 1306 scribendum
2906 1244 3035 1318 est,

641 1347 793 1431 quia
858 1343 1038 1411 nulla
1099 1344 1317 1410 littera
1381 1344 1619 1411 vocalis
1679 1348 2014 1433 geminata
2076 1367 2274 1412 unam
2321 1345 2638 1434 syllabam
2690 1346 2875 1425 facit3
2924 1344 3039 1410 sed

642 1453 794 1538 quia
841 1452 1235 1537 ambiguitas
1281 1451 1547 1519 vitanda
1588 1459 1719 1531 est,
1762 1455 2164 1522 nominativi
2192 1451 2541 1540 singularis
2582 1458 2647 1518 et
2684 1453 3037 1518 accusativi

642 1555 946 1643 pluralis,
1009 1559 1363 1624 necessario
1426 1580 1541 1644 pro
1597 1559 1717 1624 hac
1764 1558 1992 1647 regula
2035 1560 2365 1646 digamma
2413 1561 2665 1625 utimur
2709 1564 2773 1623 et
2818 1558 3042 1624 scribi-

642 1684 792 1728 mus
840 1662 1115 1729 Darus
1162 1683 1455 1730 sersus
1502 1685 1831 1731 corrus.

735 1770 1008 1835 Prorsus
1045 1769 1218 1836 idem
1258 1769 1501 1856 legitur
1538 1770 1632 1835 111
1673 1771 1928 1852 4.1(1)
1967 1772 2091 1836 nisi
2130 1770 2297 1857 quod
2332 1775 2635 1857 quartum
2665 1769 3041 1855 exemplum

646 1875 902 1942 additur
962 1874 1270 1962 tulgus
1317 1879 1382 1941 in
1432 1877 1550 1942 hac
1597 1879 1964 1963 quaestione
2011 1878 2343 1963 frequens,
2391 1877 2469 1942 cf.
2520 1874 2708 1944 Char.
2756 1875 2788 1941 I
2838 1875 2943 1942 75.
2973 1875 3038 1941 4.

645 1980 978 2048 Scholium
1026 2004 1149 2047 non
1198 2002 1235 2047 a
1283 1981 1530 2049 Donato
1575 1986 1926 2069 repetitum
1974 2005 2146 2063 esse,
2196 1983 2379 2050 docet
2422 1983 2492 2048 id
2538 1982 2709 2069 quod
2746 1984 3041 2067 sequitur

644 2087 741 2170 (2)
781 2087 858 2154 de
898 2108 1156 2153 scaenae
1194 2091 1592 2167 oeconomia,
1636 2111 1801 2175 quae
1840 2089 2083 2155 scholia
2121 2089 2282 2156 Don.
2323 2090 2403 2156 ab
2439 2091 2626 2155 initio
2665 2109 3039 2154 scaenarum

646 2214 1032 2280 praeponere
1069 2193 1254 2260 solet.
1297 2193 1598 2262 Ceterum
1642 2195 2027 2275 differentia,
2071 2217 2233 2282 quae
2266 2199 2575 2284 tangitur,
2601 2198 2771 2261 inter
2793 2197 3038 2261 nomin.

645 2302 812 2387 sing.
864 2308 929 2367 et
973 2322 1181 2368 accus.
1230 2300 1399 2387 plur.
1449 2301 1605 2368 alibi
1650 2309 2225 2382 commemoratum
2271 2325 2398 2368 non
2436 2301 2571 2388 legi
2584 2321 2600 2380 ;
2644 2302 2720 2368 de
2756 2323 2829 2367 eo
2868 2300 3040 2387 quod

646 2413 743 2473 est
811 2429 909 2473 uo
982 2429 1094 2494 pro
1157 2430 1264 2473 uu
1323 2413 1390 2474 et
1453 2408 1528 2473 de
1589 2408 1810 2475 littera
1872 2409 2237 2496 digamma,
2296 2409 2441 2475 vide
2490 2429 2651 2494 quae
2696 2409 2922 2494 scripsi
2966 2409 3038 2471 in

644 2512 810 2579 libro
875 2535 1018 2579 meo
1079 2535 1143 2599 p.
1196 2511 1302 2593 ¹71,
1366 2514 1480 2603 ubi
1527 2514 1603 2579 de
1651 2515 1769 2580 hac
1816 2536 1883 2580 re
1931 2535 2164 2601 agmen
2214 2515 2393 2580 ducit
2440 2513 3038 2594 Quintilianus

644 2620 675 2685 I
727 2617 939 2686 ¹7.20:
1008 2619 1271 2697 „Nostri
1335 2626 1773 2706 praeceptores
1836 2643 2173 2688 servum
2238 2642 2747 2706 cervumque
2794 2641 2837 2685 u
2886 2627 2951 2685 et
2998 2642 3036 2686 o

642 2725 877 2792 litteris
938 2730 1362 2812 scripserunt,
1429 2731 1579 2812 quia
1642 2729 1928 2794 subiecta
1974 2729 2098 2794 sibi
2148 2728 2387 2796 vocalis
2433 2730 2502 2793 in
2550 2750 2756 2794 unum
2805 2749 3036 2793 sonum

643 2832 988 2898 coalescere
1036 2840 1100 2898 et
1147 2833 1450 2898 confundi
1495 2836 1790 2919 nequiret
1836 2840 1941 2913 (=
1987 2834 2186 2900 Don.:
2237 2837 2387 2920 quia
2434 2819 2882 2900 nulla'littera
2926 2854 3038 2899 vo-

643 2936 799 3004 calis
847 2945 1045 3017 cett.).
1093 2939 1279 3004 Nunc
1320 2961 1365 3004 u
1402 2942 1696 3025 geminae
1738 2941 2106 3005 scribuntur
2145 2961 2217 3006 ea
2255 2943 2497 3005 ratione
2537 2961 2728 3026 quam
2768 2939 3037 3006 reddidi.

643 3043 776 3110 Nec
838 3043 1162 3110 inutiliter
1224 3043 1530 3112 Claudius
1591 3045 1901 3112 aeolicam
1963 3045 2143 3112 illam
2192 3054 2256 3127 (a
2302 3047 2631 3133 digamma
2677 3049 3041 3128 inversum)

644 3150 724 3216 ad
788 3150 908 3216 hoc
973 3171 1129 3216 usus
1195 3149 1484 3218 litteram
1546 3152 1950 3218 adiecerat..’'
2015 3152 2157 3237 Ipse
2204 3152 2495 3218 Donatus
2542 3155 2611 3217 in
2656 3153 2735 3218 A.
2786 3149 2899 3218 Gr.
2951 3150 3041 3217 IV

646 3256 797 3323 368.
830 3257 950 3322 18:
1019 3258 1234 3337 „Huic
1275 3258 1553 3340 (litterae
1601 3265 1673 3340 u)
1722 3259 2099 3345 digammon
2145 3259 2419 3325 adscribi
2468 3259 2666 3337 solet,
2716 3280 2864 3324 cum
2914 3257 3043 3323 sibi

643 3367 781 3450 ipsa
829 3367 1260 3452 praeponitur,
1309 3370 1385 3429 ut
1431 3387 1764 3442 servus,
1815 3365 2203 3451 vulgus.'’

734 3577 766 3641 I
821 3575 992 3642 1.1'7
1057 3577 1225 3643 Nam
1268 3581 1466 3643 istaec
1515 3581 2040 3644 commemoratio
2090 3581 2272 3663 quasi
2311 3579 2777 3663 exprobratiost
2813 3581 3044 3644 imme-

644 3685 842 3749 moris
889 3683 1178 3749 beneficii

667 3792 672 3798 '
736 3790 830 3870 (2)
896 3789 1040 3857 Cito
1104 3790 1379 3855 ostendit
1441 3812 1506 3856 se
1554 3793 1616 3854 in
1669 3794 1981 3858 memoria
2028 3793 2280 3858 habere.
2444 3791 2539 3872 (3)
2587 3791 2752 3857 Sunt
2798 3793 2909 3877 qui
2956 3791 3036 3856 ad

640 3895 1019 3961 beneficium
1058 3896 1334 3962 referant
1373 3899 1564 3961 imm
1587 3918 1830 3976 emor,
1875 3907 1949 3963 ut
1993 3918 2387 3976 „memorem
2425 3896 2685 3963 Iunonis
2720 3898 2797 3962 ad
2822 3897 3032 3961 iram'’

640 4006 824 4085 (Aen.
890 4003 921 4067 I
977 4002 1045 4084 4)
1095 4041 1178 4051 —-
1228 4004 1398 4088 quod
1461 4009 1593 4082 est,
1658 4004 1778 4069 hoc
1842 4007 2189 4070 immemor
2242 4011 2340 4068 est
2386 4003 2803 4082 beneficium,
2855 4005 3039 4068 cuius

641 4131 829 4177 nemo
879 4111 1268 4175 meminerit.

730 4216 890 4281 Don.
954 4218 1022 4280 in
1084 4215 1182 4296 (2)
1244 4218 1682 4283 immemor
1745 4223 1913 4282 recte
1978 4218 2055 4282 ad
2106 4238 2441 4303 personam
2489 4215 2769 4282 rettulit.
2819 4215 3040 4280 Altera

638 4323 1085 4407 interpretatio
1128 4323 1196 4386 in
1237 4321 1334 4402 (3)
1383 4325 1438 4388 si
1478 4325 1668 4408 Aspri
1712 4329 1843 4399 est,
1888 4326 2000 4408 qui
2037 4325 2234 4389 etiam
2276 4328 2741 4389 commentator
2764 4320 3040 4408 Vergilii

644 4429 917 4505 exstitit,
967 4428 1146 4493 docte
1194 4432 1455 4495 erravit.
1506 4429 1715 4493 Verba
1768 4429 1979 4513 „quod
2026 4420 2163 4494 est’'
2216 4451 2385 4515 seqq.
2441 4449 2477 4494 a
2526 4431 2838 4515 magistro
2887 4433 3042 4492 sunt

571 4569 583 4580 ·
642 4532 878 4611 addita,
921 4554 1115 4618 quam
1153 4533 1392 4599 Wessn.
1435 4537 1763 4600 immerito
1803 4539 2075 4600 correxit
2112 4538 2390 4602 scribens
2438 4536 2647 4620 „quod
2684 4533 2834 4624 <si>
2874 4533 3039 4600 est'’.
