3392 5384
718 389 850 455 388
1576 407 2221 455 onsnnvssmucunsn

715 564 1004 658 denique'
1046 578 1110 637 et
1171 575 1304 637 sine
1366 573 1747 658 ambagibus
1810 574 2063 659 probari
2130 594 2311 657 posse
2374 577 2591 637 contra
2656 593 2776 634 non
2826 570 3122 635 vindica-

711 680 883 744 visse
945 677 1338 743 solemnibus
1401 679 1612 743 verbis
1678 701 1808 755 „ecc
1858 680 2036 741 iure
2088 676 2576 759 Quiritiurffl
2626 677 3116 752 adversarium,

711 791 1044 871 propterea
1106 785 1274 869 quod
1336 806 1485 853 eum
1550 791 1694 868 post
1755 785 2256 849 vindicationem
2318 789 2496 849 actor
2556 786 2644 847 sic
2707 784 3112 867 interroget:

701 891 1032 973 postulo
1119 913 1318 953 anne
1401 890 1630 953 dicas
1717 913 1863 975 qua
1950 914 2037 954 ex
2108 913 2347 953 causa
2413 888 2979 953 vindicaveris
3038 886 3112 967 ¹).

713 997 1117 1082 RespondeO,
1168 996 1246 1061 ad
1294 998 1616 1080 primum:
1663 995 1846 1060 litem
1895 998 2348 1081 imaginariam
2387 996 2465 1060 ad
2504 992 2875 1079 exemplum
2916 1014 3119 1059 verae

709 1103 847 1168 litis
911 1124 1045 1168 esse
1107 1105 1529 1188 compositam
1555 1102 1628 1181 ²),
1690 1102 1951 1187 proinde
2014 1124 2089 1166 ex
2147 1103 2531 1187 imaginaria
2577 1108 2745 1165 recte
2790 1102 3121 1164 coniectu-

711 1230 849 1274 ram
939 1211 1080 1293 capi
1159 1208 1234 1273 de
1306 1229 1458 1274 vera
1524 1207 1640 1273 lite
1660 1229 1677 1287 ;
1750 1208 1830 1271 ad
1900 1206 2214 1273 alterum:
2286 1228 2408 1272 non
2478 1205 2764 1271 multum
2834 1204 3110 1282 referre,

712 1319 920 1379 taceat
979 1316 1158 1398 quis,
1221 1335 1298 1379 an
1364 1316 1448 1376 ad
1502 1313 1931 1393 interr-oyatum
1978 1334 2101 1378 non
2150 1312 2523 1397 respondeat
2567 1310 2674 1377 vel
2723 1312 2961 1375 obscure
3009 1331 3109 1375 re-

709 1420 1014 1507 spondeat
1041 1417 1124 1501 ³);
1176 1419 1252 1484 ad
1303 1422 1607 1485 tertium:
1652 1420 1819 1505 quod
1860 1441 1986 1484 una
2026 1419 2137 1484 fiat
2181 1424 2575 1484 sacramento
2618 1418 2986 1502 provocatio
3026 1436 3107 1481 ex

710 1532 942 1591 mutua
991 1526 1453 1604 vindicatione,
1497 1547 1679 1611 posse
1722 1525 2063 1611 explicari,
2104 1525 2296 1590 modo
2339 1526 2481 1609 quis
2521 1529 2740 1588 sumat
2775 1522 3109 1607 aliquanto

709 1638 856 1717 post
899 1631 1065 1718 legis
1112 1634 1427 1697 actionem
1475 1633 1686 1717 ipsam
1734 1634 2156 1715 compositam
2205 1630 2562 1696 adhaesisse
2611 1632 2671 1695 ei
2708 1633 3107 1694 sacramento

709 1740 1226 1823 provocationem
1267 1736 1339 1817 4),
1410 1740 1477 1801 in
1548 1759 1674 1822 qua
1736 1738 2084 1803 verborum
2148 1734 2602 1823 principalium
2666 1738 2829 1801 ratio
2885 1734 3111 1799 habita

708 1842 1012 1929 religiose
1084 1866 1210 1908 non
1282 1846 1402 1923 sit;
1475 1844 1554 1908 ad
1615 1849 1957 1930 quartum:
2032 1863 2564 1929 supervacaneam
2636 1842 2900 1927 quidem
2969 1861 3108 1905 esse

715 1948 1215 2034 postulationem
1261 1972 1460 2013 anne
1506 1951 1738 2014 dieas
1785 1974 1935 2035 qua
1981 1974 2068 2014 ea·
2116 1973 2355 2013 causa
2403 1946 2999 2024 vindicaveris,
3050 1950 3109 2010 si

717 2058 897 2140 prius
961 2056 1194 2119 dixerit
1239 2077 1385 2120 reus
1433 2078 1520 2119 ex
1567 2056 1749 2120 iure
1805 2056 2246 2137 Quiritium
2294 2079 2523 2119 meum
2570 2078 2735 2119 esse
2780 2054 2945 2130 aio,
2996 2052 3106 2117 sed

717 2152 988 2247 perinde
1015 2181 1550 2245 supervacaneam
1591 2163 1940 2227 adversarii
1980 2165 2454 2248 responsionem
2497 2161 2623 2224 ius
2656 2161 2845 2245 feci
2889 2158 3109 2222 sicut

716 2268 1167 2331 vindictam
1227 2268 1605 2350 imposui,
1672 2270 1809 2334 sive
1872 2272 2015 2353 quis
2081 2274 2385 2353 sequatur
2434 2269 2799 2353 opinionem
2846 2264 3104 2351 Aloysii

717 2374 906 2438 Brin'z
934 2372 1008 2453 ⁵),
1057 2374 1494 2439 adversarium
1538 2377 1618 2438 iis
1665 2374 2059 2460 significare,
2111 2397 2235 2439 non
2274 2376 2511 2438 iniuria
2551 2394 2615 2438 se
2661 2372 3103 2447 vindicavisse,

717 2481 884 2565 quod
949 2480 1105 2565 quid
1166 2482 1398 2545 attinet
1459 2480 1686 2558 dicere,
1752 2502 1955 2566 quum
2014 2480 2296 2545 nondum
2361 2482 2445 2543 sit
2504 2480 2748 2543 iniuria
2822 2478 3102 2555 obiecta;

717 2589 853 2652 sive
914 2588 1020 2650 cui
1081 2584 1330 2670 placeat
1391 2589 1606 2670 opinio
1665 2588 1870 2671 ipsius
1918 2586 2210 2672 Philippi
2254 2586 2517 2651 Lotmar
2544 2584 2616 2663 ⁶),
2662 2586 2874 2647 iterum
2902 2582 2951 2662 ⁷)
3001 2584 3105 2647 his

717 2693 927 2757 verbis
967 2692 1327 2777 significare
1352 2692 1789 2757 adversarium
1805 2739 1821 2769 ,
1850 2692 2221 2757 contendere
2246 2713 2311 2757 se
2338 2713 2532 2777 quam
2560 2691 2779 2756 cedere
2804 2686 3001 2753 malle
3028 2687 3101 2769 8).

719 2798 926 2883 Ergo,
990 2800 1140 2883 quia
1201 2804 1472 2882 utroque
1536 2798 1725 2863 modo
1786 2801 2206 2884 interrogatio
2242 2797 2578 2879 postulo
2627 2818 2826 2859 anne
2873 2794 3103 2857 dicas

717 2926 882 2969 vana
945 2908 1074 2981 est,
1138 2907 1242 2969 cui
1303 2904 1547 2969 scilicet
1591 2926 1842 2989 semper
1890 2905 2375 2990 respondebitur
2419 2903 2695 2979 lusorie,
2747 2902 2927 2979 ideo,
2978 2922 3104 2985 quo

787 3131 840 3195 1)
875 3130 971 3179 Zur
1003 3130 1120 3195 legis
1153 3130 1278 3178 actio
1319 3147 1366 3195 p.
1405 3131 1516 3179 143.

784 3212 839 3270 2>
877 3212 980 3261 Hoc
1015 3228 1073 3261 ne
1107 3214 1304 3261 Lotmar
1337 3212 1528 3277 quidem
1562 3229 1735 3276 negare
1766 3215 1909 3263 sudet
1942 3216 2050 3275 <zur
2083 3214 2200 3277 legis
2232 3214 2355 3263 actio
2391 3230 2437 3279 p.
2476 3214 2536 3263 31
2574 3214 2711 3277 ima).

787 3298 839 3359 3)
878 3296 952 3344 Cf.
986 3295 1016 3343 1.
1060 3296 1115 3344 11
1159 3298 1246 3357 §5-
1284 3294 1354 3357 §7
1396 3298 1449 3344 D.
1490 3297 1635 3345 11.1.

783 3379 840 3441 4)
889 3380 1085 3426 Sumere
1137 3378 1226 3425 hoc
1275 3377 1465 3426 videtur
1510 3377 1611 3441 ipse
1655 3379 1867 3437 Lotmar‚
1914 3395 2002 3427 zur
2047 3378 2165 3441 legis
2209 3379 2351 3438 actio,
2383 3395 2426 3443 p.
2468 3378 2559 3427 312
2600 3376 2735 3440 ,(ιὶίε
2769 3378 3109 3442 ΖωόζῙΙαῘσΙπ)

714 3465 897 3509 setzten
941 3461 1031 3509 den
1075 3459 1259 3523 Betraq
1304 3461 1386 3508 des
1429 3463 1778 3509 sacramentum
1808 3461 1938 3523 fest,
1976 3496 2017 3510 ..
2047 3498 2057 3509 .
2097 3462 2197 3509 und
2226 3462 2291 3509 da
2329 3497 2341 3509 .
2362 3498 2374 3509 .
2396 3498 2407 3509 .
2440 3460 2579 3507 nicht
2613 3459 2844 3509 berichtet
2878 3459 2961 3517 ist,
3000 3462 3113 3508 dass

714 3542 783 3590 eie
825 3542 948 3589 anch
995 3540 1072 3590 die
1115 3540 1400 3589 sacramenti
1436 3540 1560 3589 actio
1591 3542 1865 3604 einqesz‘c'brc
1904 3542 2069 3600 haben,
2102 3557 2152 3591 so
2184 3543 2313 3591 kann
2348 3558 2455 3590 man
2491 3542 2580 3590 das
2610 3579 2620 3589 .
2644 3577 2687 3593 ..
2719 3548 3055 3604 argumentum
3085 3557 3112 3589 e

717 3623 908 3672 silentio
954 3624 1245 3673 anwendend
1291 3639 1445 3686 saqen,
1493 3624 1604 3671 dass
1647 3624 1717 3672 sie
1748 3625 1847 3688 fiir
1894 3624 1971 3673 die
2004 3624 2176 3673 bereits
2208 3624 2259 3672 in
2292 3624 2493 3687 'Uebunq
2526 3622 2808 3688 befindliche
2840 3622 2967 3671 ectio
2988 3622 3111 3686 jene

717 3706 1042 3769 Bestimmunq
1083 3706 1281 3770 qeqcben
1317 3704 1516 3755 haben”.
1551 3706 1653 3754 Etsi
1689 3721 1783 3755 non
1819 3707 1935 3755 satis
1970 3706 2213 3771 exprimit,
2250 3711 2411 3755 utrum
2448 3706 2752 3754 Decemviros
2786 3705 3109 3754 introduxisse

715 3804 776 3836 an
821 3788 1052 3835 taxavisse
1100 3792 1450 3836 sacramentum
1503 3792 1654 3851 putet.
1696 3817 1746 3825 -
1794 3789 1943 3837 Docet
1977 3789 2091 3837 alibi
2126 3795 2231 3849 (zur
2265 3790 2381 3853 legis
2418 3789 2541 3837 actio
2576 3805 2621 3852 p.
2662 3788 2793 3850 120),
2827 3788 2930 3851 ipsa
2963 3788 3109 3836 verba

715 3870 1042 3919 secundum
1078 3886 1244 3919 suam
1279 3886 1520 3918 causam
1557 3870 1699 3919 initio
1736 3886 1763 3918 a
1800 3870 1917 3933 legis
1953 3872 2139 3920 actione
2175 3871 2317 3919 fuisse
2354 3870 2524 3922 aliens.

785 3950 842 4014 5)
876 3952 1103 4014 Festqabe
1123 3952 1226 4014 fiir
1261 3967 1344 4000 von
1379 3952 1574 4015 Spenqel
1605 3951 1776 4013 (1877)
1811 3969 1856 4017 p.
1897 3952 2066 4011 10718.

787 4034 839 4093 6,-
877 4033 974 4080 Zur
1007 4033 1124 4096 legis
1158 4033 1282 4082 actio
1318 4050 1364 4098 p.
1405 4035 1515 4082 141.

782 4114 838 4177 7)
875 4116 969 4163 Zur
1002 4115 1119 4177 legis
1151 4116 1274 4164 actio
1312 4132 1357 4180 p.
1389 4118 1483 4165 44:
1529 4116 1707 4177 -(dass)
1743 4117 1828 4165 der
1864 4115 2101 4180 Belclayte
2134 4115 2268 4165 nicht
2300 4117 2403 4165 dem
2433 4116 2613 4179 ch'iqer
2640 4114 2844 4165 weicben
2871 4115 2987 4174 will,
3018 4116 3112 4165 bac

715 4213 768 4246 er
804 4234 815 4247 .
835 4233 847 4246 .
871 4234 880 4245 .
907 4198 1182 4263 jedenfalls
1219 4234 1230 4247 .
1251 4234 1296 4248 ..
1332 4198 1550 4246 dadureh
1595 4198 1833 4263 (qezeiqt),
1878 4200 1989 4247 dass
2034 4215 2086 4248 er
2128 4200 2216 4247 der
2254 4199 2432 4249 Gewalt
2468 4198 2553 4246 mit
2592 4199 2775 4247 Gewalt
2808 4202 3117 4261 eutqeqenqe·

718 4283 874 4329 treton
909 4279 1028 4328 ἐπ”.

785 4362 840 4426 8)
895 4363 1007 4410 uder
1053 4361 1290 4425 Belclayte
1331 4400 1341 4410 .
1365 4399 1375 4410 .
1399 4398 1410 4411 .
1444 4363 1632 4411 erkliirt
1675 4378 1797 4410 nur.-
1835 4397 1847 4410 .
1869 4397 1880 4410 .
1901 4397 1913 4411 .
1948 4361 2026 4411 ich
2062 4362 2178 4411 habe
2211 4362 2368 4411 Rcclct
2394 4360 2628 4425 φιλανθ.
2675 4361 2801 4424 Ergo
2838 4360 2974 4408 docet
3009 4359 3111 4424 ipse

715 4443 913 4491 Lotmar
960 4444 1263 4507 responsione
1297 4443 1558 4492 adversarii
1593 4444 1651 4491 ad
1690 4443 1866 4492 sotoris
1901 4443 2272 4507 postulationem
2308 4443 2431 4493 nihil
2466 4444 2725 4507 quidquam
2762 4440 2929 4507 profici
2966 4441 3117 4509 (·(er)

717 4526 829 4575 that
863 4526 958 4573 ihm
995 4526 1160 4575 keiuen
1195 4526 1384 4574 Solaria
1412 4524 1709 4589 entqe90n”).
