3392 5384
645 394 778 461 428
1683 414 1996 465 noturus.

644 583 844 659 „sine⁸
882 579 1035 677 1113”
1101 579 1392 659 ἐξήγησις
1454 583 1592 646 eius
1650 583 1738 645 sit
1801 581 1969 667 quod
2018 581 2264 647 dixerat
2313 581 2543 661 „soli'’.
2639 582 2724 649 Et
2772 583 3037 670 quidem

638 693 808 791 recte
852 689 935 765 ii,
985 688 1233 753 Probus
1279 689 1501 774 Asper,
1552 690 1620 751 ni
1668 686 1874 767 fallor,
1925 690 2016 753 sic
2061 689 2394 773 putabant.

697 793 815 859 ·1v
866 794 1037 860 3.11
1114 795 1206 860 De
1268 795 1368 860 his
1426 793 1685 859 scholiis
1749 794 1896 859 vide
1951 816 2162 880 supra.
2252 795 2306 860 11
2355 800 2609 874 31110111,
2661 799 2774 882 (1111
2820 799 2888 861 111
2935 796 3034 878 (2)

390 936 407 943 ’
535 963 540 968 .
640 922 875 987 ,,(1110111
939 901 1500 985 subdistinguere’'
1567 902 1870 966 dicuntur
1935 908 2051 979 „ut
2111 904 2197 967 sit
2261 901 2588 988 qualem'',
2653 905 2708 967 si
2769 903 3036 968 fuerunt

639 1009 891 1073 Probus
938 1010 1163 1094 Asper,
1212 1012 1526 1073 errarunt.

731 1114 817 1179 IV
868 1114 927 1180 4.
957 1114 1044 1179 22
1113 1114 1187 1179 In
1251 1115 1351 1179 his
1414 1114 1673 1180 scholiis
1737 1114 1811 1180 de
1862 1114 2137 1181 colore
2187 1114 2694 1181 mustellino
2741 1114 2909 1180 redit
2955 1136 3032 1181 ea

641 1220 876 1286 Donati
938 1224 1137 1301 ratiO,
1200 1242 1393 1307 quam
1457 1226 1602 1286 ante
1663 1222 1864 1287 semel
1924 1224 2289 1308 iterumque
2339 1221 2907 1307 deprehendimus,
2956 1227 3036 1286 ut

641 1330 777 1393 sine
825 1327 959 1393 ulla
1004 1327 1438 1393 admonitione
1486 1331 1861 1412 praemittat
1901 1331 1990 1393 rei
2033 1332 2496 1395 enarrationem
2535 1331 2628 1410 (in
2669 1328 2825 1411 (1)),
2869 1348 3031 1414 quae

638 1436 843 1520 ipsius
891 1455 1023 1498 esse
1063 1434 1337 1512 videtur,
1382 1434 1490 1499 sed
1532 1454 1692 1519 quae
1735 1434 1878 1499 dein
1921 1435 2259 1513 refutatur,
2306 1434 2462 1499 dum
2505 1437 2808 1520 supponit
2846 1455 3032 1500 suam

640 1543 1005 1626 opinionem
1056 1543 1145 1620 (in
1191 1542 1352 1622 (2)).
1423 1540 1723 1605 Primum
1772 1539 2089 1606 scholium
2135 1563 2283 1606 cum
2332 1540 2644 1626 exemplis
2690 1540 3035 1607 Menandri

637 1653 703 1710 et
745 1646 1186 1732 Aristophanis
1225 1646 1578 1712 secundum
1620 1647 2022 1712 Wessner.
2066 1670 2128 1732 p.
2167 1647 2253 1712 29
2295 1647 2372 1712 3(1
2413 1648 2700 1712 Probum
2744 1648 3028 1733 Asprum

568 1808 581 1821 Ι
638 1752 1068 1818 revocandum
1132 1774 1266 1818 esse
1331 1774 1571 1818 censeo.
1641 1753 1716 1818 In
1781 1752 1979 1818 altero
2027 1742 2259 1819 nomen
2305 1756 2707 1839 interpretis,
2759 1756 2865 1818 cui
2913 1752 3032 1819 Do-

638 1865 827 1924 natus
875 1880 1095 1924 aurem
1145 1860 1441 1945 praebere
1489 1858 1772 1937 mavult,
1824 1866 2120 1945 corrupte
2170 1858 2481 1925 traditum
2510 1881 2664 1925 esse
2705 1857 3031 1937 dolemus,

637 1971 714 2029 ut
774 1967 916 2049 quis
976 1966 1172 2030 fuerit
1232 1966 1579 2030 nemodum
1643 1969 2072 2051 perspexerit:
2139 1967 2271 2045 „At
2317 1987 2438 2053 ego
2486 1966 3032 2042 †edesionum

640 2092 887 2156 sequor,
938 2074 1050 2157 qui
1095 2077 1260 2137 recte
1298 2071 1621 2137 intellexit
1659 2072 2075 2137 Terentium'’
2118 2079 2267 2138 cett.
2318 2070 2484 2139 Cum
2521 2072 2643 2137 1100
2680 2075 3032 2159 interprete

642 2177 927 2243 Donatus
976 2178 1349 2244 Terentium
1394 2179 1624 2245 liberat
1671 2200 1707 2243 a
1755 2178 1942 2265 culpa
1990 2184 2054 2244 et
2101 2200 2346 2258 errore,
2398 2200 2590 2265 quem
2640 2184 2860 2244 auctor
2908 2180 3033 2263 pri-

644 2287 771 2350 oris
818 2284 1045 2350 scholii
1090 2288 1149 2351 ei
1195 2288 1651 2371 imputaverat,

734 2390 893 2456 Ibid.
945 2391 1025 2455 41
1103 2391 1230 2457 Vae
1277 2389 1476 2456 mihil
1523 2391 1744 2456 Etiam
1790 2411 1912 2457 non
1962 2391 2175 2457 credes
2218 2392 2504 2478 indignis
2550 2412 2662 2457 nos
2708 2412 2842 2456 esse

1096 2500 1313 2563 irrisas
1361 2495 1613 2563 modis?
1785 2582 1788 2585 ῃ

735 2604 831 2685 (2)
880 2604 1151 2685 Quidam
1200 2605 1318 2670 hoc
1366 2610 1581 2669 totum
1633 2625 1794 2681 „vae
1844 2604 2048 2668 mihi”
2100 2625 2301 2690 usque
2348 2603 2426 2669 ad
2470 2606 2734 2681 „irrisas
2774 2602 3027 2668 modis''

642 2731 677 2774 a
740 2712 981 2797 Pythia
1043 2712 1168 2776 dici
1232 2714 1626 2777 existimant.
1768 2709 2114 2776 Adnotatio
2162 2712 2497 2796 magistri,
2545 2730 2696 2774 nam
2742 2708 3033 2775 Donatus

642 2837 929 2901 quoque,
983 2822 1055 2881 ut
1098 2816 1279 2881 docet
1327 2815 1523 2881 schol.
1573 2816 1689 2897 (l),
1741 2816 1895 2881 haec
1942 2818 2158 2882 omnia
2204 2816 2482 2904 Pythiae
2529 2815 2738 2881 dabat.
2789 2817 3034 2881 Auctor

642 2921 870 2987 scholii
933 2921 1028 3002 (2)
1076 2920 1269 2986 3113111
1319 2924 1528 3007 igitur
1574 2908 1993 3007 personarum
2040 2922 2422 2989 divisionem
2471 2924 2538 2986 in
2586 2922 2866 2988 editione
2914 2943 3027 2988 sua

638 3030 921 3104 invenit,
973 3027 1140 3092 unde
1186 3028 1339 3093 haec
1385 3031 1632 3094 notatio
1681 3036 1818 3094 orta
1867 3036 1982 3095 est.
2080 3016 2096 3035 ’
2829 3046 2836 3053 ·

731 3133 889 3199 Ι1)1(1.
942 3133 1027 3200 43
1098 3136 1347 3201 Mirum
1396 3138 1462 3201 ni
1507 3142 1583 3202 tu
1631 3138 1848 3202 credas
1900 3136 2069 3222 quod
2114 3140 2237 3202 iste
2284 3137 2453 3201 dicat

729 3240 826 3323 (2)
891 3240 1074 3308 Clare
1138 3240 1329 3321 dicit3
1394 3242 1657 3329 quidam
1724 3245 2005 3328 pressius
2067 3249 2317 3328 putant.
2426 3242 2624 3308 Recte
2687 3242 2849 3307 Don.
2893 3242 3030 3308 'hoc

637 3348 807 3414 clara
868 3370 1023 3415 voce
1087 3349 1333 3414 dictum
1397 3370 1531 3415 esse
1595 3351 1722 3429 ait,
1789 3352 1888 3414 uti
1948 3370 2100 3414 mox
2161 3349 2239 3413 ad
2284 3370 2379 3414 vs.
2434 3348 2519 3413 49
2571 3349 2756 3427 „Hoc
2805 3370 3030 3414 rursus

636 3453 869 3520 clare'’.
916 3455 1229 3520 Errarunt
1268 3456 1501 3541 (Asper
1518 3453 1589 3537 2²),
1640 3458 1751 3540 (1111
1798 3477 2008 3540 presse
2058 3456 2302 3520 dictum
2344 3456 2820 3521 existimabant.
2873 3454 3029 3522 Con·

636 3562 730 3627 fer
778 3564 973 3626 etiam
1022 3559 1108 3625 IV
1158 3559 1491 3643 4.15(4):
1540 3561 1682 3626 Hoc
1729 3564 2008 3648 pressius
2057 3561 2240 3627 dixit.

729 3667 813 3732 IV
867 3665 927 3733 7.
971 3666 1009 3730 6
1083 3667 1208 3732 Ubi
1270 3669 1558 3733 centurio
1623 3674 1720 3733 est
1768 3666 1982 3753 Sanga
2029 3673 2090 3732 et
2139 3666 2511 3753 manipulus
2558 3664 2822 3732 furum?
2905 3665 3023 3733 Sa.

636 3774 877 3839 Eccum
925 3772 1123 3839 adest.

731 3880 827 3961 (3)
890 3880 1157 3965 Proprie
1220 3878 1678 3965 „manipulus”
1747 3878 1990 3945 milites
2053 3885 2314 3945 centum
2374 3879 2651 3944 Romani
2699 3884 2764 3945 et
2812 3878 3029 3945 Latini

596 3974 755 4052 ‘sub
821 4008 945 4052 uno
1008 3989 1415 4065 centurione,
1473 4007 1549 4050 ex
1614 3985 2048 4072 manipulo
2112 3988 2374 4062 herbae,
2437 4007 2628 4070 quem
2676 4008 2790 4071 pro
2836 3988 3025 4071 signo

635 4094 1095 4179 sequebantur;
1163 4096 1391 4159 merito
1454 4095 1661 4179 igitur
1708 4095 2148 4159 centurionem
2199 4094 2420 4159 videns
2468 4090 2878 4177 manipulum
2928 4091 3030 4157 de-

636 4200 961 4266 sideravit.
1013 4238 1095 4247 —
1147 4200 1263 4265 hoc
1328 4207 1421 4265 est
1484 4220 1708 4264 cocum
1773 4200 1998 4266 videns
2062 4202 2364 4266 convivas
2426 4198 2851 4277 desideravit,
2917 4200 3030 4283 qui

638 4313 1094 4392 apparuerant,
1136 4308 1429 4390 quotiens
1474 4326 1659 4370 cocus
1709 4305 1926 4384 affuit,
1973 4306 2041 4369 id
2081 4313 2178 4371 est
2218 4307 2592 4371 convivium
2632 4306 3024 4370 instructum

635 4417 752 4481 est.
802 4409 935 4475 Alii
990 4409 1437 4496 „manipulum
1486 4412 1747 4476 furum”
1797 4413 1929 4477 coci
1976 4410 2324 4497 discipulos
2373 4415 2603 4497 putant
2652 4410 2795 4475 dici.

722 4514 779 4581 A
828 4516 1063 4582 Donati
1101 4518 1506 4584 adnotatione
1544 4520 1838 4605 separavi
1876 4520 2360 4604 ineptissimum
2401 4516 2683 4583 Editoris
2717 4519 3025 4603 interpre-
