3392 5384
785 376 917 442 434
1826 395 2138 444 nolumus.

778 558 988 624 Schol.
1054 558 1215 624 Dan.
1282 560 1361 625 ad
1422 558 1508 624 IV
1580 559 1706 626 127
1771 569 2099 626 auctorem
2161 563 2362 626 citant
2422 558 2796 627 Cornelium
2855 560 3168 626 Balbum
3189 612 3206 639 ,

778 668 1130 742 minorem,
1206 673 1279 730 ut
1349 666 1628 743 videtur,
1702 664 1989 733 Caesaris
2059 666 2408 753 aequalem.
2480 666 2785 732 Libenter
2854 668 3208 732 credimus

778 770 1077 857 pleraque
1119 772 1491 837 huiusmodi
1531 772 1609 838 ad
1648 772 1998 839 Varronem
2047 774 2398 839 revocanda
2444 794 2618 851 esse,
2669 776 2781 859 qui
2827 772 3072 839 saltem
3127 778 3206 839 in

778 878 1141 963 Menippeis
1189 878 1403 958 (Riese
1452 902 1513 964 p.
1569 879 1727 961 104)
1768 881 1884 946 hoc
1925 902 2164 945 numen
2206 882 2738 946 commemoravit
2765 878 2836 962 1).
2882 879 3204 945 Donatus
3263 916 3265 919 ⁴

775 989 993 1048 autem
1042 983 1199 1050 talia
1245 987 1358 1050 vix
1404 986 1633 1051 habuit
1683 1008 1717 1051 e
1766 990 2224 1052 commentario
2275 987 2587 1072 quodam,
2639 985 2747 1051 sed
2794 985 3085 1052 aliunde.

869 1089 924 1151 V
973 1089 1035 1154 8.
1069 1088 1148 1154 15
1225 1091 1408 1156 Anno
1459 1091 1724 1157 demum
1771 1095 1996 1178 quinto
2044 1101 2109 1157 et
2155 1095 2554 1179 sexagesimo

870 1194 967 1274 (3)
1016 1194 1193 1261 Haec
1239 1203 1412 1262 aetas
1459 1204 1588 1276 est,
1639 1206 1715 1262 ut
1761 1197 1958 1263 Varro
2008 1201 2132 1276 ait,
2183 1201 2380 1263 etiam
2429 1200 2824 1263 comicorum
2873 1219 3138 1264 senum.

868 1301 1029 1367 Ibid.
1081 1301 1166 1367 29
1191 1302 1290 1380 (3)
1341 1303 1710 1383 „Verbum”
1765 1305 1933 1370 dixit
1979 1326 2201 1371 veram
2247 1307 2668 1383 sententiam,
2718 1326 2869 1370 nam
2920 1308 3196 1373 verba

775 1428 813 1473 a
858 1410 1235 1475 veritate
1282 1410 1453 1476 dicta
1499 1432 1633 1477 esse
1683 1414 1866 1477 testis
1915 1418 2013 1478 est
2060 1412 2276 1478 Varro,

869 1624 1297 1711 Repperimus

866 1731 1155 1796 Probum
1194 1737 1411 1797 contra
1451 1732 1735 1817 Asprum
1777 1732 1872 1798 III
1913 1733 1973 1798 2.
2003 1732 2088 1798 25
2129 1733 2428 1815 (assignat
2453 1738 2795 1815 personae).
2823 1732 3188 1798 Varronem

778 1835 863 1899 IV
914 1836 977 1899 2.
1010 1835 1117 1902 37.
1161 1834 1269 1901 44.
1320 1836 1373 1900 V
1423 1836 1487 1902 8.
1521 1836 1625 1902 15.
1654 1838 1776 1915 29;
1830 1845 1894 1904 et
1938 1839 2208 1904 fortasse
2256 1837 2344 1902 IV
2394 1837 2453 1905 7.
2483 1837 2590 1902 34.
2641 1838 2693 1902 V
2747 1836 2807 1903 7.
2837 1837 2898 1901 6.

867 1941 1105 2019 Locos,
1171 1943 1286 2007 ubi
1332 1943 1610 2009 Probus
1635 1946 1839 2029 Asper
1885 1944 2152 2011 indicati
2199 1965 2332 2009 esse
2378 1948 2647 2029 possunt
2690 1943 2721 2008 I
2775 1945 2832 2008 1.
2866 1944 2922 2020 1,
2973 1942 3040 2008 2.
3074 1943 3184 2007 36.

774 2046 837 2111 II
879 2047 941 2111 4.
972 2046 1057 2112 23
1078 2045 1147 2111 ἲ*
1185 2047 1271 2113 IV
1317 2049 1666 2128 1.1416*‚
1707 2049 1884 2115 4.10
1925 2051 2192 2130 (Proh.)
2236 2048 2297 2115 7.
2327 2049 2375 2181 9
2409 2050 2624 2131 (Prob.
2652 2055 2870 2115 contra
2893 2049 3089 2134 Aspr.
3109 2046 3182 2129 2).

778 2153 911 2219 Alii
960 2155 1167 2221 fontes
1213 2154 1244 2219 I
1301 2156 1448 2235 1.1,
1498 2153 1554 2219 V
1605 2155 1804 2223 3.19.

1802 2387 2150 2475 Hecyra.

872 2584 1041 2653 Prol.
1083 2584 1133 2652 Ι.
1179 2585 1239 2651 1.
1266 2586 1307 2651 2
1360 2584 1833 2652 Calamitas
1884 2587 2054 2664 παρὰ
2096 2586 2206 2658 τὴν
2248 2583 2543 2661 καλάμην
2585 2583 2842 2661 dicitur,
2885 2583 3182 2649 clades

782 2695 933 2779 quia
994 2692 1203 2759 clam
1266 2693 1534 2770 datur,
1584 2699 1659 2758 ut
1705 2692 1883 2758 aliud
1931 2695 2014 2757 sit
2060 2691 2391 2779 grandinis
2437 2690 2731 2757 culmum
2777 2691 3180 2777 frangentis,

782 2799 959 2889 aliu'd
1007 2800 1167 2864 furti
1213 2803 1325 2864 aut
1372 2799 1502 2864 doli
1546 2798 1705 2864 mali
1721 2821 1738 2879 3
1788 2802 1879 2864 sic
1931 2800 2197 2864 Probus,

874 2905 904 2970 I
953 2905 1013 2969 1.
1046 2904 1079 2968 1
1123 2904 1219 2985 (5)
1266 2904 1540 2984 Quidam
1590 2927 1716 2969 non
1769 2903 2087 2991 „paucas”
2139 2905 2247 2969 sed
2294 2905 2514 2990 paucis
2552 2902 2782 2990 legunt
2797 2924 2814 2983 ;
2864 2905 2956 2969 sic
3002 2904 3182 2969 enim

782 3004 1209 3095 Apollodorus
1261 3012 1549 3088 »ὀλίγαις
1600 3011 1860 3091 ἐραστὴς
1912 3016 2063 3076 cett.

872 3115 1240 3182 Secundum
1281 3117 1581 3185 Wessn.
1622 3140 1684 3203 p.
1722 3117 1807 3182 25
1850 3116 2143 3202 exempla
2181 3115 2424 3183 Graeca
2462 3114 2730 3181 redeunt
2769 3114 2847 3179 ad
2884 3113 3178 3179 Probum

783 3225 1089 3309 Asprum.

876 3330 908 3396 Ι
954 3329 1016 3395 2.
1047 3330 1130 3398 78
1206 3330 1389 3409 „Hoc
1437 3353 1558 3417 ego
1603 3331 1884 3418 proferre
1930 3326 2456 3395 incommodum''
2505 3348 2561 3393 e.
2588 3348 2647 3412 q.
2675 3348 2725 3391 s.
2817 3358 2825 3366 ·

873 3436 969 3519 (1)
1016 3435 1221 3501 Verba
1264 3436 1593 3522 Pamphili
1632 3443 1821 3514 sunt,
1863 3457 1987 3501 non
2030 3442 2106 3501 ut
2145 3434 2407 3521 quidam
2446 3439 2679 3520 putant
2718 3432 2796 3497 ad
2836 3453 3176 3518 personam

783 3544 1198 3608 Parmenonis
1248 3544 1611 3609 referentes,
1752 3542 1947 3607 Error
1983 3541 2130 3606 inde
2169 3546 2379 3617 ortus,
2424 3540 2594 3627 quod
2639 3540 2954 3605 Parmeno
2993 3539 3172 3615 citat,

782 3670 943 3733 quae
994 3648 1150 3714 olim
1200 3648 1369 3715 dicta
1420 3655 1571 3714 sunt
1617 3670 1653 3714 a
1701 3647 2060 3733 Pamphilo.
2765 3698 2771 3705 .

874 3755 935 3820 H
987 3755 1046 3820 1.
1100 3753 1183 3821 3¹7
1256 3756 1430 3822 Satis
1478 3758 1646 3833 scio,
1695 3755 2012 3842 peccando
2059 3754 2434 3819 detrimenti
2477 3751 2573 3817 nil
2621 3751 2758 3817 fieri
2803 3755 3014 3836 potest

874 3861 970 3941 (3)
1032 3860 1307 3941 Quidam
1368 3861 1532 3927 banc
1593 3867 1828 3947 putant
1887 3862 2198 3936 ironiam,
2259 3861 2441 3946 quasi
2487 3858 2676 3937 dicat,
2726 3862 2937 3923 certus
2983 3876 3165 3933 sum,

782 3967 951 4054 quod
1000 3988 1077 4032 ex
1125 3965 1306 4033 nullo
1354 3974 1611 4053 peccato
1662 3973 1774 4033 tuo
1823 3966 2129 4032 damnum
2177 3968 2502 4052 possimus
2547 3966 2718 4050 pati;
2770 3962 2878 4028 sed
2923 3959 3114 4027 male.

873 4073 1169 4139 Fortasse
1230 4074 1418 4140 Prob.
1488 4075 1639 4161 Asp.
1703 4073 1922 4140 locum
1985 4074 2450 4139 subobscurum
2501 4092 2614 4157 per
2655 4071 2928 4135 ironiam
2975 4066 3176 4152 expli-

848 4366 902 4430 1)
940 4366 1012 4419 cf.
1046 4365 1309 4429 Smntny
1344 4364 1547 4416 Dissert.
1582 4365 1710 4414 Phil.
1749 4363 1952 4414 Vindob.
1991 4362 2060 4413 VI
2098 4364 2228 4413 1898
2263 4380 2310 4429 p.
2352 4362 2535 4425 1210q.
2571 4361 2627 4409 de
2659 4357 2830 4424 etymis
2861 4354 3094 4407 Varronis
3125 4355 3174 4405 in

774 4451 1061 4507 commento,
1110 4462 1229 4511 quae
1274 4464 1358 4512 per
1404 4449 1828 4497 commentatorem
1875 4446 1994 4511 (ipse
2037 4446 2217 4510 cogitat
2267 4445 2323 4493 de
2359 4444 2566 4493 Helenio
2598 4444 2802 4504 Acrone)
2835 4441 2894 4490 ad
2932 4442 3170 4489 Donatum

776 4528 1047 4596 pervenisse
1081 4529 1247 4578 credit.
