3392 5384
665 397 792 462 136
1113 465 1122 474 ,
1720 415 2001 465 sumtus.

758 579 1094 665 Virginem
1144 584 1541 665 conspectam
1589 577 1878 645 Achilles
1926 584 2228 646 continuo
2277 581 2523 666 deperit

729 759 734 764 ,
933 708 1046 752 nec
1093 686 1254 752 latet
1300 687 1571 752 haustus
1617 708 1816 766 amor,
1865 687 1974 752 sed
2019 687 2123 752 fax
2169 688 2419 752 vibrata
2465 685 2765 752 medullis

755 791 884 856 305
931 795 999 857 in
1045 793 1272 857 vultus
1316 797 1505 878 atque
1553 813 1662 858 ora
1709 792 1937 857 redit
1980 792 2319 879 lucemque
2364 813 2678 879 genarum

932 900 1133 982 tingit
1182 902 1246 961 et
1291 896 1650 983 impulsum
1697 900 1879 962 tenui
1925 898 2152 964 sudore
2197 903 2497 983 pererrat.

662 1003 788 1069 Pro
844 1004 1004 1068 redit
1068 1000 1311 1069 Garrod
1371 1006 1731 1090 suspicatus
1780 1009 1909 1069 est:
1961 1004 2108 1082 ruit,
2155 1003 2264 1069 sed
2309 1006 2525 1089 potius
2574 1002 3047 1068 emendandum

662 1109 953 1175 videtur:
1026 1109 1274 1175 subit.
1344 1109 1638 1175 Similem
1710 1130 1981 1175 errorem
2053 1110 2259 1174 scriba
2320 1108 2654 1195 archetypi
2716 1109 3047 1172 commisit

659 1214 945 1280 litteram
991 1217 1035 1278 d
1078 1235 1193 1300 pro
1242 1216 1273 1276 b
1321 1215 1648 1280 scribendo
1701 1235 1791 1280 vs.
1846 1211 1997 1292 746,
2045 1216 2158 1280 ubi
2205 1214 2513 1279 Heinsius
2562 1213 2683 1277 obit
2728 1234 2841 1300 pro
2879 1211 3048 1277 codi-

663 1343 813 1387 cum
859 1324 1094 1387 vitiosa
1139 1323 1454 1406 scriptura
1497 1320 1631 1384 adit
1676 1323 1982 1386 restituit.

751 1540 972 1606 Thetis
1034 1545 1280 1607 vestem
1342 1539 1725 1606 muliebrem
1788 1539 1921 1606 filio
1982 1544 2201 1619 inicit,
2265 1562 2390 1626 quo
2438 1541 2604 1606 facto
2654 1543 2856 1606 crines
2903 1543 3050 1605 eius

663 1650 992 1732 componit

755 1752 886 1819 329
934 1773 1004 1818 ac
1051 1773 1195 1818 sua
1240 1751 1560 1817 dilecta
1606 1754 1851 1817 cervice
1899 1751 2166 1817 monilia
2213 1753 2529 1817 transfert.

660 1858 841 1925 Idem
900 1860 1019 1924 hoc
1078 1859 1218 1924 loco
1277 1858 1521 1923 factum
1571 1865 1668 1923 est
1714 1861 1783 1922 in
1828 1859 2155 1923 Puteaneo
2202 1858 2372 1944 quod
2416 1880 2512 1925 vs.
2564 1858 2718 1936 600,
2764 1858 2875 1923 ubi
2917 1863 3051 1922 etat

663 1972 752 2029 est
809 1964 1056 2050 legitur
1099 1984 1248 2049 pro:
1297 1970 1385 2027 est
1429 1970 1573 2041 stat,
1621 1969 1686 2029 et
1731 1985 1827 2029 vs.
1882 1961 2033 2040 734,
2080 1964 2194 2028 ubi
2240 1983 2387 2048 pro:
2442 1964 2553 2027 tibi
2598 1971 2808 2028 cuncta
2850 1963 3047 2028 libra-

661 2073 798 2134 rius
844 2075 1095 2134 mutato
1143 2068 1360 2134 ordine
1407 2075 1618 2132 cuncta
1664 2068 1776 2131 tibi
1821 2071 2128 2134 exaravit.
2176 2068 2595 2134 Scribendum
2644 2072 2815 2134 enim
2860 2073 2989 2134 est:

935 2196 1007 2241 ac
1054 2174 1370 2240 dilecta
1415 2195 1562 2239 sua
1605 2177 1849 2240 cervice
1896 2175 2165 2241 monilia
2211 2175 2533 2240 transfert.

666 2281 888 2347 Thetis
949 2280 1187 2347 monile
1233 2279 1404 2364 quod
1450 2283 1632 2345 unice
1679 2280 2022 2367 diligebat,
2074 2303 2110 2346 a
2156 2303 2273 2346 sua
2319 2283 2562 2346 cervice
2609 2281 2806 2346 solvit
2849 2286 3048 2366 atque

663 2387 742 2452 ad
802 2385 924 2451 filii
969 2388 1280 2453 cervicem
1328 2385 1682 2450 transtulit.
1733 2384 1830 2453 Of.
1879 2408 1974 2452 vs.
2024 2386 2193 2451 450:
2240 2385 2433 2452 litora
2479 2386 2764 2452 multum
2810 2390 3051 2452 monti-

663 2513 868 2580 vagae
915 2492 1147 2558 dilecta
1192 2491 1341 2556 deae
1362 2541 1378 2569 ,
1428 2491 1508 2556 ΙΙ.
1559 2489 1679 2556 27;
1724 2491 1956 2557 dilecta
1999 2493 2078 2558 ad
2123 2495 2392 2558 moenia.

744 2695 897 2762 'Non
935 2693 1132 2759 multi
1167 2693 1402 2759 laboris
1441 2693 1568 2758 fuit
1608 2692 1896 2771 Thetidi,
1938 2696 2211 2781 virginis
2249 2697 2454 2779 specie
2494 2701 2720 2760 natum
2758 2693 3049 2772 induere,

1779 2804 2069 2884 superest
2112 2820 2262 2864 nam
2306 2799 2631 2886 plurimus
2675 2799 2775 2864 illi

755 2903 886 2970 336
931 2907 1218 2971 invita
1263 2906 1508 2970 virtute
1554 2903 1762 2981 decor,
1809 2902 2106 2990 fallitque
2156 2908 2397 2970 tuentis

934 3012 1280 3096 ambiguus
1330 3012 1631 3094 tenuique
1677 3009 1883 3076 latens
1930 3011 2296 3076 discrimine
2345 3033 2552 3077 sexus.

664 3117 981 3197 Quoniam
1057 3137 1153 3182 vs.
1221 3115 1350 3181 326
1392 3136 1526 3200 sqq.
1607 3123 1970 3181 enarratum
2051 3123 2185 3194 est,
2272 3121 2546 3182 matrem
2631 3114 3043 3181 multimodis

662 3221 902 3287 Achilli
957 3225 1271 3288 virtutem
1329 3243 1584 3287 omnem
1631 3222 1977 3300 ademisse,
2027 3229 2218 3308 atque
2265 3228 2407 3288 tum
2457 3222 2718 3287 demum
2764 3221 3043 3288 verbum

658 3335 926 3411 superest
969 3331 1107 3394 vim
1153 3349 1337 3393 suam
1385 3328 1734 3404 obtinebit,
1785 3330 1842 3392 si
1887 3326 2065 3392 aliud
2112 3328 2268 3414 quid
2317 3328 2651 3414 demptum
2690 3349 2823 3394 esse
2858 3329 3045 3412 prius
3138 3351 3157 3363 ·

661 3433 1095 3520 significatum
1141 3436 1295 3511 erit,
1342 3455 1458 3520 pro
1504 3433 1701 3497 invita
1739 3432 2087 3519 legendum
2128 3439 2319 3519 puto:
2361 3437 2522 3500 iam
2557 3438 2821 3513 victa,
2864 3434 3044 3519 quod

658 3543 790 3604 iam
841 3539 1085 3604 codices
1130 3538 1365 3618 ΕΚΘ,
1411 3541 1481 3603 in
1527 3540 1761 3624 quibus
1808 3546 1906 3605 est
1944 3539 2191 3617 invicta,
2234 3541 2677 3605 commendare
2718 3540 3039 3606 videntur.

754 3756 1089 3845 Scyriades
1148 3755 1399 3842 puellae
1458 3755 1781 3822 Achillem
1841 3777 2227 3843 magnopere
2288 3760 2607 3824 mirantur
2651 3764 2717 3824 et
2760 3759 3043 3843 benigne

660 3866 1009 3950 recipiunt,

934 3969 1162 4034 dehinc
1211 3970 1444 4035 sociare
1493 3969 1714 4034 choros
1760 3970 2076 4054 castisque
2124 3969 2415 4034 accedere
2461 3971 2653 4034 sacris

755 4071 882 4140 371
932 4073 1290 4152 hortantur,
1340 4073 1811 4159 ceduntque
1857 4072 2039 4139 loco
2090 4079 2155 4138 et
2202 4076 2571 4160 contingere
2615 4073 2917 4160 gaudent.

663 4176 908 4245 Garrod
956 4180 1358 4264 claudumque
1403 4179 1591 4243 locum
1638 4182 1998 4265 suspicatus
2046 4185 2178 4258 est,
2228 4180 2491 4245 addens:
2545 4179 2817 4256 „volunt
2864 4183 3043 4247 enim

661 4306 787 4348 non
835 4285 1086 4364 cedere,
1150 4286 1257 4350 sed
1306 4285 1879 4370 appropinquare.''-
1926 4287 2149 4351 Nonne
2195 4286 2430 4352 melius
2473 4285 2649 4351 locus
2695 4289 3043 4354 restitutus

661 4392 784 4455 erit
845 4411 970 4454 uno
1032 4389 1342 4456 vocabulo
1405 4390 1529 4454 loco
1583 4393 1653 4454 in
1698 4390 1777 4457 lo
1796 4413 1971 4457 cum
2019 4390 2311 4458 mutato?
2357 4391 2653 4479 Virgines
2698 4401 3044 4477 occupatae

662 4500 840 4561 erant
901 4495 1108 4561 choris
1167 4494 1614 4561 instituendis:
1672 4495 1993 4563 Achillem
2055 4498 2394 4564 hortantur
2452 4503 2528 4563 ut
2585 4501 2719 4584 ipse
2781 4518 3039 4583 quoque
