3392 5384
1397 458 1712 509 nom-rus.
2611 442 2743 511 299

345 626 710 705 Donatum,
760 629 871 713 qui
918 628 1097 712 prius
1142 625 1398 692 locutus
1445 632 1541 692 est
1587 626 1664 692 de
1716 624 2091 711 „proinde'',
2140 625 2287 691 dein
2334 625 2412 692 de
2449 627 2743 711 sequenti

345 733 540 800 verbo
594 732 1029 820 „expiscare''.

435 843 822 926 Appositum
887 846 983 906 est
1042 845 1328 926 repetere
1392 840 1457 905 h.
1505 838 1550 905 1.
1618 845 2117 926 argumentum,
2185 860 2311 925 quo
2374 860 2530 905 usus
2592 860 2739 905 sum

342 947 502 1013 olim
563 953 784 1013 contra
847 968 952 1013 eos
1015 950 1127 1034 qui
1189 947 1436 1013 duobus
1486 948 1966 1033 excerptoribus
2016 947 2134 1012 hos
2184 946 2433 1013 ordines
2480 948 2538 1011 A
2583 953 2645 1012 et
2691 946 2744 1011 B

342 1053 558 1119 deberi
606 1060 929 1139 putarent.
988 1052 1230 1139 Scripsi
1278 1075 1509 1139 nempe
1555 1056 1625 1118 in
1673 1054 1921 1119 Mnem.
1974 1052 2233 1117 XXXII
2277 1074 2339 1137 p.
2390 1052 2522 1120 213
2570 1074 2745 1138 prae-

341 1166 440 1225 ter
485 1158 612 1225 alia
659 1160 777 1226 hoc
828 1180 1116 1245 quoque:
1169 1160 1634 1246 „Excerptores
1674 1159 1778 1225 illi
1818 1162 2132 1225 nimirum
2175 1159 2413 1226 scholia
2450 1163 2519 1225 in
2559 1181 2746 1225 suam

340 1269 610 1352 quisque
673 1266 1024 1332 editionem
1085 1266 1550 1332 transferebant
1610 1268 1678 1330 in
1742 1266 2100 1332 utilitatem
2165 1264 2519 1344 lectorum,
2574 1265 2743 1333 unde

340 1378 840 1439 consentaneum
905 1380 1076 1452 erat,
1138 1380 1490 1459 utrumque
1555 1375 1941 1458 excerpsisse
1990 1375 2059 1438 in
2105 1394 2342 1461 genere
2392 1375 2637 1459 optima
2684 1378 2751 1439 et

342 1479 691 1545 utilissima
736 1501 807 1545 ac
855 1502 980 1545 non
1027 1502 1166 1547 raro
1215 1480 1457 1546 eadem.
1520 1479 1647 1545 Sed
1693 1502 1795 1546 res
1844 1479 2036 1546 aliter
2084 1501 2151 1545 se
2200 1481 2410 1547 habet.
2459 1480 2749 1565 Uterque

343 1584 564 1652 sedulo
611 1589 848 1653 vitavit
894 1606 967 1653 ea
1014 1607 1173 1672 quae
1221 1586 1409 1652 alteri
1447 1586 1856 1672 placuerant,
1897 1608 2049 1652 nam
2091 1586 2343 1655 ordines
2380 1607 2739 1671 numquam

341 1694 472 1759 fere
519 1693 740 1760 eadem
788 1694 1095 1760 exhibent
1127 1692 1193 1775 ¹).
1240 1694 1499 1760 Diceres
1546 1716 1655 1760 eos
1702 1715 1963 1780 operam
2009 1696 2404 1781 praestitisse
2452 1716 2531 1761 ex
2572 1715 2741 1761 com-

338 1805 557 1885 pect0,
620 1802 747 1865 nisi
808 1802 963 1866 haec
1027 1802 1388 1867 coniectura
1452 1802 1648 1891 nimis
1697 1807 1863 1866 esset
1908 1799 2191 1886 inepta''.
2286 1799 2393 1867 Sic
2440 1800 2520 1866 ad
2566 1801 2739 1866 hunc

337 1905 555 1971 locum
616 1927 650 1971 e
714 1905 960 1972 duabus
1023 1906 1262 1972 Donati
1308 1908 1744 1972 notationibus
1790 1906 2063 1973 utilibus
2112 1905 2276 1972 alter
2320 1906 2589 1973 alteram
2638 1928 2742 1971 ex·

341 2014 713 2098 cerpsisset,
779 2012 1072 2099 neglecta
1134 2012 1354 2079 altera.
1404 2012 1585 2080 Idem
1633 2012 1809 2080 valet
1857 2013 1932 2078 de
1981 2011 2239 2078 scholiis
2287 2012 2526 2078 Donati
2572 2015 2635 2078 in
2684 2014 2742 2077 A
2832 2078 2839 2085 ,

343 2123 409 2184 ct
457 2119 510 2184 B
559 2118 637 2184 ad
694 2117 775 2183 14
822 2117 1007 2201 Α(1)
1053 2122 1237 2186 iuxta
1288 2120 1360 2198 B,
1411 2119 1498 2187 24
1540 2125 1604 2185 et
1645 2118 1731 2185 25
1776 2126 1841 2185 et
1880 2119 1968 2185 28
1993 2122 2191 2198 item,
2220 2118 2329 2197 43,
2359 2117 2467 2196 46,
2495 2118 2602 2199 49,
2633 2118 2741 2185 73.

432 2223 504 2289 Si
541 2226 750 2311 igitur
793 2246 1018 2293 verum
1058 2232 1175 2304 est,
1215 2228 1284 2291 in
1326 2248 1450 2312 quo
1492 2226 1982 2292 demonstrando
2022 2226 2179 2292 haec
2219 2231 2355 2291 tota
2389 2225 2741 2311 disputatio

339 2336 653 2410 versatur,
721 2337 1063 2418 utramque
1111 2335 1344 2400 seriem
1388 2336 1794 2419 inquinatam
1842 2354 1977 2399 esse
2022 2333 2256 2399 iisdem
2303 2332 2740 2420 interpolatio-

336 2438 530 2503 nibus
575 2438 861 2505 Editoris
907 2445 972 2505 et
1017 2442 1281 2526 insuper
1325 2439 1780 2506 additamentis
1827 2438 2347 2526 magistellorum
2393 2460 2432 2505 a
2479 2438 2739 2526 Compi-

336 2544 538 2611 latore
601 2545 929 2614 translatis
989 2548 1195 2632 iisque
1260 2546 1618 2626 similibuS,
1670 2568 1832 2633 quae
1894 2550 1962 2615 in
2022 2546 2419 2632 reliquarum
2482 2568 2737 2633 quoque

337 2651 705 2718 fabularum
769 2652 1029 2719 scholiis
1075 2653 1648 2739 deprehendimus,
1702 2659 1767 2719 et
1813 2656 1867 2719 si
1915 2658 2242 2740 praeterea
2294 2653 2491 2720 altera
2536 2656 2731 2720 series

337 2758 604 2825 alterius
667 2762 982 2827 rationem
1039 2782 1292 2847 semper
1337 2761 1598 2840 habuit,
1661 2763 1955 2847 sequitur
2002 2762 2227 2826 seriem
2280 2762 2336 2825 A
2384 2765 2449 2826 et
2487 2761 2542 2826 Β
2590 2764 2733 2846 post

338 2871 778 2932 commentum
828 2887 865 2932 a
914 2864 1354 2953 Compilatore
1404 2868 1773 2933 confectum
1822 2867 2085 2933 demum
2133 2869 2454 2933 exstitisse
2493 2872 2558 2932 et
2597 2868 2736 2953 qui-

340 2970 488 3037 dem
537 2972 806 3039 alteram
852 2980 998 3059 post
1044 2973 1334 3041 alteram.
1384 2973 1523 3055 Qua
1559 2977 1806 3041 ratione
1850 2974 1973 3041 hoc
2019 2974 2157 3039 fieri
2197 2976 2480 3060 potuerit
2518 2978 2740 3059 postea

343 3077 758 3145 adumbrabO.

433 3325 533 3390 Ad
581 3345 672 3390 vs.
724 3322 988 3389 36—41
1040 3324 1217 3390 deest
1264 3324 1355 3404 B;
1405 3345 1566 3411 quae
1613 3327 1684 3389 in
1723 3326 1781 3389 A
1821 3324 2134 3412 leguntur
2176 3324 2394 3392 brevia
2434 3328 2589 3390 sunt
2630 3324 2739 3391 sed

340 3431 583 3497 sincera
630 3438 881 3517 praeter
929 3452 1026 3497 vs.
1073 3430 1180 3495 38.
1290 3462 1300 3468 ·

431 3535 593 3603 Ibid.
645 3536 731 3601 38
802 3536 930 3602 De.
980 3536 1099 3603 Dic
1147 3558 1400 3603 nomen.
1475 3537 1610 3603 Ph.
1661 3534 1955 3604 Nomen?
2001 3537 2313 3604 Maxime.
2387 3537 2513 3603 De.
2565 3537 2730 3618 Quid

339 3665 508 3709 nunc
556 3641 766 3709 taces?

431 3750 526 3831 (2)
566 3750 693 3815 Hic
729 3771 884 3837 ergo
926 3749 1101 3816 deest
1143 3751 1437 3828 „nescio”
1478 3749 1586 3817 vel
1617 3753 2086 3836 „necessarium
2110 3750 2273 3816 est''.
2382 3749 2476 3832 (3)
2513 3749 2729 3831 „Quid

339 3879 402 3922 n.
452 3856 544 3921 t.’'
596 3856 804 3942 Urget
851 3877 1075 3935 senex,
1125 3859 1276 3942 quia
1321 3855 1650 3944 intellegit
1697 3878 1847 3923 eum
1896 3879 2129 3923 nomen
2177 3859 2435 3923 nescire.

433 3962 858 4028 Manifestum
922 3962 1434 4028 additamentum
1500 3970 1595 4028 est
1657 3963 1981 4030 conclusio
2045 3986 2123 4030 ex
2188 3964 2287 4044 (3)
2333 3984 2447 4049 per
2493 3986 2624 4043 erqo
2670 3966 2739 4028 in

341 4068 457 4151 (2),
507 4090 621 4134 nec
666 4090 907 4147 utrum,
947 4069 1054 4134 sed
1095 4070 1222 4135 duo
1260 4072 1502 4155 opinor,
1544 4090 1696 4135 nam
1736 4070 1898 4136 alter
1935 4091 2113 4157 mag.
2158 4070 2405 4135 addidit
2441 4073 2738 4157 ineptum

341 4171 506 4240 illud
554 4173 701 4251 „vel
749 4196 985 4241 necess.
1037 4174 1197 4241 est''.

406 4507 464 4574 1)
517 4508 788 4558 concinunt
833 4510 1022 4558 tantum
1058 4508 1109 4558 in
1144 4500 1376 4573 quattuor
1413 4508 1668 4559 levissimis
1702 4509 1867 4559 rebus:
1909 4512 1971 4560 16
2007 4512 2167 4575 Opera
2202 4510 2430 4575 septimus
2463 4527 2597 4561 casua
2630 4515 2726 4572 θείς

336 4592 402 4639 20
440 4591 489 4642 in
523 4590 759 4651 moribus3
795 4593 859 4642 25
897 4591 1021 4642 male
1059 4592 1189 4656 loqui
1219 4607 1308 4658 pro
1341 4593 1648 4652 maledicet-03
1686 4593 1751 4643 26
1782 4592 2018 4643 Lucilius:
2047 4610 2209 4643 carcer
2240 4594 2317 4645 vix
2332 4609 2521 4643 carcerc
2538 4595 2725 4660 dignus.
