3392 5384
1359 414 1676 470 nmmos.
2585 396 2715 463 429

331 588 711 650 tamentum.
776 580 1099 646 Donatum
1165 601 1314 644 cum
1379 578 1608 657 „aliis”
1675 577 1811 642 illis
1872 581 2072 643 etiam
2132 577 2523 646 intellexisse
2583 583 2720 646 coci

332 689 678 775 discipulos
738 687 1132 753 demonstrat
1195 689 1332 750 eius
1397 683 1716 750 scholium
1777 685 1908 765 (4):
1976 686 2260 764 „Eccum
2322 686 2539 752 adest''
2605 708 2719 772 pro

211 873 216 878 ,
333 818 397 862 se
445 802 677 880 ac'pro
727 791 1059 880 discipulis
1109 790 1342 878 Sanga.

421 902 581 967 Ibid.
635 900 717 964 16
791 899 958 981 Quid
1006 896 1302 965 videtur?
1353 897 1645 962 Fundam
1687 899 1807 962 tibi
1850 919 2020 962 nunc
2044 901 2253 976 nimis
2294 898 2528 964 vellem
2563 900 2719 978 dari,

330 1017 407 1074 ut
452 1014 526 1074 tu
576 1006 799 1093 procul
845 1006 994 1070 hinc
1042 1026 1119 1069 ex
1169 1002 1416 1069 occulto
1463 1003 1773 1069 caederes.
1824 1003 2130 1069 Facerent
2177 1005 2425 1091 fugam.

354 1095 371 1110 ”
422 1114 518 1194 (2)
578 1112 895 1177 Dubitant
958 1131 994 1176 a
1057 1131 1182 1196 quo
1241 1110 1489 1175 dictum
1555 1113 1640 1174 sit
1710 1110 1907 1194 „quid
1953 1110 2212 1175 videtur
2230 1108 2321 1176 ?''.
2386 1111 2526 1196 Ego
2574 1132 2723 1177 sane

330 1218 792 1286 hoc-militem
858 1223 1016 1303 puto
1081 1216 1331 1282 dicere'’
1392 1222 1542 1282 cett.
1638 1215 1930 1281 Donatus
1992 1216 2242 1282 abunde
2291 1218 2505 1297 docet,
2556 1218 2727 1305 quod

333 1346 519 1391 nemo
567 1323 759 1389 hodie
809 1323 1096 1400 dubitat,
1148 1322 1430 1388 militem
1479 1324 1571 1387 sic
1619 1322 1847 1388 dicere.

424 1430 515 1495 In·
569 1429 805 1496 scholio
866 1428 962 1510 (3)
1027 1429 1312 1494 Donatus
1376 1433 1544 1494 recte
1611 1430 1805 1494 verba
1873 1428 2209 1506 „Fundam
2274 1430 2437 1495 tibi’'
2504 1452 2557 1497 e.
2585 1453 2643 1516 q.
2672 1453 2722 1496 e.

331 1537 658 1606 Gnathoni
721 1535 916 1601 dedit.
985 1533 1198 1600 Aliam
1264 1534 1651 1601 divisionem
1715 1541 2179 1601 commemorat
2239 1539 2308 1601 in
2370 1535 2468 1616 (7)
2519 1536 2728 1615 „Sunt

333 1649 553 1711 autem
616 1644 728 1727 qui
789 1647 1021 1727 putant
1081 1641 1235 1706 haec
1301 1662 1336 1705 a
1397 1639 1638 1705 Thaide
1702 1639 1780 1704 ad
1845 1637 2258 1707 Chremetem
2322 1641 2492 1707 dici''
2554 1648 2726 1721 cett„

341 1750 449 1816 sed
497 1750 616 1814 hoc
664 1751 894 1814 merito
941 1746 1180 1813 refellit
1211 1747 1276 1828 ¹).

432 1856 790 1921 Discrimen
828 1854 959 1920 late
996 1861 1220 1940 patens
1257 1856 1321 1917 in
1363 1874 1782 1939 personarum
1822 1853 2271 1921 distributione
2301 1861 2492 1940 atque
2516 1855 2731 1943 ampla

340 1962 574 2029 Donati
612 1962 961 2047 disputatio
1001 1959 1077 2024 de
1114 1959 1231 2024 hac
1273 1981 1339 2024 re
1377 1962 1806 2045 suspicionem
1847 1962 2115 2026 movent
2152 1967 2441 2027 auctores
2466 1960 2731 2028 alterius

340 2070 654 2157 opinionis
692 2068 888 2132 fuisse
929 2072 1123 2132 testes
1163 2069 1317 2131 satis
1340 2065 1725 2152 locupleteS‚
1767 2068 2049 2133 Probum
2080 2068 2360 2155 Asprum
2384 2071 2727 2146 nimirum;

343 2182 488 2242 tum
535 2195 685 2242 vero
733 2173 834 2238 illi
882 2178 1191 2239 errarunt.

434 2282 593 2347 Ibid.
643 2280 729 2345 25
804 2279 970 2361 Quid
1019 2301 1168 2360 cum
1216 2277 1329 2344 illo
1375 2277 1574 2365 agas?

434 2389 626 2454 Recte
687 2387 978 2453 Donatus
1037 2386 1156 2451 hoc
1205 2389 1294 2450 sic
1342 2385 1622 2472 explicat
1666 2387 1736 2449 in
1782 2385 1901 2466 (1),
1952 2391 2026 2450 ut
2071 2384 2263 2451 Thais
2311 2385 2591 2452 militem
2638 2389 2733 2452 in-

347 2496 617 2584 dignum
681 2496 976 2560 aestimet
1039 2513 1318 2578 quocum
1378 2497 1530 2579 agat
1591 2494 1822 2577 cuique
1884 2513 1951 2557 se
2014 2499 2285 2578 purget;
2336 2500 2402 2558 at
2450 2500 2591 2558 tum
2640 2515 2733 2560 se-

345 2609 633 2689 quuntur
692 2605 991 2685 corrupta
1055 2599 1248 2664 verba
1295 2598 1699 2663 huiusmodi:
1757 2619 1947 2675 „nam
1996 2605 2177 2664 erant
2221 2601 2335 2685 qui
2378 2599 2623 2678 dicent,
2678 2602 2733 2664 si

344 2707 584 2775 vellem
648 2707 846 2772 militi
906 2727 971 2771 se
1020 2704 1411 2771 conciliari’'.
1464 2704 1762 2770 Wessn.
1812 2707 1901 2770 sic
1948 2707 2257 2770 correxit:
2313 2726 2503 2784 „nam
2553 2711 2733 2771 erant

345 2817 456 2899 qui
492 2814 804 2893 dicerent,
853 2815 908 2877 si
958 2811 1151 2878 vellet
1199 2811 1400 2877 militi
1442 2811 1901 2878 reconciliari''.
1952 2811 2119 2892 Quid
2163 2812 2282 2878 hoc
2326 2814 2395 2876 in
2446 2833 2513 2878 re
2560 2834 2735 2898 prae-

343 2922 508 2982 senti
549 2921 672 2982 sibi
709 2919 906 2995 velit,
945 2942 1069 2984 non
1106 2919 1424 3006 intelligo.
1467 2920 1770 3006 Suspicor
1792 2918 2121 2985 Donatum
2145 2922 2472 3006 scripsisse
2493 2939 2515 2984 ε.
2538 2939 2731 2998 „nam

346 3024 727 3102 errant²)‚
769 3026 880 3108 qui
919 3024 1244 3102 dicunt,
1291 3024 1513 3090 velle
1562 3045 1735 3089 eam
1777 3026 1975 3090 militi
2017 3048 2082 3091 se
2123 3025 2511 3092 conciliari'’.
2561 3025 2730 3091 Tum

344 3131 553 3216 igitur
600 3127 678 3192 D.
728 3149 832 3193 eos
881 3128 1152 3204 refutat,
1201 3131 1314 3213 qui
1361 3135 1703 3214 putarent,
1750 3130 2061 3195 Thaidem
2108 3131 2209 3196 his
2254 3132 2465 3197 verbis
2512 3153 2731 3198 secum

343 3241 672 3324 reputare,
739 3234 1054 3320 quomodo
1117 3256 1266 3299 cum
1329 3233 1539 3298 milite
1602 3257 1668 3300 se
1732 3235 2115 3300 conciliaret.
2178 3235 2463 3316 Quorum
2513 3244 2731 3303 autem

343 3347 773 3428 interpretum
822 3341 926 3406 hic
975 3362 1147 3406 error
1193 3341 1426 3428 fuerit,
1478 3343 1621 3426 quis
1669 3337 1881 3406 dicet?

437 3448 492 3510 V
540 3447 718 3530 4.17‚
786 3447 883 3513 Ex
931 3450 1072 3512 iure
1125 3446 1419 3512 hesterno
1466 3467 1694 3533 panem
1746 3452 1960 3513 atrum
2009 3452 2236 3512 vorent

438 3553 534 3635 (3)
585 3553 867 3632 „Panem
915 3560 1130 3620 atrum
1178 3553 1472 3618 hesterno
1521 3573 1600 3618 ex
1646 3553 1851 3630 iure'',
1899 3558 1975 3617 ut
2020 3553 2281 3638 quidam
2329 3552 2591 3631 volunt,
2640 3576 2731 3619 ex

347 3663 871 3746 antiquitate
919 3659 1345 3726 mucidum
1393 3661 1766 3746 accipimus.
1860 3659 2189 3726 Scholium
2238 3663 2572 3747 magistri,
2622 3654 2732 3747 q'ui

351 3767 747 3854 „quosdam”
798 3769 1108 3852 sequitur,
1159 3772 1233 3831 ut
1279 3771 1464 3833 antea
1512 3766 1718 3832 docui.

438 3874 491 3938 V
542 3873 603 3938 8.
631 3872 716 3940 27
786 3873 1072 3954 Quodvis
1122 3873 1361 3938 donum
1410 3876 1769 3959 praemium
1816 3893 1852 3938 a
1899 3895 2001 3938 me
2052 3878 2271 3958 optato

438 3980 534 4060 (5)
595 3978 732 4052 Alii
794 4000 946 4044 vero
1011 3980 1348 4050 ἀσυνδετῶς
1397 3982 1850 4064 pronuntiant:
1900 3982 2111 4065 primo
2161 3979 2488 4058 „donum”
2531 3984 2597 4046 et
2644 3982 2733 4045 sic

350 4084 798 4173 „praemium”
850 4088 1033 4171 quasi
1078 4107 1274 4150 unam
1323 4091 1573 4171 partem
1623 4088 1948 4151 orationis.

439 4191 630 4257 Recte
700 4191 895 4266 „alii”
957 4191 1062 4256 illi
1123 4192 1397 4273 (Probus
1447 4192 1652 4279 Asper
1669 4189 1759 4273 ?);
1826 4191 2112 4257 Donatus
2164 4212 2496 4278 perperam
2546 4190 2735 4257 aliter

346 4297 414 4360 in
462 4297 577 4379 (1).
642 4296 736 4362 De
785 4299 884 4362 his
930 4319 1181 4385 quoque
1228 4304 1413 4365 antea
1458 4301 1734 4385 egimus.

419 4476 469 4536 1)
507 4475 578 4523 De
614 4491 668 4524 re
641 4474 813 4538 uliquis
847 4473 1038 4523 scholiis
1073 4472 1180 4523 vide
1213 4476 1354 4538 caput
1389 4473 1496 4523 dei
1480 4473 1721 4538 iterpola
1693 4472 1792 4522 atio
1764 4490 1845 4523 om
1828 4473 1949 4523 ibus.

417 4556 470 4620 2)
504 4557 576 4607 Cf.
613 4558 703 4608 Ad.
737 4557 764 4606 1
799 4555 928 4606 28ss
947 4558 1038 4619 (l)=
1079 4557 1289 4607 ,14111881
1323 4547 1406 4620 qui¹
1442 4554 1667 4620 putant'’.
