3392 5384
668 394 807 461 238
1711 413 2025 465 nonnus.

672 581 991 668 quantur:
1058 580 1223 657 „etsi
1273 580 1434 645 mihi
1484 552 1802 667 magnum
1848 580 2099 647 malum
2147 582 2275 647 scio
2321 584 2688 667 paratum’',
2737 589 2803 649 et
2848 586 3064 651 confer

670 686 837 752 Don.
883 682 969 753 47
996 686 1128 767 (1):
1177 686 1331 751 haec
1378 706 1569 753 causa
1614 686 1951 753 dubitandi
1999 688 2159 766 fuit,
2210 688 2380 774 quod
2428 688 2577 755 hinc
2619 690 3060 770 Parmenonis,

664 792 846 858 illinc
893 791 1319 858 adulescentis
1366 792 1731 879 periculum
1779 796 2082 859 cernitur.

759 1005 814 1070 V
863 1006 1039 1074 5.10
1107 1006 1426 1091 Quicquid
1473 1008 1671 1072 huius
1719 1007 1965 1073 factum
2011 1014 2109 1073 est

690 1104 697 1113 ’
761 1111 922 1179 Don.
961 1114 1059 1194 (1)
1098 1112 1442 1191 Absolute,
1482 1121 1561 1180 ut
1598 1135 1793 1199 supra
1839 1120 1946 1192 „et
1969 1114 2275 1200 quicquid
2299 1114 2852 1195 huiusfeci”(12.
2881 1116 3062 1196 122).

667 1218 768 1284 IP
814 1220 913 1299 (2)
962 1221 1096 1285 Aut
1140 1219 1319 1285 deest
1369 1221 1568 1299 „rei'',
1609 1226 1686 1285 ut
1723 1222 1843 1285 sit:
1888 1221 2084 1286 huius
2107 1223 2221 1286 rei.
2273 1218 2371 1288 Of.
2413 1242 2606 1307 supra
2646 1222 2701 1285 V
2739 1223 2803 1288 2.
2829 1221 2915 1288 25
2942 1222 3060 1303 (3),

676 1325 761 1391 45
803 1326 923 1409 (5).
1781 1408 1788 1415 .

756 1433 917 1498 Ibid.
972 1432 1053 1497 19
1080 1454 1171 1518 sq.
1242 1434 1385 1521 Ego
1434 1440 1533 1512 te,
1582 1434 1864 1513 furcifer,
1914 1436 1968 1499 si
2017 1436 2169 1500 vivo
2222 1483 2236 1499 .
2266 1483 2280 1500 .
2315 1432 2366 1499 .!
2417 1433 2542 1500 Sed
2589 1440 2742 1501 cett.

756 1540 952 1605 Modo
1012 1542 1223 1605 omnis
1268 1542 1537 1605 saevitia
1584 1541 1827 1606 comica
1874 1545 1990 1605 aut
2033 1542 2100 1605 in
2147 1542 2643 1607 comminatione
2690 1547 2789 1607 est
2833 1546 2947 1607 aut
2991 1543 3062 1605 in

666 1653 977 1733 apparatu
1037 1648 1403 1713 verborum.
1543 1646 1906 1713 Obscurum
1953 1652 2018 1713 et
2065 1653 2459 1733 suspectum.
2509 1648 2800 1715 Donatus
2848 1648 2936 1713 20
2961 1649 3060 1730 (1)

663 1754 1117 1826 'Ammaia-nme,-
1142 1800 1160 1831 ,
1210 1774 1405 1838 quam
1453 1755 1803 1819 necessario
1851 1755 2144 1839 sequitur
2192 1752 2426 1833 „Sed''.

754 1860 915 1925 Ibid.
970 1859 1059 1926 22

845 1966 971 2032 Pa.
1019 1965 1083 2030 Is
1126 1987 1242 2051 pro
1284 1966 1403 2031 illo
1450 1967 1744 2032 eunucho
1791 1966 1870 2032 ad
1919 1965 2234 2033 Thaidem
2281 1968 2442 2033 hanc
2491 1967 2801 2033 deductus
2847 1973 2966 2033 est.

845 2072 972 2138 La.
1021 2072 1146 2138 Pro
1193 2070 1577 2139 eunuchon?
1623 2073 1750 2138 Pa.
1802 2072 1908 2138 Sic
1955 2080 2074 2138 est.
2124 2074 2319 2139 Hunc
2363 2096 2478 2160 pro
2524 2074 2790 2140 moecho
2837 2078 3061 2159 postea

1028 2177 1495 2264 Comprendere
1542 2181 1721 2244 intus
1768 2184 1830 2244 et
1879 2182 2329 2245 constrinxere.

755 2286 851 2368 (1)
894 2284 1060 2365 „Pro
1084 2286 1421 2351 eunuchon
1436 2282 1504 2348 ‘P'
1532 2285 1675 2351 Non
1698 2289 2054 2372 interrogat
2077 2286 2186 2351 sed
2209 2286 2623 2351 exhorrescit.
2761 2284 2858 2366 (2)
2884 2284 3058 2351 Bene

662 2392 914 2459 studuit
973 2390 1309 2457 Terentius
1374 2393 1570 2478 „pro”
1638 2394 1739 2457 bis
1796 2413 2064 2458 numero
2112 2392 2352 2458 dicere:
2402 2401 2466 2458 et
2519 2402 2674 2478 „pro
2719 2392 3055 2459 eunucho''

662 2507 728 2566 et
789 2522 945 2586 „pro
1000 2499 1345 2576 moecho'';
1416 2520 1572 2584 „pro
1636 2499 1947 2564 moecho”
1996 2505 2217 2564 autem
2263 2501 2447 2585 quasi
2492 2520 2802 2565 excusans
2847 2499 3053 2577 dixit,

661 2628 811 2673 nam
857 2627 1006 2672 vere
1052 2607 1120 2670 in
1165 2606 1489 2690 virginem
1538 2604 1822 2670 Atticam
1871 2627 1998 2670 non
2045 2627 2163 2691 pro
2209 2604 2509 2684 moecho,
2569 2605 2678 2671 sed
2725 2605 3052 2670 moechus.

798 2712 894 2795 (3)
943 2712 1113 2777 Bene
1159 2716 1510 2797 utrumque
1560 2711 1786 2795 „pro''‚
1836 2714 1987 2796 quia
2031 2733 2234 2797 neque
2283 2713 2614 2778 eunuchus
2655 2717 2752 2777 est
2799 2714 2910 2797 qui
2953 2713 3054 2777 vi-

660 2821 854 2885 tiavit
914 2820 1238 2903 virginem
1264 2866 1281 2895 ,
1344 2837 1551 2901 neque
1612 2816 1917 2881 moechus
1972 2820 2086 2901 qui
2131 2820 2200 2881 in
2246 2817 2437 2884 domo
2484 2820 2866 2885 meretricia.

661 2925 759 3007 (4)
825 2924 911 2989 Et
980 2931 1194 3009 specta
1263 2943 1457 3008 quam
1516 2925 1793 2988 oratorie
1859 2922 2267 2989 transsilierit
2329 2927 2724 2990 mentionem
2785 2926 3052 2991 vitiatae

658 3032 965 3117 virg-inis:
1032 3050 1188 3114 „Pro
1252 3028 1588 3106 moecho”,
1652 3030 1903 3114 inquit,
1954 3035 2029 3093 ut
2076 3029 2337 3115 culpam
2388 3028 2708 3098 Chaereae
2755 3031 2874 3096 sub
2921 3052 3053 3097 me-

658 3139 907 3205 retricis
970 3138 1367 3203 accusatione
1430 3134 1684 3201 celaret.
1825 3134 1922 3216 (4)
1983 3136 2152 3201 Bene
2217 3136 2285 3200 τὸ
2352 3138 2574 3221 „pro’',
2637 3139 2787 3223 quia
2839 3158 3050 3222 neque

658 3244 991 3310 eunuchus
1038 3245 1151 3327 qui
1198 3242 1516 3328 ephebus,
1564 3263 1770 3328 neque
1817 3241 2068 3308 adulter
2113 3245 2227 3328 qui
2275 3251 2542 3308 amator.

748 3350 909 3417 Ecce
950 3348 1437 3416 scholiastarum
1485 3355 1809 3416 certamen
1859 3349 1936 3415 de
1983 3352 2448 3435 praepositione
2496 3372 2660 3436 pro,
2801 3350 3047 3416 Sanum

659 3464 724 3525 et
776 3458 1063 3523 sobrium
1110 3456 1348 3522 Donati
1394 3456 1711 3522 iudicium
1764 3476 2065 3544 agnosces
2111 3458 2181 3520 in
2222 3456 2317 3537 (1)
2367 3462 2432 3521 et
2479 3456 2594 3537 (4).
2756 3457 3048 3524 Fortasse

657 3564 866 3631 eidem
912 3563 1113 3628 tribui
1162 3563 1350 3629 debet
1395 3565 1592 3629 etiam
1634 3562 1754 3643 (3),
1796 3568 1872 3628 ut
1909 3564 2197 3648 primum
2238 3562 2407 3628 dicat
2447 3568 2794 3648 utrumque
2843 3566 3044 3649 „pro”

656 3677 826 3739 recte
872 3674 1254 3757 usurpatum
1299 3690 1435 3734 esse
1453 3718 1469 3746 ,
1520 3689 1591 3735 ac
1641 3669 1786 3735 dein
1831 3668 2050 3734 laudet
2099 3675 2304 3734 artem
2350 3674 2571 3755 poetae
2616 3670 2685 3734 in
2723 3650 3046 3737 reticenda

656 3779 749 3843 rei
816 3778 1023 3863 turpis
1085 3777 1411 3841 mentione
1474 3781 1541 3840 et
1602 3774 1921 3842 Chaereae
1983 3775 2190 3860 culpa.
2350 3775 2497 3841 Duo
2544 3774 2792 3861 reliqua
2836 3777 2933 3858 (2)
2981 3784 3046 3843 et

656 3881 754 3963 (5)
821 3880 993 3947 haud
1062 3883 1189 3947 scio
1258 3902 1337 3945 an
1408 3880 1854 3968 coniungenda
1915 3884 2064 3946 sint.
2129 3881 2389 3947 Etenim
2447 3884 2514 3947 in
2564 3881 2660 3963 (2)
2709 3882 3046 3950 adnuntiat

654 3987 1025 4066 scholiasta,
1078 4024 1162 4037 --
1212 4009 1405 4073 quem
1467 3988 1800 4053 Editorem
1863 4008 1999 4053 esse
2065 3990 2207 4073 quis
2253 4011 2380 4054 non
2427 3970 2650 4055 statim
2697 3991 3044 4076 suspicabi-

656 4091 805 4161 tur?
853 4132 939 4144 —
987 4116 1054 4161 se
1114 4094 1440 4159 dicturum
1504 4094 1580 4159 de
1648 4094 1847 4180 „pro”
1912 4096 2071 4159 bene
2131 4094 2417 4161 adhibito
2481 4097 2622 4173 „bis
2691 4098 3041 4177 numero'’;

654 4204 836 4288 atqui
898 4202 1001 4266 hic
1061 4203 1283 4288 agitur
1343 4207 1600 4266 tantum
1647 4200 1724 4265 de
1775 4222 1929 4285 „pro
1979 4202 2312 4279 moecho”,
2360 4206 2423 4267 et
2468 4204 2537 4266 in
2584 4201 2682 4283 (5)
2730 4202 2806 4269 de
2869 4209 3046 4269 utro-

655 4330 799 4396 que.
858 4308 1031 4393 Ergo
1085 4309 1327 4373 conicio
1374 4328 1525 4371 eum
1573 4306 1692 4371 hoc
1739 4306 1957 4371 ordine
2005 4308 2365 4391 scripsisse:
2434 4306 2562 4389 (2)⁸
2615 4358 2628 4373 .
2661 4356 2675 4373 .
2705 4356 2720 4373 .
2771 4315 2837 4374 et
2884 4331 3042 4395 „pro

653 4412 988 4479 eunucho''
1038 4418 1105 4478 et
1152 4434 1310 4498 „pro
1356 4411 1698 4477 moecho”:
1752 4410 1848 4492 (5)
1897 4411 2083 4495 [bene
2131 4412 2198 4476 τὸ
2247 4412 2477 4498 „pro'’]
2525 4414 2678 4498 quia
2725 4462 2741 4481 .
2770 4462 2784 4479 .
2816 4456 2837 4481 .—
2872 4436 3045 4481 ama-

650 4526 785 4598 tor3
850 4517 979 4601 (2)b
1041 4540 1195 4605 „pro
1259 4517 1566 4585 moecho”
1624 4524 1873 4599 autem,
1923 4522 2072 4584 cett.
2121 4518 2346 4605 Itaque
2395 4517 2677 4585 tollenda
2717 4526 2870 4588 sunt
2916 4524 3041 4587 ista
