3392 5384
613 414 748 481 332
1627 430 1996 481 raocomuS.

609 602 850 666 rentur.
901 636 986 649 —
1054 598 1202 686 §33
1254 597 1456 677 ἔγημέ
1503 622 1571 664 τε
1621 596 1863 663 κωκύων
1908 597 2013 662 καὶ
2063 597 2329 680 οἰμώζων
2393 594 2430 663 δ’
2440 622 2570 664 σον
2633 601 2742 673 τῆν
2793 611 3010 681 Χρυσο-

606 709 894 783 μαλλοῦς
956 707 1182 772 παῖδα.
1256 705 1560 772 Voculam
1623 702 1759 771 ὅσον
1825 707 2112 792 expungi
2172 704 2353 770 iubet
2399 704 2653 792 Haury,
2704 706 2815 771 sed
2863 708 3009 792 quis

612 834 844 899 quaeso
887 811 1313 879 adscriberet?
1361 812 1596 879 Procul
1643 813 1841 880 dubio
1891 811 2134 898 aliquid
2182 818 2329 878 ante
2368 831 2509 878 eam
2550 815 2781 898 periit,
2822 813 3008 899 quale

607 925 704 986 est
760 921 1062 997 μέγιστον
1129 924 1244 985 aut
1307 920 1661 1001 ἀμήχανον,
1732 939 1895 1005 quae
1955 921 2281 1007 proposita
2327 924 2516 998 sunt,
2564 925 2680 985 aut
2726 918 3002 1001 ἄφατον,

610 1024 778 1113 quod
839 1026 1005 1091 mihi
1067 1028 1251 1093 venit
1314 1029 1381 1091 in
1442 1031 1766 1103 mentem,
1832 1026 2049 1112 itaque
2094 1023 2359 1090 lacunae
2408 1027 2670 1112 signum
2718 1031 2856 1091 erat
2903 1048 3011 1112 po-

609 1133 914 1199 nendum.
967 1170 1049 1181 —
1101 1132 1361 1218 Optime
1425 1153 1530 1198 me
1591 1129 1832 1197 refellit
1877 1131 2026 1216 §44
2074 1130 2232 1198 olim
2278 1136 2737 1217 proponentem
2784 1141 3006 1212 χεῖρας

613 1238 735 1311 τὰς
807 1237 1014 1316 δεξιὰς
1082 1237 1504 1329 <άπ>έτεμε,
1574 1243 1651 1302 ut
1721 1242 1912 1303 vetus
1982 1239 2253 1323 scriptor
2320 1238 2619 1303 dedisset.
2689 1236 3009 1302 Similiter

612 1345 886 1412 verbum
946 1343 1221 1430 simplex
1268 1346 1686 1431 posteriores,
1738 1349 1814 1409 ut
1865 1342 2291 1421 Plutarchus,
2340 1342 2698 1418 Lucienus,
2748 1342 2859 1408 alii
2906 1342 3013 1409 ad-

613 1451 836 1517 hibent
884 1472 997 1536 pro
1046 1449 1380 1529 ἐκτέμνειν,
1431 1458 1712 1517 castrare.

709 1665 864 1755 Gap.
912 1667 1127 1734 XVIII
1173 1668 1343 1754 §28.
1395 1664 1462 1742 ἦν
1508 1670 1622 1745 μὲν
1669 1668 1797 1747 γὰρ
1848 1668 1949 1732 κα)
2002 1666 2259 1745 Χοσρόης
2302 1667 2493 1738 αὐτός
2536 1691 2607 1731 τε
2647 1667 2894 1747 πονηρὸς
2936 1666 3009 1731 τὸ

618 1771 747 1848 ἦθος
798 1777 972 1855 καί,
1034 1774 1108 1847 ὥς
1155 1800 1258 1855 μοι
1309 1778 1372 1841 ἐν
1423 1775 1632 1854 λόγοις
1680 1776 1913 1855 εἴρηται
1964 1783 2087 1847 τοῖς
2141 1776 2505 1853 καθήκουσι,
2554 1774 2671 1846 τὰς
2721 1774 2865 1851 μὲν
2919 1775 3013 1839 αἱ·

612 1884 757 1955 τίας
804 1883 974 1962 αὐτῷ
1022 1887 1129 1947 τοῦ
1177 1882 1455 1958 πόλεμου
1503 1880 1602 1947 δ’δε
1650 1882 2100 1964 (Iustinianus)
2146 1882 2485 1962 παρείχετο
2533 1882 2774 1953 πάσας.

707 1988 1040 2073 Requirit,
1099 1991 1156 2053 si
1215 1990 1371 2075 quid
1419 1988 1644 2067 video,
1687 1990 2036 2066 sententia,
2085 1992 2161 2054 ut
2206 1994 2351 2073 post
2399 1982 2531 2060 ἦθος
2579 1986 2870 2053 deleatur
2914 2006 3016 2052 co-

616 2094 771 2180 pula
815 2100 880 2161 et
917 2116 1032 2181 pro
1079 2096 1221 2172 μὶν
1270 2098 1635 2181 corrigatur
1679 2095 1965 2171 μέντοι
2008 2125 2089 2149 =
2131 2094 2217 2159 δέ.
2266 2095 2424 2159 Erat
2468 2094 2703 2180 quidem
2735 2094 3013 2157 Cho-eroes

619 2204 676 2266 et
736 2203 864 2283 ipse
923 2200 1242 2285 improbus,
1291 2203 1399 2266 sed
1447 2201 1592 2265 belli
1638 2223 1849 2265 caueae
1894 2222 2086 2264 omne-5
2132 2201 2190 2264 ei
2221 2201 2553 2283 praebebat
2599 2198 3010 2265 lastinianus.

621 2306 865 2373 Eodem
908 2328 1097 2373 sensu
1145 2329 1260 2394 pro
1308 2306 1437 2386 μέν
1485 2308 1674 2373 scribi
1719 2308 1923 2393 possit
1975 2303 2149 2394 <γε>
2199 2307 2372 2385 μήν.

713 2524 865 2613 Cap.
916 2525 1072 2591 XIX
1123 2526 1222 2613 §5
1251 2550 1343 2613 sq.
1409 2529 1786 2593 Anastasius
1846 2526 2202 2612 Imperator
2258 2531 2493 2609 χρυσοῦ
2542 2525 2682 2598 τοὺς
2734 2528 3015 2598 θησαυ-

621 2634 798 2712 ροὺς
864 2630 1154 2706 ἅπαντας
1230 2635 1580 2713 κατακόρως
1633 2634 2111 2710 ἐμπλησάμενος
2163 2635 2264 2698 τὸν
2310 2633 2447 2710 βίον
2494 2632 3012 2711 ξυνεμετρῆσατο.

623 2736 846 2818 οὕσπερ
893 2738 1186 2811 ἅπαντας
1237 2739 1651 2809 Ἰουστινιανὸς
1699 2741 1777 2811 ὥς
1827 2738 2115 2819 τάχιστα
2163 2738 2686 2803 διεσπάσατο
2734 2740 2862 2805 κτὲ.

714 2844 841 2909 Vix
903 2844 1127 2911 dubito
1173 2849 1329 2929 quin
1375 2846 1725 2930 Procopius
1773 2847 2098 2929 scripserit
2142 2845 2526 2935 διεσπα<θ
2547 2843 2871 2932 Dea-ro,
2923 2844 3017 2905 di-

627 2950 950 3033 lapidavit.
1017 2949 1112 3016 De
1173 2951 1366 3016 verbo
1429 2950 1643 3016 medio
1711 2950 2061 3015 satisfaciet
2121 2951 2383 3015 Lexieon
2443 2970 2665 3015 meum
2728 2951 3017 3014 Graecam

621 3056 1052 3139 suppletorium
1114 3078 1162 3121 s,
1206 3078 1268 3123 v.
1341 3055 1439 3125 cf.
1505 3056 1679 3122 Plut.
1748 3054 1879 3124 Cic.
1931 3054 2015 3121 27
2059 3056 2141 3121 al.
2207 3057 2457 3123 Formis
2520 3061 2739 3123 autem
2787 3056 3018 3122 mediis

622 3185 737 3251 pro
776 3166 1004 3229 activis
1044 3164 1495 3251 progrediente
1532 3169 1821 3250 tempore
1862 3161 2136 3230 Graecos
2176 3168 2388 3251 magis
2424 3166 2763 3251 magisque
2788 3164 3018 3229 abusos

621 3292 756 3337 esse
802 3276 1067 3337 constat.

719 3482 871 3571 Gap.
922 3485 1085 3550 XIX
1131 3485 1300 3570 §13.
1362 3486 1501 3559 τοὺς
1565 3485 1627 3551 δὲ
1688 3485 2047 3565 βαρβάρους
2114 3482 2405 3555 ἅπαντας
2467 3482 2678 3549 οὖδένα
2742 3482 3010 3554 άνιεὶς

629 3594 901 3671 καιρὸν
943 3592 1259 3672 χρήμασιν
1302 3593 1570 3672 ἐδωρεῖτο
1607 3591 1936 3669 μεγάλοις.
1982 3591 2215 3656 Malim
2256 3591 2488 3668 ἀφιείς.
2539 3587 2633 3656 Cf.
2675 3588 3009 3655 Demosth.

630 3697 663 3762 I
709 3696 831 3783 §8,
896 3698 1088 3763 Isocr.
1137 3696 1224 3762 IV
1271 3694 1420 3783 §1'6
1468 3704 1585 3763 etc.
1648 3697 1848 3781 Saepe
1898 3701 2248 3782 utrumque
2294 3696 2567 3761 verbum
2614 3694 3014 3761 confundunt

626 3804 892 3869 librarii.
955 3804 1098 3870 Non
1162 3808 1375 3891 magis
1423 3804 1648 3869 Latine
1695 3803 1967 3868 dixeris:
2018 3803 2199 3868 nulla
2244 3803 2489 3867 remissa
2536 3803 3015 3889 opportunitate

626 3932 739 3997 pro
787 3910 1035 3975 dimissa
1083 3932 1134 3976 s.
1183 3910 1467 3991 meyleeta.

719 4122 874 4210 Cap.
923 4123 1084 4189 XXI
1131 4124 1254 4209 §9.
1319 4122 1668 4202 πανταχόθι
1729 4122 1937 4198 μέντοι
2005 4129 2114 4197 τῆς
2181 4122 2496 4200 Ῥωμαίων
2546 4124 2746 4202 ἀρχῆς
2795 4122 2823 4184 ὅ
2876 4122 3014 4185 Ἰου-

626 4233 923 4303 στινιανός
975 4232 1157 4296 ἐποίει
1207 4227 1378 4295 τάδε.
1426 4229 1565 4300 τοὺς
1618 4229 2058 4309 πονηροτάτους
2101 4231 2217 4293 τῶν
2260 4230 2576 4306 ἀνθρώπων
2616 4225 3017 4303 ἀπολεξάμε-

629 4362 722 4409 νος
771 4337 1254 4416 διεφθάρθαι
1303 4335 1624 4401 ἀπεδίδοτο
1672 4336 1791 4407 τὰς
1832 4338 2038 4416 άρχας
2081 4336 2260 4411 σφίσι
2302 4338 2645 4415 χρήματων
2688 4333 3010 4411 μεγάλων.

717 4441 890 4509 Ante
938 4444 1293 4523 διεφθάρθαι
1341 4441 1586 4528 aliquid
1634 4443 1945 4509 excidisse
1994 4442 2331 4507 videbatur
2377 4441 2661 4507 Reiskio.
2719 4440 3010 4505 Multum

630 4550 887 4629 dubit0,
952 4552 1266 4616 coniciens
1326 4570 1544 4615 veram
1605 4549 1945 4616 lectionem
1993 4569 2126 4615 esse
2174 4547 2582 4629 διέφθειρε
2633 4550 2801 4627 καὶ,
2851 4566 3011 4631 quae
