3392 5384
1367 450 1677 500 nonnus.
1902 395 1908 398 Π
2313 537 2315 539 q
2589 436 2720 501 419

336 619 596 703 propter
641 614 979 693 scholium,
1027 617 1195 701 quod
1242 638 1391 682 mox
1438 618 1707 683 referam
1759 618 1838 682 ad
1885 618 1945 682 II
1998 619 2056 684 1.
2085 618 2194 684 24.
2245 620 2507 686 Praeter
2551 620 2721 684 hunc

344 723 501 787 duos
547 724 742 787 etiam
791 726 1078 787 auctores
1126 722 1411 787 Donatus
1458 723 1860 809 designavit,
1909 727 2042 790 sive
2091 726 2160 790 hi
2199 732 2731 792 commentatores

342 830 638 906 fuerunt,
690 830 827 894 sive
873 831 1253 915 interpretes
1301 828 1618 909 Terentii,
1668 851 1943 914 quorum
1991 830 2278 897 doctrina
2327 855 2360 898 e
2407 833 2619 898 schola
2663 835 2731 897 in

343 935 679 1022 publicum
728 936 975 1000 exierit.

368 1025 378 1035 ⁶
436 1040 598 1106 Ibid.
649 1040 733 1105 25
801 1040 890 1105 Ut
937 1043 1321 1125 pernoscatis
1367 1042 1593 1127 ecquid
1642 1044 1780 1127 spei
1827 1045 1911 1107 sit
1953 1042 2277 1129 reliquum

442 1148 538 1228 (2)
590 1146 1025 1232 „Reliquum”
1074 1156 1224 1213 sunt
1272 1150 1384 1232 qui
1435 1148 1915 1234 „reliquorum”
1965 1152 2315 1236 accipiunt,
2365 1156 2440 1216 ut
2479 1154 2563 1216 sit
2602 1174 2736 1217 sen-

350 1272 493 1320 sus:
553 1254 628 1319 de
673 1254 791 1319 hac
838 1254 1055 1319 fabula
1101 1256 1340 1320 sumite
1388 1257 1699 1339 speciem,
1750 1262 1827 1320 ut
1873 1258 2088 1321 sciatis
2135 1278 2214 1321 an
2262 1264 2504 1324 ceterae
2552 1260 2738 1324 vobis

351 1361 727 1445 spectandae
790 1362 948 1438 sint;
1012 1381 1162 1425 nam
1225 1361 1640 1446 postmodum
1702 1362 1860 1427 dicit
1919 1364 1985 1427 in
2049 1362 2174 1428 alio
2222 1363 2488 1450 prologo
2541 1364 2737 1443 „alias

350 1467 675 1551 cognostis
738 1468 909 1543 eius,
976 1488 1209 1551 quaeso
1273 1467 1437 1532 hanc
1497 1470 1860 1553 cognoscite
1925 1468 2108 1548 (Hec.
2174 1470 2335 1555 prol.
2387 1470 2418 1534 I
2465 1470 2553 1551 8).

352 1572 447 1653 (3)
500 1572 935 1658 „Reliquum”
986 1576 1166 1658 quasi
1214 1574 1451 1639 diceret
1504 1574 2012 1659 „postremum'’,
2063 1582 2158 1640 est
2205 1598 2356 1662 ergo
2406 1580 2586 1662 quasi
2634 1578 2739 1641 ad-

352 1681 681 1755 verbium,
746 1678 813 1743 id
874 1684 969 1743 est
1034 1681 1101 1742 τὸ
1169 1680 1397 1745 λοιπόν.
1538 1681 1633 1761 (4)
1684 1680 2122 1766 „Reliquum”
2173 1684 2310 1748 sive
2355 1684 2505 1748 hoc
2554 1682 2741 1747 reli-

352 1807 599 1871 quum
662 1784 820 1850 dicit
884 1788 1022 1851 sive
1088 1785 1497 1871 „reliquum”
1546 1808 1660 1871 pro
1708 1786 2266 1872 reliquorum,
2317 1792 2648 1875 geminata
2694 1813 2740 1855 u

355 1893 677 1957 scribitur.
2063 1970 2068 1973 Ι

448 1997 672 2063 Denuo
737 1997 897 2063 Don.
957 1999 1023 2061 in
1091 1997 1187 2078 (2)
1235 1998 1427 2063 refert
1476 1999 1633 2064 duas
1680 2002 2061 2078 sententias,
2111 2022 2389 2086 quorum
2435 2005 2572 2088 ipse
2620 2006 2744 2088 pri-

358 2123 535 2168 mam
582 2105 896 2168 nimirum
943 2102 1377 2188 amplectitur,
1425 2126 1577 2170 nam
1624 2105 1703 2171 de
1751 2127 1816 2171 se
1860 2108 1999 2191 ipse
2047 2130 2172 2173 non
2217 2108 2383 2173 dixit
2428 2117 2568 2174 sunt
2615 2110 2738 2195 qui.

358 2209 429 2275 Si
479 2215 698 2275 autem
747 2210 863 2275 hac
909 2210 1187 2276 formula
1231 2212 1543 2277 indicavit
1589 2212 1780 2277 Prob.
1829 2214 2037 2298 Aspr.‚
2085 2214 2153 2278 hi
2201 2220 2512 2279 errarunt.

358 2314 575 2381 Schol.
644 2314 740 2396 (3)
802 2336 1097 2401 pugnans
1160 2338 1309 2382 cum
1371 2317 1471 2399 (2)
1514 2317 1768 2382 Editori
1813 2318 2094 2383 dandum
2143 2324 2258 2383 est.
2397 2320 2470 2384 In
2518 2320 2614 2402 (4)
2661 2321 2740 2386 D.

355 2421 631 2514 refutare
679 2422 939 2488 videtur
986 2445 1128 2501 coe,
1178 2426 1289 2508 qui
1336 2424 1693 2489 scribebant
1741 2423 2143 2509 reliqum,
2195 2446 2320 2509 qua
2367 2427 2442 2492 de
2487 2448 2554 2491 re
2595 2428 2743 2493 vide

355 2526 596 2593 librum
636 2551 857 2595 meum
899 2528 975 2595 de
1015 2529 1544 2595 Pronuntiatione
1580 2529 1782 2596 litter.
1833 2531 2042 2596 Latin.
2084 2555 2145 2617 p.
2192 2531 2320 2597 150
2348 2554 2461 2618 sq.,
2511 2534 2623 2599 ubi
2665 2537 2745 2600 ci·

354 2772 763 2839 ‚vermittelungf’
808 2775 1035 2825 Ceterum
1070 2774 1184 2838 quid
1221 2774 1454 2841 scriptum
1489 2776 1527 2824 P
1547 2774 1663 2824 nob
1684 2791 1754 2825 us
1789 2774 2042 2839 reliquerit
2075 2791 2170 2825 non
2206 2776 2299 2825 nisi
2333 2792 2454 2840 vaga
2487 2784 2743 2842 supersunt

354 2855 544 2906 indicia.
584 2859 622 2907 A
642 2873 710 2922 sp
730 2873 796 2906 er
831 2856 1000 2906 vixisse
1034 2857 1229 2907 videtur
1262 2860 1372 2907 ante
1407 2857 1590 2907 Iulium
1619 2858 1906 2917 Romanum,
1940 2857 2074 2907 cuius
2108 2862 2236 2907 aetas
2270 2858 2478 2907 refertur
2511 2860 2655 2924 vulgo
2684 2861 2742 2909 ad

359 2940 555 2989 tertium
605 2940 859 2989 saeculum.
914 2940 1017 2988 Iam
1064 2940 1104 2988 si
1151 2940 1235 2989 ille
1281 2940 1425 2989 Probi
1458 2941 1635 3005 scripta
1672 2956 1904 3007 usurpare
1938 2941 2112 3005 potuit,
2147 2941 2313 3005 quidni
2349 2943 2492 2992 etiam
2531 2945 2746 2993 Donatus

358 3024 515 3073 medio
549 3022 734 3072 saeculo
769 3024 975 3088 quarto?
1009 3022 1325 3072 Perierantne
1356 3023 1555 3082 interea,
1590 3038 1650 3071 an
1685 3023 1852 3072 Aelius
1886 3022 2122 3083 Donatus,
2158 3023 2481 3074 nobilissimus
2513 3042 2750 3090 gramma-

358 3106 498 3166 ticus,
545 3121 641 3154 non
684 3105 726 3154 is
774 3108 894 3164 erat,
937 3105 1020 3169 qui
1056 3104 1182 3169 ipsas
1214 3104 1337 3153 artis
1370 3120 1480 3154 suae
1513 3104 1668 3153 fontes
1704 3105 1859 3154 adiret
1893 3122 1918 3153 e
1956 3106 2218 3170 rivulisque
2253 3107 2518 3157 doctrinam
2553 3109 2748 3159 haurire

360 3188 561 3239 mallet?
611 3188 746 3253 Ipsos
790 3191 949 3237 autem
984 3188 1071 3236 hos
1106 3187 1287 3236 rivulos
1320 3187 1416 3235 iam
1451 3186 1631 3236 tirones
1665 3191 1771 3237 tum
1805 3188 1976 3237 adiisse
2010 3192 2178 3237 auctor
2211 3193 2282 3238 est
2315 3190 2746 3255 Hieronymus

360 3272 467 3321 adv,
502 3271 663 3319 Rufln.
700 3269 724 3317 I
765 3270 841 3329 15,
879 3270 1013 3319 cuius
1048 3269 1191 3318 verba
1227 3269 1372 3334 digna
1408 3274 1520 3318 sunt
1553 3285 1673 3333 quae
1708 3270 1897 3333 integra
1930 3270 2285 3321 describantur:
2336 3274 2499 3322 ‚Num
2535 3274 2748 3325 diversae

363 3352 805 3418 ‚interpretationis
839 3361 887 3401 et
920 3352 1274 3402 contrariorum
1308 3352 1438 3402 inter
1472 3367 1520 3400 se
1555 3368 1778 3402 sensuum
1817 3352 2061 3402 tenebitur
2095 3369 2218 3412 reus,
2255 3355 2335 3417 qui
2373 3354 2423 3403 in
2461 3372 2555 3405 uno
2585 3374 2744 3423 opere,

365 3437 517 3500 ‚quod
555 3435 787 3494 edisserit,
840 3435 1157 3500 expositiones
1191 3435 1405 3500 posuerit
1438 3434 1793 3499 plurimorum?
1839 3436 1963 3484 Puto
2000 3436 2124 3499 quod
2160 3452 2279 3501 puer
2314 3438 2486 3501 legeris
2521 3440 2662 3505 Aspri
2698 3442 2746 3489 in

364 3517 660 3582 ‚Vergilium
707 3520 755 3566 et
798 3518 1079 3566 Sallustium
1126 3517 1527 3576 Commentarios,
1575 3517 1785 3566 Vulcatii
1833 3519 1968 3579 (saec.
2007 3517 2085 3580 3⁰)
2131 3518 2180 3567 in
2218 3520 2455 3587 orationes
2489 3521 2748 3581 Ciceronis,

366 3600 635 3651 ‚Victorini
679 3600 731 3649 in
776 3600 989 3663 dialogos
1025 3600 1142 3657 eius,
1178 3602 1228 3647 et
1260 3598 1311 3648 in
1347 3598 1561 3647 Terentii
1594 3600 1860 3649 comoedias
1896 3600 2215 3665 praeceptoris
2248 3602 2342 3651 mei
2379 3591 2570 3663 Dona‘ti,
2604 3620 2750 3669 aeque

365 3684 445 3733 uin
494 3682 774 3746 Vergilium,
824 3685 872 3731 et
916 3681 1122 3731 aliorum
1158 3682 1208 3730 in
1243 3681 1362 3731 alios
1396 3681 1625 3731 Plautum
1659 3681 1897 3741 videlieet,
1932 3683 2223 3742 Lucretium,
2258 3684 2498 3746 Flaccum,
2531 3686 2750 3737 Persium

365 3770 536 3831 ‚atque
587 3766 848 3816 Lucanum.
900 3767 1061 3829 Argue
1115 3764 1402 3829 interpretes
1450 3780 1631 3823 eorum,
1678 3780 1827 3829 quare
1874 3781 1969 3814 non
2007 3781 2150 3816 unam
2185 3767 2566 3831 explanationem
2603 3771 2751 3819 secuti

369 3847 494 3897 ‚sint
527 3851 574 3896 et
608 3847 660 3897 in
693 3847 856 3896 eadem
894 3862 944 3895 re
978 3847 1093 3911 quid
1129 3845 1205 3895 vel
1240 3845 1328 3894 sibi
1365 3846 1440 3895 vel
1473 3846 1582 3895 aliis
1618 3847 1837 3896 videatur
1871 3846 2199 3900 enumerent”.

430 3929 659 3979 Notabile
702 3932 775 3978 est
822 3929 1173 3993 Hieronymum
1210 3928 1578 3978 commentarios
1612 3929 1662 3978 in
1703 3929 1928 3980 Plautum
1963 3933 2238 3995 ceterosque
2271 3933 2374 3981 sine
2418 3934 2626 3983 auctoris
2671 3951 2754 3984 no-

365 4011 493 4061 mine
543 4026 951 4061 commemorasse.
998 4010 1214 4060 Fuerunt
1260 4026 1429 4076 nempe
1476 4011 1560 4067 qui
1607 4018 1805 4077 propter
1839 4012 2166 4062 testimonium
2201 4015 2416 4063 anecdoti
2453 4016 2659 4065 Parisini
2696 4019 2753 4066 de

364 4094 491 4144 notis
525 4110 552 4142 a
590 4094 782 4143 Valerio
816 4092 972 4142 Probo
1014 4093 1245 4158 Vergilio,
1282 4094 1508 4152 Horatio,
1545 4095 1768 4143 Lucretio
1803 4095 2047 4160 appositis,
2082 4112 2190 4145 enm
2227 4100 2275 4146 et
2311 4098 2396 4146 hos
2429 4102 2477 4147 et
2507 4099 2750 4160 Plautum,

366 4176 581 4225 Persium
635 4179 777 4240 atque
829 4176 1073 4225 Lucanum
1126 4176 1327 4224 edidisse
1376 4176 1622 4225 crederent
1673 4176 1752 4239 (cf.
1788 4178 2052 4225 Schanz
2089 4178 2156 4226 H.
2195 4179 2247 4227 L.
2285 4180 2343 4227 R.
2381 4179 2432 4227 II
2469 4180 2498 4227 2
2534 4197 2581 4245 p.
2620 4182 2750 4244 3:39).

364 4258 655 4307 Prudentius
707 4258 764 4306 de
816 4257 961 4307 Probi
1013 4274 1155 4323 opera
1200 4258 1425 4307 disseruit
1470 4259 1748 4308 Wessnerus
1792 4276 1837 4324 p.
1885 4260 1946 4307 19
1979 4275 2047 4324 sq.
2100 4277 2196 4310 nou
2242 4262 2384 4311 nimis
2435 4263 2677 4313 discedens
2726 4281 2753 4313 a

362 4342 395 4389 S
418 4340 695 4390 uetonii
730 4340 1006 4390 testimonio
1039 4340 1197 4403 (Reiff.
1230 4357 1275 4405 p.
1316 4341 1456 4404 118)=
1499 4341 1776 4406 ‚multaque
1811 4340 2098 4407 exemplaria
2131 4347 2376 4393 contracta
2410 4347 2662 4395 emendare
2699 4363 2754 4397 ac

360 4420 654 4486 distinguere
702 4426 752 4470 et
801 4422 1030 4470 adnotare
1080 4422 1386 4473 curavit‘...
1422 4422 1565 4472 nimis
1615 4439 1766 4489 pauca
1815 4427 1866 4472 et
1914 4424 2083 4487 exigua
2131 4425 2188 4473 de
2238 4424 2518 4489 quibusdam
2556 4428 2756 4479 minutis

364 4503 735 4568 quaestiunculis
780 4501 951 4553 edidit:
1007 4503 1205 4567 reliquit
1251 4508 1411 4555 autem
1450 4521 1545 4556 non
1582 4506 1867 4556 mediocrem
1899 4506 2067 4555 silvam
2103 4507 2488 4559 observationum
2522 4512 2755 4563 sermonis

366 4582 603 4650 antiqui’'.
