3392 5384
690 404 825 470 394
1559 420 2209 469 onsnnvxrwncnnan

684 612 805 654 non
868 596 956 655 est
1016 596 1085 653 ut
1143 591 1251 653 hoc
1309 588 1505 652 edicto
1570 593 1863 665 tenea-tur,
1929 609 2056 649 cum
2102 586 2170 648 in
2214 587 2322 649 hoc
2369 587 2558 651 edicto
2605 588 2734 651 doli
2780 590 2934 652 mali
2961 592 3094 672 fiat

680 696 916 761 mentio,
975 698 1241 761 Ceterum
1270 694 1320 777 ¹)
1368 695 1485 759 erit
1533 694 1920 757 interdictum.
1966 699 2023 755 et
2050 714 2168 777 per
2203 700 2627 775 procuratores
2668 695 2940 775 litiqare,
2987 698 3092 761 do-

683 802 867 867 mr'azio
896 800 946 884 2)
984 801 1050 865 in
1092 824 1186 865 eos
1226 800 1663 887 [plerumque]
1707 820 1782 863 ex
1821 802 1993 864 iusta
2033 798 2102 880 (l.
2128 799 2433 881 fiduciae)
2475 822 2655 863 causa
2681 802 2984 865 translato
3017 801 3090 882 3).

684 907 843 987 Sed,
910 910 1207 993 quamvis
1271 928 1371 973 res
1438 906 1660 971 fraude
1724 912 1966 983 careat,
2030 912 2248 969 tamen
2309 908 2378 969 in
2434 909 2798 991 captionem
2843 908 3091 973 incidet

683 1017 1119 1093 adversariae,
1186 1017 1334 1100 quia
1398 1011 1566 1077 nihil
1630 1012 1929 1097 prohibet
1987 1014 2267 1096 priorem
2317 1012 2690 1091 dominum,
2741 1017 3090 1099 quominus

680 1126 921 1187 iterum
987 1122 1063 1187 de
1126 1122 1515 1205 proprietate
1580 1121 1948 1204 experiatur
1965 1140 1982 1197 ;
2040 1139 2189 1182 nam
2240 1120 2304 1183 et
2349 1119 2544 1185 habet
2588 1122 2656 1183 in
2703 1142 2839 1185 rem
2890 1124 3088 1185 actio-

686 1250 836 1293 nem
864 1226 934 1310 4),
999 1249 1111 1293 nec
1161 1225 1415 1312 repellit
1462 1246 1613 1290 eum
1660 1227 1949 1310 exceptio
1995 1227 2088 1289 rei
2132 1223 2456 1290 iudicatae
2503 1225 2609 1291 vel
2651 1229 2720 1291 in
2765 1226 3085 1291 iudicium

687 1334 995 1398 deductae
1058 1354 1136 1397 ex
1200 1352 1466 1416 persona
1528 1332 1928 1395 successoris,
2001 1330 2119 1394 Est
2167 1338 2386 1395 autem
2433 1352 2622 1395 causa
2667 1332 3086 1410 κακονομίας,

588 1458 591 1463 ’
686 1439 857 1525 quod
904 1438 1181 1503 Romani
1228 1440 1571 1502 remittunt
1610 1436 1872 1521 quidem
1913 1440 2312 1521 procuratori
2351 1438 2838 1503 satisdationem
2876 1444 3086 1504 ratam

684 1567 825 1611 rem
888 1545 1144 1623 haberi,
1210 1565 1412 1630 quum
1478 1548 1726 1609 certum
1792 1550 1922 1621 est,
1985 1564 2122 1608 rem
2187 1546 2255 1607 in
2301 1544 2619 1609 iudicium
2667 1544 2897 1610 deduci
2913 1566 2930 1623 3
2973 1546 3086 1611 sed

681 1673 808 1717 non
872 1654 1144 1737 exigunt
1206 1649 1595 1737 generaliter
1657 1672 1693 1715 a
1757 1671 2194 1735 quocumque,
2261 1650 2336 1715 de
2401 1671 2526 1735 quo
2584 1654 2906 1717 incertum
2953 1658 3085 1731 est,

684 1765 907 1826 utrum
952 1780 1089 1825 rem
1138 1760 1201 1823 in
1248 1758 1565 1823 iudicium
1616 1756 1920 1835 deducat3
1971 1756 2180 1842 qualis
2221 1763 2318 1821 est
2357 1763 2544 1822 vetus
2586 1757 2918 1837 dominuS,
2959 1763 3088 1825 nisi

684 1869 751 1932 in
792 1868 1149 1951 praesentia
1190 1868 1275 1930 sit
1313 1886 1635 1929 successor
1660 1864 1733 1945 ⁵),
1776 1885 1979 1929 novus
2023 1870 2240 1928 autem
2281 1864 2582 1933 ,dominus
2609 1865 2982 1931 omnimodo
3009 1864 3081 1947 ⁰).

685 1972 783 2037 Ex
847 1971 1096 2037 diverso
1161 1992 1285 2035 non
1326 1971 1572 2048 .video‚
1639 1970 2057 2055 quamobrem
2121 1969 2197 2034 de
2262 1976 2400 2035 rato
2449 1992 2672 2037 cavere
2719 1971 2943 2037 debeat
2989 1994 3086 2038 co-

624 2102 632 2111 ·
683 2079 905 2155 lonus,
976 2079 1086 2163 qui
1146 2083 1520 2163 propterea,
1570 2076 1740 2162 quod
1791 2076 2000 2139 lolium
2046 2083 2153 2139 aut
2198 2077 2556 2163 avenam-in
2609 2085 2848 2159 seyetem
2894 2086 3076 2143 su‘am

684 2185 985 2265 iniec-eris,
1057 2184 1362 2251 adversus
1424 2190 1487 2249 te
1549 2186 1617 2247 in
1681 2184 1925 2247 factum
1988 2185 2234 2247 actione
2299 2183 2374 2248 de
2434 2204 2548 2248 suo
2613 2183 2843 2249 damno
2905 2186 3082 2271 agit,

686 2294 904 2378 itaque
964 2290 1239 2357 libenter
1298 2290 1577 2378 Ulpiano
1607 2289 1660 2367 7)
1723 2289 2153 2354 abiudicarem
2215 2290 2404 2355 haec:
2469 2297 2526 2353 et
2570 2291 2626 2353 si
2673 2291 2912 2355 colonus
2958 2314 3082 2355 eam

689 2399 956 2463 exercuit
983 2398 1054 2480 Β),
1128 2420 1333 2462 cavere
1403 2421 1532 2461 eum
1599 2398 1808 2461 debere
1866 2397 2136 2479 &amplius
2199 2418 2316 2459 non.
2377 2398 2496 2477 aqi,
2558 2397 2789 2460 scilicet
2847 2419 2924 2461 ne
2981 2399 3082 2461 do-

686 2505 884 2569 minus
968 2505 1229 2589 amplius
1316 2504 1627 2589 inquietet.
1715 2502 1870 2581 Sed,
1945 2503 2114 2568 unde
2186 2503 2457 2589 digressi
2529 2525 2791 2581 sumus,
2863 2524 2938 2568 eo
3005 2510 3080 2568 ut

688 2611 1057 2691 redeamus,
1110 2648 1197 2660 —-
1246 2610 1635 2696 quantulum
1698 2616 1830 2688 est,
1895 2610 2063 2694 quod
2126 2616 2548 2694 peccaverunt
2594 2609 2888 2675 Romani·
2917 2613 3080 2675 circa

688 2718 763 2783 de
824 2724 961 2783 rato
1024 2720 1419 2795 cautionem,
1486 2720 1539 2781 si
1602 2718 1745 2801 quis
1805 2716 2183 2795 contulerit,
2236 2718 2390 2801 quid
2436 2718 2502 2780 in
2551 2718 2672 2781 hoc
2718 2719 2857 2803 ipso
2906 2720 3080 2782 satis·

687 2824 1018 2890 dationum
1085 2845 1319 2911 genere
1380 2825 1786 2908 peccaverint
1833 2826 1986 2888 novi
2033 2823 2256 2910 legum
2306 2823 2574 2901 latores,
2624 2823 2778 2888 dum
2827 2824 3082 2889 confun-

684 2922 847 2995 dunt
877 2932 1028 2994 'iura
1062 2932 1471 3016 cognitorum
1502 2930 1839 3009 (Anwc'ilte)
1867 2934 1930 2993 et
1953 2935 2440 3014 procuratorum
2469 2930 3079 3011 (Bevollmc'icktiytc),

682 3057 844 3121 quos
891 3036 1115 3103 iubent
1164 3036 1336 3101 idem
1384 3057 1516 3101 esse
1544 3034 1616 3117 ⁹),
1665 3057 1790 3100 non
1837 3041 2203 3123 perspecte,
2255 3042 2570 3121 quantum
2613 3039 2870 3101 intersit
2914 3039 3081 3102 inter

749 3333 802 3397 1)
839 3332 935 3379 Pro
968 3330 1195 3395 alioquin,
1233 3332 1288 3379 ut
1322 3328 1523 3394 saepius.
1563 3329 1638 3377 Cf.
1675 3328 1856 3387 Noodt,
1895 3326 2092 3376 Observ.
2129 3327 2183 3375 ΙΙ
2221 3329 2299 3377 14.

747 3414 803 3477 2)
850 3412 973 3462 Lici,
1021 3411 1301 3476 dominium·
1339 3410 1570 3475 intelligit
1618 3408 1770 3458 Faber
1815 3410 1888 3473 (in
1928 3408 2294 3471 Rationalibus),
2341 3409 2502 3474 itaque
2537 3409 2767 3459 cancellat
2789 3414 3080 3477 plerumque,

678 3510 825 3561 quum
876 3494 1057 3543 scilicet
1092 3493 1194 3542 fleri
1230 3508 1326 3541 non
1361 3492 1526 3557 possit,
1560 3492 1677 3555 quin
1713 3491 1816 3540 litis
1850 3491 2072 3540 dominus
2107 3494 2392 3555 procurator
2428 3492 2617 3541 existat.
2653 3493 2780 3543 Liris
2815 3495 3078 3545 dominium

678 3576 913 3640 intelligit
958 3592 1147 3640 quoque
1183 3574 1714 3637 Bethmann-Hollweg,
1761 3574 1992 3623 Versuche
2027 3574 2202 3638 (1827)
2236 3591 2280 3638 p.
2321 3574 2500 3633 15617ς
2547 3574 2730 3624 salvum
2767 3576 3079 3627 nihilominus

678 3660 757 3709 hic
802 3659 934 3723 cupit
977 3660 1263 3721 plerumque,
1314 3657 1439 3721 quod
1486 3656 1553 3705 sic
1598 3658 1975 3720 iuterpretatur:
2029 3672 2123 3705 non
2169 3656 2271 3705 sine
2317 3657 2442 3705 iusta
2488 3673 2628 3705 causa
2661 3658 2814 3707 solere
2851 3661 3078 3709 constitui

678 3744 1014 3807 procuratores
1044 3740 1095 3789 in
1124 3754 1296 3802 eosque
1327 3738 1428 3787 litis
1456 3738 1721 3787 dominium
1744 3738 2019 3793 transferri.
2057 3738 2265 3803 Reponit
2295 3738 2484 3802 quidem
2505 3755 2592 3803 pro
2623 3741 2853 3791 dominio:
2884 3742 3079 3792 indicio.

749 3826 803 3887 3)
854 3824 925 3871 De
959 3821 1148 3887 fiducia
1195 3820 1488 3884 cogitaverat
1532 3819 2049 3883 Bethmann·Hollweg
2085 3820 2216 3884 (1⁴1.),
2263 3822 2342 3869 sed
2373 3820 2478 3869 ideo
2515 3821 2693 3881 omisit,
2727 3823 2840 3887 quia
2876 3824 2954 3872 vix
2990 3828 3078 3885 est,

678 3909 732 3954 ut
769 3907 1048 3969 plerumque
1082 3918 1189 3953 cum
1226 3905 1536 3967 procuratore
1572 3901 1742 3949 fiducia
1780 3901 2116 3951 intercesserit.
2151 3904 2326 3951 Nonne
2354 3902 2506 3966 igitur
2527 3905 2798 3969 plerumque
2823 3906 3080 3967 significari

676 3991 834 4053 potest
886 3986 1161 4036 interdum?
1217 3985 1425 4033 Videtur
1477 3984 1671 4049 quidem
1716 3986 1996 4048 plerumque
2041 3985 2300 4034 insititiam
2347 4002 2461 4045 esse,
2507 4002 2640 4035 mens
2688 3991 2846 4037 autem
2881 3990 3079 4053 Ulpiani

677 4070 819 4119 haec:
868 4069 1039 4119 efficiet
1068 4068 1269 4117 dominii
1304 4067 1558 4116 translatio
1592 4066 1642 4116 in
1679 4077 2055 4131 procuratorem,
2094 4084 2151 4117 ne
2187 4067 2337 4133 possit
2370 4083 2456 4132 per
2487 4072 2849 4132 procuratorem
2877 4071 3080 4135 litigari,

678 4152 771 4201 nisi
804 4151 1075 4201 iurisdictio
1112 4150 1477 4223 temperabitur.

744 4236 802 4299 4)
839 4235 910 4283 Cf.
946 4233 1165 4299 superius
1199 4238 1343 4297 caput
1378 4222 1529 4280 LXII.
2213 4234 2266 4296 5)
2303 4234 2357 4281 L.
2395 4234 2459 4281 62
2497 4235 2555 4282 D.
2591 4235 2740 4283 421.

746 4317 1141 4380 6)1.9§21).
1184 4317 1335 4364 44.2.
2211 4314 2845 4379 7)1,.27§14o.9.2.

742 4399 797 4461 8)
835 4398 1016 4462 Quodsi
1051 4413 1161 4446 cum
1200 4397 1409 4461 genuino
1444 4396 1656 4461 Ulpiano
1692 4412 1768 4444 res
1802 4400 1890 4456 est,
1924 4398 2250 4461 reponendum
2281 4413 2472 4447 censeo:
2509 4399 2756 4448 exercebit.

742 4478 800 4544 9)
848 4479 1041 4527 Novum
1074 4492 1285 4526 errorem
1321 4477 1371 4526 in
1411 4484 1619 4527 veterem
1655 4477 1905 4527 historiam
1946 4477 2132 4528 invexit
2170 4477 2402 4538 Wlassak,
2437 4496 2480 4529 z.
2521 4480 2682 4530 Gesch.
2718 4482 2805 4531 der
2841 4482 3073 4545 Cognitur

668 4560 838 4621 (1893)
870 4577 903 4626 p
955 4560 1044 4608 222
1087 4558 1426 4623 ηΟοφιίίον-ση,
1464 4561 1824 4609 Procuratorem
1861 4560 1964 4608 und
1993 4560 2204 4623 ander-(e)
2243 4560 2512 4619 Ansoc'ilte'K
