3392 5384
1421 421 1699 472 s'rmus.
2586 404 2716 470 135

421 591 509 654 At
548 610 750 675 neque
788 595 949 652 rotat
985 610 1190 674 neque
1228 589 1383 670 reqit
1418 587 1552 654 ullo
1606 588 1792 653 modo
1831 588 1935 653 hic
1974 587 2125 653 ferri
2160 609 2345 673 posse
2383 587 2714 654 contendo·

326 693 533 763 Cuius
569 697 743 762 enim
780 715 1074 761 recursus
1111 697 1203 760 ita
1244 692 1484 760 Chiron
1522 697 1657 761 sive
1698 699 1908 759 rotare
1948 696 2084 760 sive
2129 714 2350 780 regere
2396 696 2717 760 existima-

323 799 480 867 tur?
541 799 826 868 Suosne?
888 803 976 866 At
1017 801 1305 866 nondum
1350 804 1723 880 revertitur,
1770 821 1920 864 nam
1967 804 2190 885 postea
2236 803 2432 866 etiam
2480 799 2714 864 Thetin

320 907 662 992 filiumque
707 909 836 972 iam
883 926 1077 992 prope
1123 905 1395 972 latentes
1442 910 1847 992 prospectare
1894 905 2131 970 dicitur
2178 911 2368 990 atque
2407 907 2712 970 acerrime

317 1018 688 1098 repugnant
738 1012 933 1077 verba
977 1033 1218 1076 securus
1252 1012 1485 1094 pelaqi.
1534 1012 1634 1076 An
1681 1010 1989 1076 Thetidos
2031 1008 2337 1096 natique?
2385 1012 2472 1075 At
2518 1009 2715 1075 credi-

317 1116 455 1182 bile
492 1138 620 1182 non
657 1122 785 1194 est,
829 1137 980 1182 eum
1020 1116 1288 1182 illorum
1326 1117 1577 1182 abitum
1618 1136 1987 1203 properasse
2027 1137 2183 1202 quos
2209 1136 2403 1200 quam
2428 1118 2711 1182 maxime

318 1243 542 1288 secum
607 1221 835 1288 habere
897 1220 1127 1289 vellet:
1201 1226 1368 1288 certe
1429 1223 1764 1308 epitheton
1825 1223 2042 1286 celeres
2105 1221 2293 1307 plane
2357 1221 2708 1287 absurdum

321 1333 509 1394 esset.

413 1432 627 1500 Codex
685 1433 1024 1499 Etonensis
1080 1436 1297 1518 ipsum
1345 1432 1618 1499 verbum
1664 1433 1957 1512 exhibet,
2009 1433 2180 1519 quod
2225 1432 2351 1498 loci
2396 1435 2710 1498 sententia

317 1539 660 1605 desiderat.
726 1537 965 1606 Chiron
1027 1542 1202 1605 enim
1251 1539 1486 1605 Thetin
1533 1561 1682 1605 cum
1732 1537 1984 1604 Achille
2031 1538 2452 1605 discessuram
2498 1559 2709 1624 prose-

315 1648 544 1730 quitur
587 1649 776 1731 atque
822 1645 979 1710 dum
1025 1666 1227 1731 usque
1277 1645 1585 1732 efflagitat
1632 1651 1709 1710 ut
1755 1643 2045 1710 celeriter
2091 1666 2241 1709 cum
2290 1643 2551 1710 alumno
2591 1666 2707 1710 suo

315 1750 400 1816 ad
462 1772 528 1816 se
589 1755 873 1816 recurrat
919 1754 1056 1817 sive
1102 1755 1484 1829 revertatur,
1532 1750 1636 1817 vel
1682 1753 1965 1816 marinas
2011 1750 2213 1816 undas
2258 1749 2353 1814 nil
2396 1757 2706 1817 moratur.

311 1856 594 1924 Omnino
637 1859 846 1944 igitur
891 1857 1297 1924 scribendum
1341 1858 1601 1922 videtur
1645 1857 1834 1938 νομαῖς
1884 1855 1981 1923 Cf.
2031 1854 2148 1923 Ov.
2197 1855 2352 1922 Her.
2398 1855 2459 1921 6.
2488 1854 2610 1920 59:

587 1963 958 2041 Abstrahor,
999 1961 1399 2050 Hypsipyle,
1441 1963 1550 2028 sed
1589 1962 1741 2028 dent
1779 1962 1967 2038 modo
2000 1963 2133 2028 fata
2169 1981 2586 2040 recursus,

677 2071 783 2136 vir
827 2073 981 2134 tuus
1026 2069 1178 2134 hinc
1225 2070 1418 2147 abeo,
1464 2071 1567 2134 vir
1613 2069 1739 2134 tibi
1783 2089 2037 2154 semper
2082 2065 2223 2150 ero!

399 2281 750 2347 Deidamea
794 2286 1112 2366 quantum
1151 2303 1395 2347 sorores
1433 2301 1580 2348 suas
1622 2281 2103 2368 pulchritudine
2142 2289 2433 2369 superet,
2476 2283 2702 2352 descri-

306 2389 491 2453 bitur
535 2389 663 2452 ita:

399 2490 534 2560 297
580 2492 757 2558 illius
804 2497 868 2558 et
915 2514 1092 2559 roseo
1140 2493 1513 2559 flammatur
1556 2515 1844 2580 purpura
1889 2483 2085 2562 uultu

583 2605 646 2664 et
690 2601 971 2685 gemmis
1014 2599 1130 2664 lux
1176 2601 1381 2665 maior
1423 2602 1592 2666 inest
1638 2605 1704 2666 et
1750 2600 2047 2667 blandius
2095 2623 2364 2668 aurum:

581 2709 769 2790 atque
813 2707 940 2790 ipsi
985 2725 1101 2791 par
1147 2705 1352 2772 forma
1396 2705 1549 2772 deae
1593 2711 1719 2784 est,
1769 2710 1824 2772 si
1869 2711 2143 2794 pectoris
2190 2712 2422 2796 anguis
2488 2783 2499 2792 ‚

576 2822 771 2897 ponat
815 2816 881 2876 et
927 2817 1222 2897 exempta
1267 2815 1528 2896 pacetur
1573 2813 1816 2878 casside
1864 2813 2109 2881 vultus.

297 2917 452 2982 Non
511 2915 742 2981 inutile
787 2915 1044 2982 videtur
1090 2937 1381 2996 monere,
1433 2938 1694 2982 versum
1741 2921 2031 3004 primum
2076 2919 2245 2987 male
2292 2925 2459 2988 verti
2506 2929 2581 2989 ut
2624 2927 2689 2990 in

300 3019 573 3108 Georgii
629 3022 834 3088 lexico
896 3043 944 3087 s.
983 3043 1045 3088 v.
1085 3025 1333 3106 flammo
1378 3027 1443 3089 et
1479 3012 1566 3089 'ab
1616 3023 1762 3090 aliis
1810 3025 2075 3091 fortasse
2122 3009 2434 3094 vertitur:
2486 3031 2689 3109 „Pur-

298 3129 608 3212 purrothe
667 3128 1044 3193 entbrannte
1105 3129 1225 3194 auf
1273 3129 1486 3195 ihrem
1550 3127 1883 3196 Gesicht.''
1945 3131 2346 3199 Vocabulum
2403 3159 2689 3220 purpura

295 3253 431 3297 non
491 3233 568 3298 ad
613 3235 890 3319 virg-inis
937 3233 1166 3299 faciem
1211 3234 1320 3299 sed
1368 3233 1448 3299 ad
1491 3242 1743 3301 vestem
1788 3237 2191 3304 referendum
2237 3245 2335 3305 est-
2352 3261 2369 3320 ;
2418 3245 2519 3306 sin
2566 3246 2685 3308 mi-

295 3355 460 3416 nus,
520 3338 909 3405 abundantia
969 3341 1206 3418 nimia,
1269 3342 1472 3405 immo
1534 3342 1750 3426 inepte
1812 3348 1997 3428 poeta
2056 3343 2330 3422 diceret,
2378 3349 2448 3424 in
2493 3347 2687 3414 vultu

297 3447 442 3510 eius
499 3465 899 3530 purpureum
944 3443 1223 3512 colorem
1269 3446 1590 3512 flammari
1634 3468 1818 3513 roseo
1863 3447 2069 3514 colore
2113 3471 2318 3536 neque
2364 3473 2685 3539 compara-

297 3553 454 3616 tivis
499 3552 689 3615 maior
731 3558 798 3617 et
843 3551 1122 3615 blandius
1165 3555 1338 3618 iusta
1384 3555 1484 3619 vis
1529 3555 1786 3619 inesset.
1836 3553 1930 3621 De
1976 3557 2116 3641 ipsa
2158 3556 2367 3624 forma
2410 3562 2684 3650 virginis

297 3661 486 3740 poeta
545 3656 807 3722 demum
869 3656 1155 3742 loquitur
1215 3679 1406 3724 versu
1453 3657 1587 3723 299
1637 3696 1723 3707 —
1773 3660 2063 3727 versibus
2109 3683 2263 3728 vero
2304 3663 2437 3732 297
2463 3687 2556 3751 sq.
2606 3666 2682 3732 de

294 3761 478 3826 cultu
517 3765 655 3827 eius
691 3767 948 3827 tantum
987 3785 1197 3829 sermo
1235 3757 1364 3828 est:
1409 3786 1575 3828 roseo
1611 3765 1786 3829 vultu
1824 3771 2043 3852 autem
2068 3767 2432 3835 ablativum
2458 3791 2681 3838 causae

298 3888 432 3932 esse
493 3867 634 3933 dico
695 3873 831 3933 tam
893 3868 972 3933 ad
1029 3869 1273 3950 gemmis
1320 3870 1428 3932 lux
1470 3870 1662 3934 maior
1710 3871 1866 3937 inest
1910 3878 1976 3937 et
2021 3873 2100 3938 ad
2144 3875 2426 3940 blandius
2468 3900 2680 3942 aurum

297 3979 412 4052 (est
464 3979 578 4054 sc.)
640 3995 834 4058 quam
897 3975 976 4040 ad
1022 3977 1380 4058 flammatur
1429 3999 1714 4060 purpura
1776 3981 2222 4065 pertinentem.
2296 3982 2402 4049 Sic
2463 3983 2677 4050 locum

295 4077 572 4164 explica:
633 4078 814 4144 illius
874 4101 1058 4146 roseo
1119 4080 1313 4147 vultu
1360 4089 1434 4147 ct
1470 4104 1757 4170 purpura
1804 4088 2005 4152 vestis
2051 4090 2263 4173 magis
2307 4073 2679 4156 flammatur

295 4189 362 4248 et
416 4204 713 4270 gemmae
776 4189 985 4273 magis
1044 4187 1266 4253 lucent
1329 4196 1394 4253 et
1447 4209 1683 4255 aurum
1730 4190 2017 4276 splendet
2063 4196 2295 4280 magis,
2344 4215 2431 4260 sc.
2482 4217 2675 4282 quam

295 4309 603 4357 sororum.
652 4289 953 4358 Ceterum
1001 4293 1081 4358 ad
1129 4293 1253 4375 ipsi
1279 4332 1364 4342 —
1392 4296 1539 4359 deae
1582 4298 1648 4360 in
1694 4316 1790 4361 vs.
1842 4295 1973 4362 299
2022 4299 2099 4364 cf.
2153 4320 2242 4366 vs.
2294 4299 2461 4368 809:

560 4416 718 4480 quas
763 4398 885 4462 tibi
930 4399 1190 4465 sidereis
1240 4399 1537 4466 divarum
1583 4400 1875 4468 vultibus
1919 4423 2150 4489 aequas

561 4501 690 4568 fors
737 4501 931 4569 dedit.
1127 4501 1134 4508 ’
