3392 5384
653 419 783 487 164
1661 443 2038 493 remorum.

646 604 821 670 Haec
878 625 1029 670 cum
1092 604 1238 671 aliis
1293 607 1677 692 quibusdam
1727 607 1885 674 olim
1934 609 2334 695 disputarem
2380 610 2446 674 in
2494 610 3034 675 commentatione

644 710 919 796 quadam
968 732 1130 797 quae
1175 717 1328 778 tunc
1372 715 1439 777 in
1486 716 2024 800 paucissimorum
2071 716 2415 781 hominum
2456 736 2685 781 manus
2724 718 3036 802 pervenit,

641 817 786 896 sed,
858 817 1030 904 quod
1097 818 1393 885 lubenter
1460 841 1772 908 agnosce,
1846 821 2195 888 Schanzius
2262 824 2327 887 in
2403 823 2678 889 editione
2750 821 3038 888 Platonis

642 945 951 1011 perquam
996 925 1340 992 honorifice
1387 929 1513 992 mei
1564 931 1962 995 mentionem
2011 929 2183 995 fecit.
2433 931 2444 942 ’

733 1145 892 1213 Ibid.
959 1143 1089 1211 396
1108 1145 1188 1211 A.
1250 1146 1540 1213 Socrates
1596 1150 1813 1235 pergit
1879 1149 2086 1237 dicere
2146 1149 2315 1214 unde
2361 1148 2733 1214 deriventur
2779 1150 3042 1215 nomina

643 1250 921 1329 Orestis,
982 1253 1523 1339 Agamemnonis,
1574 1255 1790 1334 Atrei,
1838 1253 2135 1340 Pelopis,
2183 1254 2474 1334 Tantali,
2522 1253 2695 1320 Iovis
2745 1255 3040 1341 denique.

645 1361 942 1424 Φαίνεται
1012 1360 1075 1424 δὲ
1146 1361 1290 1438 καί,
1361 1363 1612 1446 inquit,
1686 1363 1800 1444 [τῷ
1868 1362 2054 1440 πατρὶ
2118 1364 2307 1427 αὐτοῦ
2373 1363 2718 1444 λεγομένῳ]
2783 1363 2864 1442 τῷ
2933 1361 3037 1424 Διὶ

642 1464 994 1542 παγκάλως
1059 1465 1128 1528 τὸ
1190 1463 1379 1544 ὄνομα.
1444 1468 1702 1531 κεῖσθαι.
1767 1467 1942 1548 Quae
2005 1470 2258 1534 uncinis
2319 1469 2560 1553 saepsi,
2613 1469 2909 1532 eiecerim
2959 1488 3040 1532 ne

638 1568 928 1636 Socrates
999 1571 1295 1637 videatur
1361 1572 1737 1638 contendere
1810 1575 2024 1638 minus
2094 1578 2266 1640 certo
2336 1578 2620 1638 constare
2691 1572 2768 1637 de
2837 1574 3040 1658 stirpe

638 1676 893 1742 Tantali
956 1699 1149 1763 quam
1216 1678 1293 1744 de
1353 1680 1692 1765 progenie;
1760 1679 1926 1744 nihil
1987 1681 2093 1745 hic
2156 1679 2394 1745 dicitur
2441 1680 2519 1745 de
2565 1675 2716 1745 fide‘
2737 1679 3044 1744 historiae

639 1783 993 1864 fabulosae;
1038 1787 1157 1851 hoc
1203 1787 1389 1850 unice
1437 1788 1657 1873 agitur
1703 1791 1780 1851 ut
1826 1789 2162 1852 nominum
2210 1789 2568 1852 notationes
2614 1791 3038 1871 exponantur.

636 1889 859 1975 Itaque
908 1890 1091 1956 Plato
1140 1893 1399 1956 transiit
1446 1892 1523 1956 ab
1572 1893 2057 1978 Agamemnone
2104 1893 2184 1957 ad
2235 1894 2543 1970 Atreum,
2591 1893 2669 1957 ab
2717 1893 2910 1958 Atreo
2958 1891 3038 1957 ad

639 1996 981 2083 Pelopem,
1033 2019 1070 2063 a
1109 1997 1350 2084 Pelope
1390 1999 1468 2064 ad
1508 1998 1853 2068 Tantalum
1876 2049 1892 2078 ,
1931 2021 2012 2066 ne
2053 1999 2417 2089 significans
2458 1999 2717 2085 quidem
2758 1998 3037 2064 alterum

641 2124 777 2170 esse
837 2110 1088 2188 patrem
1152 2104 1447 2184 alterius;
1498 2126 1729 2191 nempe
1776 2105 1840 2170 id
1890 2127 2111 2171 omnes
2159 2107 2461 2171 sciebant.
2532 2104 2755 2191 Neque
2803 2105 3038 2170 adiecit

540 2213 553 2224 ⁸
636 2208 1182 2276 Tantalum-Iove
1223 2217 1615 2298 prognatum
1656 2233 1829 2289 esse,
1871 2233 2020 2276 nam
2060 2212 2182 2278 hoc
2222 2235 2346 2278 non
2389 2214 2603 2277 minus
2642 2210 3034 2277 celebratum

642 2321 739 2380 est
786 2337 980 2401 quam
1027 2316 1225 2394 illud;
1275 2323 1441 2384 certe
1486 2320 1553 2382 in
1604 2318 1806 2403 Hipp.
1849 2319 2007 2384 Mai.
2050 2342 2112 2406 p.
2155 2316 2359 2384 293ss
2399 2340 2498 2383 res
2539 2318 2797 2384 videtur
2835 2320 3037 2383 omni·

643 2424 762 2488 bus
800 2426 1157 2489 notissima.
1206 2424 1422 2489 Etiam
1462 2423 1719 2489 facilius
1759 2427 2059 2511 arguitur
2096 2423 2508 2510 interpolatio
2555 2447 2616 2510 p.
2661 2424 2869 2489 404A
2911 2424 3031 2488 οὐδ’

645 2527 721 2593 ἂν
795 2529 850 2612 [ὃ
914 2528 1223 2614 Κρόνος]
1295 2531 1538 2596 δύναιτο
1603 2532 1630 2596 ὅ
1693 2533 1898 2612 πατὴρ
1965 2530 2391 2610 συγκατέχειν
2448 2531 2655 2610 αὐτῷ,
2705 2552 2852 2594 nam
2895 2531 3034 2615 ipsa

644 2634 824 2700 sedes
869 2635 1105 2701 indicio
1155 2640 1272 2701 est.
1364 2709 1369 2713 ,

732 2838 891 2903 Ibid.
961 2838 1092 2903 402
1109 2839 1183 2904 Β.
1248 2838 1428 2918 Quod
1488 2841 1766 2904 inserere
1829 2838 2159 2905 volueram
2223 2840 2291 2904 id
2355 2839 2524 2925 quod
2573 2845 2669 2905 est
2717 2839 3030 2918 ὀνόματα,

643 2943 989 3010 Schanzius
1039 2966 1141 3010 me
1190 2943 1428 3009 refellit
1472 2944 1629 3010 locis
1678 2945 1756 3009 ab
1806 2944 2177 3011 Heindorfio
2225 2945 2440 3010 allatis
2489 2943 2660 3012 Crat.
2713 2944 2918 3010 392D
2966 2950 3032 3009 et

639 3050 898 3116 Theaet.
966 3050 1095 3116 15¹7
1116 3051 1186 3122 Β,
1251 3051 1359 3116 sed
1420 3071 1601 3116 meae
1648 3053 2028 3137 suspicionis
2075 3054 2504 3150 patrocinium
2552 3053 2832 3136 suscepit
2878 3051 3035 3116 Her-

642 3157 971 3222 werdenus
1015 3159 1177 3222 Dect.
1228 3158 1348 3222 Ra,
1406 3157 1571 3223 Prai.
1623 3157 1731 3225 46.

731 3377 893 3442 Ibid.
942 3400 1003 3463 p.
1057 3377 1265 3443 403D
1312 3378 1599 3464 disputat
1640 3376 1932 3443 Socrates
1975 3379 2299 3442 neminem
2341 3398 2419 3441 ex
2456 3377 2679 3442 inferis
2717 3377 2785 3440 in
2825 3377 3034 3442 vitam

639 3484 844 3548 redire
896 3483 1105 3562 velle,
1169 3486 1587 3550 ἀπελθεῖν.
1662 3484 1855 3548 Haud
1904 3504 2134 3569 parum
2184 3485 2420 3548 rectius
2468 3485 2590 3548 erit
2635 3484 3035 3547 ἀνελθεῖν.

732 3696 893 3762 Ibid.
939 3719 1001 3782 p.
1052 3696 1181 3763 405
1204 3695 1274 3764 G.
1323 3696 1397 3761 In
1446 3696 1847 3784 etymologia
1893 3699 2174 3761 nominis
2213 3695 2533 3781 Apollinis
2574 3695 3032 3781 quadrifariam

639 3802 929 3876 Socrates
994 3825 1130 3868 rem
1191 3806 1511 3868 instituit:
1576 3825 1813 3872 nomen
1872 3803 2152 3868 indicare
2214 3789 2686 3887 quodammodo
2737 3802 3030 3890 μουσικήν

640 3935 710 3974 τε
776 3911 877 3973 καὶ
943 3911 1248 3988 μαντικὴν
1314 3912 1419 3974 καὶ
1486 3911 1757 3989 ἲοιτρικῆν
1816 3909 1921 3974 καὶ
1973 3909 2234 3987 τοξικῆν.
2281 3909 2633 3994 Postquam
2682 3906 3032 3993 explicavit

639 4038 754 4082 cur
798 4016 1030 4102 Apollo
1082 4023 1260 4083 vates
1307 4022 1372 4081 et
1419 4015 1650 4102 Apollo
1698 4016 1988 4081 medicus
2034 4016 2152 4081 hoc
2200 4018 2458 4082 nomine
2503 4015 2856 4102 gaudeant,
2897 4034 3037 4098 per-

637 4125 776 4208 git:
841 4124 1009 4188 κατὰ
1073 4123 1134 4188 δὲ
1201 4125 1309 4198 τὴν
1373 4124 1664 4200 μουσικὴν
1730 4121 2019 4206 [ὥσπερ
2087 4123 2220 4187 τὸν
2268 4121 2716 4187 ἀκόλουθόν
2763 4145 2850 4186 τε
2897 4120 3032 4185 κοιὶ

638 4231 780 4301 τὴν
842 4227 1190 4313 ἄκοιτιν]
1256 4227 1346 4294 ὅτι
1410 4230 1480 4294 τὸ
1533 4241 1584 4295 Α
1633 4229 1923 4304 σημαίνει
1973 4234 2307 4310 πολλαχοῦ
2359 4228 2427 4292 τὸ
2477 4228 2648 4305 ὁμοῦ,
2702 4228 2828 4292 κτέ.
2890 4226 3035 4292 Non
3106 4311 3114 4319 ,

636 4334 883 4399 addidit
929 4337 1064 4422 ipse
1112 4335 1404 4430 Socrates
1452 4337 1608 4402 haec
1655 4334 1985 4421 exempla,
2034 4356 2222 4412 nam„
2272 4334 2441 4421 quod
2491 4336 2713 4399 Astius
2759 4335 2893 4397 iam
2939 4334 3034 4396 vi-

638 4440 765 4513 dit.
830 4441 1124 4507 desumta
1186 4449 1338 4509 sunt
1385 4466 1463 4508 ex
1509 4446 1589 4508 iis
1636 4463 1798 4528 quae
1849 4445 2070 4506 statim
2119 4442 2638 4526 subsequuntur:
2688 4436 2886 4517 ὥσπερ
2935 4434 3033 4503 οὖν

638 4546 741 4613 τὸν
804 4547 1196 4626 ὁμοκέλευθον
1259 4552 1359 4614 καὶ
1427 4549 1730 4625 ὁμόκοιτιν
1787 4549 2110 4614 ἀκόλουθον
2170 4547 2275 4613 κοιὶ
2329 4547 2560 4612 ἄκοιτιν
2611 4545 3030 4621 ἐκαλέσαμεν.
