3392 5384
934 1130 1076 1225 DE
1129 1134 1268 1263 EN
1275 1136 1341 1225 N
1350 1137 1434 1227 ΙΙ
1492 1134 2207 1229 FRAGMENTIS.

1447 1374 1696 1430 SCRIPSJ'I·

1225 1560 1285 1626 J.
1335 1549 1434 1627 W.
1498 1560 1932 1628 BIERMA.

1383 1867 1777 1909 m

1755 2122 1884 2172 Enni
1917 2123 2075 2173 Poe-ris
2108 2124 2367 2191 Reliquiae.
2418 2122 2615 2174 Iteratis
2648 2122 2777 2175 curis

1695 2205 1933 2255 recensuit
1977 2206 2251 2258 Iommus
2284 2207 2518 2257 Vanum.
2570 2205 2777 2272 Lipsiae,

1690 2288 1753 2337 G.
1786 2285 2005 2336 Teubner
2040 2288 2185 2339 1903.

471 2482 688 2550 Editio
728 2467 959 2549 'altera
1027 2483 1542 2569 fragmentorum
1604 2482 2043 2549 Ennianorum
2062 2530 2078 2561 ‚
2142 2503 2336 2567 quam
2402 2484 2658 2548 curavit
2722 2480 2777 2547 Ι.

383 2589 663 2668 Vahlen,
705 2596 892 2676 poeta
930 2590 1049 2654 hoc
1087 2595 1153 2654 et
1189 2590 1632 2654 vetustissimo
1672 2594 1739 2655 et
1780 2592 2232 2655 venustissimo
2272 2610 2531 2675 prorsus
2556 2589 2781 2675 digna.

385 2696 457 2762 Si
522 2718 648 2783 qua
706 2700 774 2761 in
837 2718 909 2763 ea
971 2698 1340 2761 etiamnunc
1387 2694 1736 2774 desideres,
1786 2696 1956 2780 quod
2004 2696 2274 2761 humani
2318 2697 2567 2782 ingenii
2614 2717 2774 2781 opus

382 2806 476 2868 ita
538 2801 907 2869 absolutum
969 2807 1104 2881 est,
1168 2807 1243 2867 ut
1297 2800 1462 2866 nihil
1505 2804 1573 2866 in
1619 2823 1691 2867 eo
1740 2804 1931 2888 argui
1976 2798 2223 2889 possit?
2285 2801 2381 2867 De
2427 2803 2510 2866 iis
2555 2807 2774 2867 autem

385 2930 544 2995 quae
605 2912 673 2974 in
733 2908 854 2974 hoc
912 2908 1078 2974 libro
1137 2929 1263 2973 non
1310 2910 1403 2973 ita
1450 2908 1616 2973 mihi
1663 2907 2033 2994 placebant,
2084 2930 2235 2974 cum
2281 2910 2413 2973 iam
2460 2906 2588 2973 alio
2638 2906 2776 2974 loco

385 3018 609 3101 scripsi
639 3013 705 3097 ¹),
769 3022 913 3081 tum
972 3016 1079 3080 hic
1131 3036 1292 3100 quae
1339 3017 1409 3079 in
1456 3015 1862 3100 disponendis
1910 3016 2293 3103 fragmentis
2340 3017 2558 3080 minus
2604 3019 2774 3080 rect-e

388 3123 553 3187 mihi
601 3122 822 3187 fecisse
869 3121 1074 3186 editor
1119 3120 1398 3199 videtur,
1449 3125 1843 3188 tractaturus
1889 3142 2070 3201 sum,
2112 3120 2418 3188 nonnulla
2455 3124 2674 3188 critica
2716 3126 2782 3187 et

391 3230 718 3315 exegetica
770 3225 998 3292 deinde
1045 3225 1432 3291 adiecturus.

481 3447 556 3513 In
601 3448 965 3535 fragmento
1018 3442 1144 3511 157
1185 3443 1240 3526 ⁸)

755 3555 839 3618 Et
886 3553 991 3639 qui
1035 3558 1238 3616 acastus
1287 3557 1417 3614 erat
1463 3551 1686 3615 Romae
1732 3573 1984 3634 reynero
2031 3552 2367 3637 quadratae

392 3663 654 3728 omnino
721 3680 983 3725 securus
1047 3678 1182 3724 esse
1241 3657 1447 3723 editor
1507 3657 1787 3736 videtur,
1838 3659 1950 3743 qui
1995 3658 2439 3744 fragmentum
2487 3656 2658 3744 quod
2704 3657 2785 3723 ad

391 3773 650 3832 sextum
686 3786 907 3850 regem
949 3767 1328 3849 pertineret,
1368 3766 1436 3828 in
1478 3766 1668 3829 tertio
1710 3762 1877 3830 libro
1918 3763 2346 3831 collocaverit.
2395 3765 2483 3829 At
2515 3763 2786 3830 traditae

394 3877 547 3937 sunt
605 3874 675 3935 in
737 3892 858 3935 ms.
924 3870 1100 3935 Festi
1160 3869 1413 3936 litterae
1477 3877 1533 3934 et
1578 3870 1713 3956 quis
1761 3877 1851 3935 est
1897 3879 2039 3936 erat·
2073 3872 2154 3936 R.
2212 3870 2383 3936 Hinc
2431 3869 2784 3936 Salmasius

397 3977 620 4043 elicuit
681 3984 738 4041 et
798 3977 904 4062 qui
956 3999 1018 4041 se
1079 3985 1303 4061 sperat,
1367 3976 1481 4043 alii
1528 3977 1674 4043 alia.
1726 3979 1900 4043 Mihi
1943 3978 2270 4065 paulisper
2316 3979 2530 4043 arrisit
2576 3983 2634 4040 et
2679 3976 2786 4062 qui

270 4102 275 4107 ·
398 4082 678 4163 desierat,
745 4083 852 4149 sed
898 4105 999 4149 res
1045 4085 1241 4150 nimis
1288 4085 1559 4163 incerta3
1609 4083 1803 4170 longe
1856 4105 2004 4151 vero
2049 4086 2351 4149 incertior
2395 4081 2573 4149 locus
2619 4083 2788 4169 frag·

396 4191 599 4255 menti
644 4192 816 4269 eius,
865 4193 969 4255 cui
1016 4193 1379 4257 coniectura
1419 4212 1643 4257 sensus
1690 4194 1775 4256 sit
1823 4190 2278 4258 restituendus.

467 4468 522 4533 1)
561 4470 786 4518 Muscam
821 4467 935 4527 XII,
969 4468 1024 4516 6.

465 4552 521 4616 2)
556 4553 738 4615 Sequor
772 4562 995 4600 numeros
1030 4548 1102 4599 ed.
1137 4548 1223 4599 alt.
1260 4548 1483 4599 Vahleni.

2428 4647 2493 4697 22
