3392 5384
1107 1076 1254 1166 AD
1314 1039 1959 1195 PRoooPfflM.

1407 1315 1656 1357 SORIPSI'I'

972 1496 1059 1561 Η.
1123 1494 1328 1564 VAN
1391 1499 2084 1566 HERWERDEN.

785 1649 1263 1728 (Continuantur
1308 1674 1380 1714 ex
1439 1653 1497 1716 V
1489 1653 1568 1718 οἱ.
1617 1653 1906 1718 XXXIV
1930 1676 2080 1736 paq.
2130 1651 2267 1733 58.)

1302 1956 1730 2000 -0-689-0-

1429 2213 1652 2279 Procopii
1699 2214 2019 2264 Caesariensis
2054 2222 2198 2280 opera
2233 2215 2409 2264 omnia.
2443 2218 2719 2280 recognovit

1361 2295 1582 2345 IAoosus
1628 2297 1837 2346 HAunr.
1884 2309 2065 2346 noun.
2110 2297 2299 2362 Lipsiae
2342 2297 2393 2346 in
2429 2297 2621 2347 aedibus
2656 2299 2715 2351 Β.

1359 2379 1418 2428 G.
1455 2377 1708 2429 Teubneri.

413 2549 489 2614 In
550 2551 947 2617 Praefatione
1007 2553 1332 2617 Historiae
1395 2573 1680 2624 arcanae,
1720 2573 1880 2638 quae
1929 2553 2167 2618 dicitur
2212 2553 2575 2634 (Ἃνέκδοτα
2622 2559 2715 2620 in-

325 2657 654 2738 scribitur)
707 2659 1066 2744 Procopius
1131 2662 1222 2724 ait
1283 2681 1385 2736 se,
1449 2681 1573 2746 quo
1619 2665 1907 2746 tempore
1952 2659 2122 2725 bella
2167 2660 2507 2726 Iustiniani
2556 2667 2715 2728 tem-

308 2785 470 2848 ⁴pore
509 2771 692 2850 gesta
729 2765 1142 2844 describeret,
1188 2744 1508 2853 permulta
1546 2773 1730 2832 metu
1770 2767 1965 2832 huius
2003 2767 2415 2852 Imperatoris
2446 2771 2711 2856 eiusque

319 2873 610 2958 coniugis
650 2871 1089 2958 compulsum,
1129 2876 1416 2938 invitum
1455 2877 1820 2953 reticuisse,
1863 2876 1994 2939 iam
2037 2896 2187 2940 vero
2226 2874 2360 2940 illis
2395 2875 2712 2942 defunctis

316 2977 640 3061 permulta
685 2985 1060 3064 aperturum
1101 2981 1183 3044 τοὶ
1225 2983 1388 3056 μήτε
1431 2983 1630 3046 πιστοὶ
1673 2981 1833 3056 μήτε
1876 2983 2083 3046 εἰκότα
2128 2982 2537 3059 Φανησόμενα
2580 2993 2709 3057 τοῖς

315 3083 556 3148 ὄπισθεν
603 3086 1050 3162 γενησομένοις,
1101 3085 1413 3150 δεδοικότα
1455 3088 1542 3162 μη
1585 3087 1688 3150 καὶ
1728 3088 2110 3165 μυθολογίαις
2152 3089 2482 3153 οὲποίσεται
2524 3088 2706 3166 δόξαν

317 3191 436 3254 κοὶν
494 3197 622 3262 τοῖς
687 3192 1360 3270 τραγῳδοδιδασκάλοις
1409 3191 1771 3269 τετάξεται,
1822 3192 2242 3258 confidentem
2286 3194 2708 3262 nihilominus

315 3298 591 3361 testibus
651 3319 776 3363 non
839 3301 1197 3363 cariturum
1263 3318 1396 3362 esse
1463 3319 1623 3383 opus
1671 3319 1901 3376 suum,
1952 3299 2001 3361 οἱ
2051 3299 2173 3378 γὰρ
2226 3303 2327 3362 νῦν
2374 3297 2702 3380 ἄνθρωποι,

314 3404 565 3488 inquit,
620 3403 1107 3478 δαημονέστατοι
1171 3403 1479 3482 μαρτυρες
1527 3410 1644 3468 τῶν
1692 3403 1967 3480 πράξεων
2016 3401 2186 3475 ὄντες
2235 3404 2535 3486 ἀξιόχρεῳ
2588 3431 2707 3470 πα·-

316 3509 643 3588 ραπομπὸν
703 3511 765 3583 ἐς
827 3512 928 3575 τὸν
993 3510 1210 3575 ἔπειτα
1260 3510 1473 3592 χρόνον
1523 3521 1635 3584 τῆς
1685 3511 1829 3590 ὑπὲρ
1878 3511 2078 3574 αὐτῶν
2125 3511 2391 3584 πίστεως
2442 3511 2704 3579 ἔσονται.

316 3615 617 3681 Primum
679 3617 938 3702 quidem
1003 3639 1068 3682 se
1131 3624 1311 3682 metu
1373 3617 1733 3682 cohibitum
1797 3639 1876 3682 ne
1923 3616 2230 3704 evulgata
2277 3618 2354 3683 ab
2399 3621 2540 3704 ipso
2586 3623 2707 3684 im-

320 3725 537 3787 mania
597 3725 964 3809 principum
1025 3724 1306 3788 facinora
1367 3724 1731 3808 sceleraque
1794 3726 2063 3808 posteris
2110 3730 2407 3790 nocerent
2458 3763 2542 3775 —
2589 3733 2706 3790 τῶν

319 3829 445 3908 γὰρ
495 3830 870 3907 κρατούντων
918 3830 1011 3893 ἀεὶ
1065 3838 1192 3900 τοῖς
1242 3830 1557 3900 πλείστοις
1606 3828 1857 3907 εὔπορος
1910 3829 2013 3893 ὑπ’
2066 3831 2347 3906 ἀμαθίας
2397 3834 2430 3906 ἡ
2480 3832 2540 3903 ἐς
2589 3839 2707 3897 τῶν

318 3935 857 4013 προγεγενημένων
903 3937 988 4000 τοὶ
1038 3935 1210 3999 κακοὶ
1258 3935 1562 4012 μίμησις,
1629 3936 1734 4000 καὶ
1786 3936 1931 4013 πρὸς
1981 3937 2063 4000 τα
2117 3938 2528 4016 ἡμαρτημένα
2576 3946 2705 4010 τοῖς

317 4042 747 4119 παλαιοτέροις
808 4041 948 4124 ῥᾷόν
1014 4065 1083 4104 τε
1147 4039 1250 4104 καὶ
1318 4043 1689 4118 ἀπονώτερον
1758 4041 1819 4113 ἔς
1884 4040 1979 4106 ἀεὶ
2044 4041 2369 4119 τρέπονται
2421 4081 2507 4093 -—-
2554 4067 2709 4110 mox

315 4152 589 4214 erexisse
628 4151 1103 4234 persuasionem
1127 4197 1142 4225 ,
1183 4153 1402 4213 contra
1435 4147 1562 4213 tale
1603 4151 1933 4233 inceptum
1975 4148 2261 4213 multum
2292 4151 2706 4236 profuturum

315 4276 449 4320 esse
513 4257 816 4340 posteriS,
867 4256 1102 4340 quippe
1151 4255 1244 4318 ita
1293 4256 1725 4319 constiturum
1775 4257 2099 4342 tyrannis,
2150 4277 2274 4320 non
2320 4255 2536 4321 inulta'
2576 4259 2706 4324 fore

314 4359 580 4426 scelesta
623 4363 906 4445 ipsorum
957 4361 1270 4436 facinora,
1317 4363 1534 4446 itaque
1584 4361 1957 4440 ὀκνηρότερον
2007 4362 2482 4439 παρανομήσειν.

406 4466 590 4546 Quod
650 4471 866 4530 tamen
927 4469 1177 4532 veritus
1239 4472 1409 4544 erat,
1469 4467 1720 4532 accidit.
1784 4467 1883 4530 Ex
1933 4469 2203 4551 posteris
2251 4469 2422 4532 enim
2473 4469 2704 4548 multi,

313 4575 614 4660 quamvis
675 4576 883 4639 nescio
947 4595 1027 4638 an
1069 4574 1450 4652 immerito,
1499 4596 1719 4638 omnem
1766 4577 1825 4639 ei
1871 4573 2062 4638 fidem
2112 4573 2541 4660 denegarunt,
2589 4598 2705 4643 nec
