3392 5384
441 1213 583 1302 DE
637 1213 1192 1304 ΟΟΜΜΕΝΤΙ
1233 1214 1857 1444 ἕὲῗιὲῖἑῖἔέ
1890 1215 2684 1307 -COMPOSITIONE

1443 1589 1692 1631 sempsl'r

1167 1771 1252 1835 H.
1319 1771 1392 1838 T.
1454 1771 1965 1839 KARSTEN.

1038 1939 1512 2019 (Continuantur
1573 1965 1645 2006 ea·
1693 1965 1843 2025 pay.
1906 1941 2085 2023 324).

1397 2240 1718 2285 —⁴-0-·-

455 2504 789 2570 Postremo
856 2500 1000 2566 loco
1069 2499 1412 2566 dicendum
1483 2507 1581 2566 est
1653 2500 1730 2566 de
1800 2499 2187 2566 scholiorum
2248 2523 2514 2589 genere,
2587 2503 2756 2588 quod

364 2611 865 2676 Wessnerus
939 2627 1182 2692 „parva
1244 2607 1728 2673 additamenta'’
1794 2609 2083 2685 vocavit,
2146 2630 2306 2694 quae
2367 2628 2481 2694 per
2541 2616 2756 2676 totum

367 2721 809 2783 commentum
845 2716 1162 2799 scriptura
1198 2713 1502 2780 inclinata
1539 2717 1792 2779 notavit
1828 2735 2097 2780 numero
2138 2733 2309 2780 cnxx
2348 2716 2523 2798 (vide
2562 2738 2757 2802 supra

361 2846 424 2910 p.
473 2823 514 2889 2
538 2829 683 2908 sq.),
730 2822 1100 2895 bisantem
1143 2820 1350 2887 multo
1389 2820 1578 2906 plura
1617 2821 1961 2902 accedunt,
2004 2841 2164 2908 quae
2202 2844 2353 2888 mox
2393 2845 2753 2909 persequar.

365 2929 656 2995 Produnt
724 2929 878 2994 haec
947 2927 1178 2993 falsam
1241 2930 1561 3014 originem
1622 2950 1746 2995 non
1813 2930 2094 2994 externis
2156 2929 2448 3007 indiciis,
2512 2929 2623 2996 sed
2682 2951 2756 2996 eo

370 3034 538 3120 quod
600 3033 759 3099 falsa
811 3039 924 3099 aut
969 3036 1182 3099 inania
1230 3035 1674 3120 tironibusque
1720 3037 1833 3100 vix
1880 3034 2077 3121 digna
2124 3034 2563 3101 scholiuncula
2618 3057 2760 3102 con-

367 3143 607 3218 tinent,
657 3139 762 3206 vel
806 3143 1004 3206 etiam
1052 3141 1487 3225 superioribus
1527 3138 1785 3205 scholiis
1825 3138 2215 3226 tautologice
2252 3142 2757 3228 subiunguntur.

368 3247 534 3315 Sunt
571 3269 821 3334 semper
860 3249 1240 3314 brevissima
1275 3253 1341 3313 et
1377 3249 1566 3312 certis
1601 3247 1732 3311 fere
1757 3244 2089 3331 particulis
2114 3252 2293 3326 (erqo,
2321 3270 2478 3324 nam,
2504 3255 2562 3310 et
2586 3254 2757 3328 etc.),

365 3355 627 3434 adnexa,
675 3376 746 3420 ac
783 3354 1102 3439 peculiare
1138 3375 1346 3440 genus
1386 3359 1485 3419 est
1522 3373 1748 3418 eorum
1787 3372 1949 3436 quae
1997 3350 2242 3436 aliquid
2290 3351 2506 3418 deesse
2555 3354 2761 3418 obser-

365 3471 554 3542 vent,
611 3461 814 3548 quod,
862 3464 987 3526 nisi
1034 3463 1148 3526 ubi
1194 3481 1528 3546 perperam
1579 3456 2005 3536 contenditur,
2056 3458 2162 3524 vel
2210 3479 2431 3524 caecus
2479 3462 2615 3544 ipse
2662 3463 2759 3526 vi-

367 3570 551 3635 derit.
603 3567 998 3654 Gompilator
1045 3574 1175 3646 est,
1227 3568 1339 3653 qui
1387 3567 1541 3631 haec
1586 3564 2034 3631 scholiuncula
2078 3587 2113 3630 e
2159 3567 2486 3631 variarum
2534 3566 2759 3632 editio·

367 3697 527 3740 num
588 3675 992 3761 marginibus
1060 3676 1130 3738 in
1199 3678 1576 3738 contextum
1649 3670 1982 3736 transtulit
2049 3693 2399 3758 eorumque
2469 3681 2757 3739 auctores

368 3782 630 3844 fuerunt
675 3783 976 3866 magistri
1021 3781 1286 3843 minoris
1332 3790 1553 3858 notae,
1601 3766 1669 3843 in
1718 3779 1951 3862 quibus
1998 3777 2145 3856 ille,
2196 3787 2392 3864 quem
2436 3781 2491 3844 A
2539 3781 2757 3847 littera

367 3889 619 3973 saepius
666 3888 1008 3971 insignivi,
1058 3905 1251 3949 suum
1289 3883 1505 3948 locum
1547 3885 1814 3950 obtinet.
1863 3884 2030 3951 Sunt
2069 3889 2259 3950 etiam
2305 3908 2469 3972 quae
2506 3887 2756 3952 Editori

371 3992 764 4078 adsignanda
826 3991 1184 4070 videantur,
1251 3996 1402 4055 sunt
1466 3991 1543 4056 de
1606 3991 1840 4076 quibus
1898 3992 2151 4058 dubites
2214 3995 2424 4059 sintne
2487 3994 2755 4060 fortasse

365 4101 573 4184 ipsius
619 4098 889 4177 Donati,
939 4097 1107 4184 quod
1153 4097 1590 4184 interrogandi
1639 4101 1826 4184 signo
1872 4098 2161 4163 indicabo
2196 4100 2262 4176 ¹).

464 4205 640 4271 Haec
700 4207 913 4270 omnia
974 4226 1168 4291 quam
1230 4205 1608 4271 brevissime
1652 4205 1925 4270 referam
1954 4205 2326 4277 ,secundum
2374 4206 2753 4291 particulas,

369 4313 602 4398 quibus
663 4311 970 4377 Donateis
1017 4314 1354 4378 coniuncta
1399 4318 1583 4391 sunt,
1633 4311 1879 4377 diutius
1924 4316 2294 4376 moraturus
2339 4314 2406 4375 in
2454 4313 2535 4376 iis
2582 4313 2759 4378 scho-

437 4573 492 4638 1)
525 4573 738 4623 Litterae
777 4572 884 4621 ow.
919 4569 993 4622 c.”
1029 4572 1352 4621 additamenta
1386 4571 1663 4622 indicabunt
1702 4573 1801 4622 iam
1833 4587 1862 4621 a
1904 4571 2240 4621 wesenero
2274 4572 2457 4620 notata.
