3392 5384
680 370 708 434 1
724 371 755 432 1
767 369 808 434 8
1714 379 2021 438 ransom.

689 553 1013 636 Antiquae
1055 555 1248 630 ,enim
1308 573 1611 639 personae
1671 576 1797 620 non
1844 553 2055 620 solum
2102 555 2365 634 faciem,
2416 556 2525 620 sed
2573 560 2784 623 totum
2831 564 3058 642 caput,

669 660 866 724 etiam
914 661 1199 744 occiput,
1247 661 1584 746 tegebant,
1637 661 2179 746 quemadmodum
2214 654 2413 727 'hodie
2460 665 2511 726 ii
2549 665 2661 748 qui
2701 661 2848 728 telis
2888 685 3060 729 exer-

668 769 892 828 centur
953 764 1058 830 vel
1115 764 1383 831 rudibus
1429 769 1598 831 inter
1644 789 1711 832 se
1759 769 2070 846 batuunt,
2119 753 2496 855 tegimentis
2552 774 2849 848 utuntur,
2898 791 3060 856 quae

667 875 882 936 totum
933 876 1127 956 caput
1171 874 1544 956 cooperiunt
1574 872 1644 954 1).

760 975 983 1060 Neque
1027 975 1194 1040 illud
1239 981 1510 1064 etymon
1558 979 1737 1060 *pers
1777 981 1843 1042 in
1892 978 2024 1044 solo
2072 979 2381 1044 vocabulo
2417 1002 2679 1062 persona
2726 987 3056 1047 servatum

671 1089 800 1163 est,
869 1082 978 1148 sed
1040 1086 1238 1148 etiam
1299 1087 1367 1147 in
1415 1084 1664 1152 duobus
1714 1084 1891 1164 aliis,
1940 1088 2067 1151 nisi
2112 1085 2317 1164 fallor,
2366 1089 2570 1152 vitam
2621 1091 2839 1152 traxit.
2890 1089 3057 1153 Nam

668 1211 898 1254 nomen
956 1192 1289 1274 proprium
1354 1190 1632 1268 Persius,
1679 1193 1812 1255 iam
1860 1191 2098 1256 Lucilii
2144 1194 2545 1277 temporibus
2591 1201 2883 1272 exstans,
2930 1215 3057 1259 non

669 1315 706 1360 a
751 1295 956 1373 Persa,
1005 1295 1173 1360 unde
1224 1295 1500 1358 Persicus
1540 1316 1666 1360 non
1710 1296 1952 1360 Persius
1989 1302 2206 1361 ortum
2248 1303 2375 1375 est,
2416 1298 2525 1362 sed
2566 1300 2642 1363 ab
2678 1299 2798 1364 hac
2836 1299 3057 1364 eadem

667 1400 877 1465 radice
939 1399 1362 1465 derivandum
1412 1405 1511 1465 est
1554 1402 1872 1486 habetque
1921 1402 2188 1468 eandem
2236 1403 2367 1468 fere
2417 1406 2554 1469 vim
2601 1411 2794 1489 atque
2850 1406 3060 1487 Capito
3143 1473 3152 1480 ,

670 1511 735 1572 et
773 1505 995 1572 eodem
1033 1507 1221 1570 modo
1262 1507 1607 1572 formatum
1648 1513 1745 1572 est
1783 1529 1907 1593 quo
1950 1509 2192 1573 Pedius.
2234 1510 2569 1574 Praeterea
2608 1511 2772 1575 forte
2804 1512 3057 1576 fortuna

668 1612 901 1676 Festus·
925 1611 974 1693 ²)
1044 1613 1520 1678 deminutivum
1568 1613 1926 1695 persillum,
1992 1617 2279 1699 priscum
2343 1615 2732 1681 vocabulum
2794 1619 2859 1680 in
2928 1615 3058 1682 solo

670 1739 960 1784 sermone
1019 1718 1418 1785 sacerdotum
1480 1726 1835 1804 superstes,
1902 1721 2083 1784 nobis
2147 1724 2465 1799 servavit,
2525 1723 2691 1807 quod
2739 1724 2829 1786 ita
2873 1725 3061 1788 inter-

670 1831 994 1910 pretatur:
1061 1824 1439 1910 „persillum
1501 1830 1733 1890 vocant
1779 1825 2133 1891 sacerdotes
2182 1827 2605 1892 rudusculum
2630 1826 2685 1908 ³)
2734 1830 3053 1913 picatum,

673 1937 846 2006 (ex)
875 1930 928 2010 4)
968 1952 1092 2015 quo
1134 1933 1424 2016 unguine
1459 1930 1723 1996 Flamen
1761 1931 2127 1996 Portunalis
2170 1953 2348 1997 arma
2386 1932 2636 2012 Quirini
2661 1934 2952 2019 unguet”
2980 1934 3053 2013 5).

671 2036 757 2101 Et
794 2035 1038 2101 Paulus
1078 2035 1428 2101 Diaconus:
1475 2035 1854 2121 „persillum
1894 2037 2188 2106 dicebant
2225 2060 2338 2104 vas
2378 2039 2701 2124 quoddam
2736 2042 3052 2125 picatum,

671 2145 739 2206 in
780 2163 905 2227 quo
946 2147 1082 2207 erat
1120 2148 1564 2229 unguentum,
1606 2142 1774 2207 unde
1814 2129 1995 2208 arma
2034 2144 2285 2223 Quirini
2324 2145 2847 2230 unguebantur.''
2890 2145 3055 2211 Satis

669 2251 877 2335 igitur
921 2254 1168 2314 constat
1203 2249 1526 2332 persillum
1573 2249 1909 2314 vasculum
1956 2251 2274 2335 quoddam
2322 2251 2558 2329 fuisse,
2608 2252 2776 2337 quod
2826 2273 3058 2318 nomen

672 2376 866 2420 suum
912 2358 1178 2421 traxisse
1225 2357 1391 2423 mihi
1437 2357 1694 2422 videtur
1742 2377 1819 2421 ex
1866 2357 2105 2433 forma,
2156 2378 2315 2441 quae
2364 2360 2561 2443 capiti
2608 2366 2742 2423 erat
2790 2357 3057 2446 similis,

671 2463 839 2527 sicut
886 2465 1135 2535 ratione
1180 2464 1434 2528 inversa
1480 2462 1868 2527 vocabulum
1918 2469 2090 2540 testa,
2141 2463 2310 2548 quod
2360 2466 2617 2550 proprie
2656 2462 2913 2548 aliquod
2948 2484 3061 2529 vas

672 2567 946 2646 indicat,
993 2570 1059 2632 in
1107 2589 1396 2637 sermone
1435 2567 1693 2654 vulgari
1733 2575 1797 2634 et
1835 2567 2083 2655 linguis
2124 2569 2487 2634 Romanicis
2526 2570 3063 2655 significa-tionem

674 2675 904 2757 capitis
948 2676 1208 2758 accepit.
1275 2673 1445 2752 Quae
1492 2677 1706 2739 omnia
1753 2677 1807 2738 si
1852 2675 2187 2740 nobiscum
2234 2680 2607 2760 reputamus
2631 2724 2646 2753 ,
2696 2697 2820 2740 non
2866 2682 3065 2740 teme-

672 2781 916 2843 rarium
962 2779 1125 2843 mihi
1172 2779 1430 2844 videtur
1473 2780 1850 2846 contendere
1899 2779 2058 2845 olim
2096 2783 2163 2845 in
2205 2781 2435 2868 lingua
2472 2782 2703 2869 Latina
2741 2784 3063 2847 exstitisse

673 2883 1060 2949 vocabulum
1122 2886 1394 2966 *pereum
1439 2892 1544 2966 (=
1570 2886 1833 2971 „kop’'),
1904 2889 2090 2951 cuius
2154 2890 2431 2972 vestigia
2492 2893 2934 2953 remanserunt
2991 2890 3063 2952 in

663 3011 944 3071 persona,
1011 2990 1279 3068 Persius,
1337 2991 1672 3073 persillum,
1724 2992 2017 3077 quodque
2064 2998 2414 3078 cognatum
2461 3001 2557 3058 est
2606 2996 2752 3059 voci
2785 3007 3059 3076 porrum,

674 3117 870 3180 quam
915 3099 1168 3182 proprie
1216 3105 1395 3180 caput
1437 3099 1830 3184 significasse
1874 3120 1951 3163 ex
1997 3098 2137 3164 loco
2185 3099 2423 3167 Moreti
2469 3105 2641 3165 certo
2688 3102 2946 3165 scimus.

673 3341 930 3407 separatim
978 3341 1247 3390 adhibitum
1292 3357 1466 3390 nomen
1505 3342 1633 3402 deae,
1671 3347 1726 3391 ut
1760 3342 1963 3392 Bellona
1996 3346 2045 3390 ct
2080 3344 2305 3402 Pomona,
2345 3347 2581 3408 postremo
2615 3342 2957 3408 appellativum
3000 3366 3051 3386 ει

672 3423 902 3488 quidquid
939 3424 1080 3472 Ceres
1115 3423 1308 3487 frugum
1343 3439 1428 3488 per
1461 3439 1638 3473 annum
1674 3423 1805 3474 tulit.
1837 3424 2012 3472 Forma
2047 3423 2276 3473 feminina
2312 3425 2361 3474 iu
2388 3441 2588 3488 persona
2621 3441 2716 3474 non
2751 3425 2901 3488 magis
2936 3426 3062 3474 mira

673 3509 745 3554 est
771 3521 914 3570 quam
942 3505 994 3554 iu
1021 3506 1285 3555 membrana
1316 3505 1630 3570 (membrum)
1666 3509 1715 3554 et
1738 3506 1916 3572 fiscina
1946 3505 2148 3570 (fiscus),
2179 3507 2237 3555 cf.
2271 3507 2488 3566 Kiihuer,
2520 3507 2591 3557 l.l.
2630 3507 2655 3556 1
2686 3524 2731 3572 p.
2754 3507 2867 3566 658,
2897 3507 2957 3556 κιο
2976 3508 3059 3558 16.

744 3588 800 3650 1)
837 3587 912 3638 cf.
949 3586 1194 3647 Wieseler‚
1229 3587 1643 3651 Theatergebiiude
1676 3591 1763 3637 etc.
1803 3604 1849 3652 p.
1884 3589 1944 3636 41
1986 3591 2035 3636 et
2068 3588 2183 3638 Tab.
2222 3590 2265 3638 X
2302 3590 2356 3649 1;
2392 3592 2555 3638 Scaen.
2593 3590 2731 3638 Rom.
2764 3605 2811 3655 p.
2848 3589 2930 3638 38.
2964 3591 3059 3639 Sed
3090 3632 3108 3642 .

675 3673 866 3734 praeter
909 3669 994 3718 has
1037 3684 1262 3734 personas
1309 3669 1454 3718 etiam
1501 3670 1622 3719 aliae
1663 3669 1955 3728 dimidiatae,
1987 3670 2136 3719 solam
2171 3671 2341 3720 faciem
2378 3674 2605 3736 tegentes,
2637 3671 2687 3721 in
2724 3687 2809 3720 usu
2846 3672 3057 3731 fuerunt,

675 3751 736 3801 cf.
769 3752 910 3801 Lucr.
945 3751 1015 3798 IV
1050 3751 1174 3804 297:
1211 3755 1364 3801 cretea
1393 3767 1604 3814 persona.

741 3833 901 3882 Etiam
946 3833 998 3882 iu
1045 3833 1248 3882 dialecto
1294 3833 1603 3897 Grouingana
1648 3833 1849 3898 aliisque
1884 3837 2034 3883 exstat
2070 3833 2351 3884 vocabulum
2393 3835 2743 3899 „schebilskop”
2776 3835 3062 3897 (nucherbel-

675 3913 923 3981 lenskop”,
981 3914 1440 3980 nechabellenkop’')‚
1493 3917 1618 3980 quod
1670 3916 1797 3965 idem
1850 3916 1981 3965 valet
2027 3918 2169 3980 atque
2215 3916 2361 3966 larva.
2417 3914 2479 3966 Et
2523 3915 2615 3982 ipsi
2652 3917 2855 3967 Romani
2888 3933 3062 3982 parvas

674 4013 898 4063 personas
933 3999 992 4047 ad
1029 3999 1268 4048 Bacchum
1305 3998 1640 4048 celebrandum
1672 4015 1729 4047 ex
1764 3997 2013 4048 arboribus
2046 4015 2295 4064 suspensas
2329 4000 2495 4049 oscilla
2529 3999 2895 4062 (deminutivum
2929 4015 3064 4049 voca·

673 4079 774 4129 buli
807 4081 880 4144 οε)
916 4079 1160 4138 vocabant,
1197 4081 1256 4129 cf.
1293 4078 1432 4144 Verg.
1473 4079 1650 4145 Georg.
1685 4080 1740 4128 11
1774 4082 1897 4141 3895
1936 4081 2089 4131 Macr.
2126 4083 2225 4130 Sat.
2263 4081 2290 4130 1
2320 4082 2349 4133 Ἰ
2387 4083 2510 4144 5313
2553 4083 2613 4130 11
2650 4083 2768 4144 548.

742 4162 799 4227 2)
827 4162 994 4211 Festus
1024 4177 1070 4226 p.
1105 4161 1203 4214 217
1237 4163 1328 4221 Μ..
1363 4178 1411 4226 p.
1449 4163 1546 4212 268
1582 4163 1671 4211 Th.
1706 4163 1753 4212 d.
1788 4163 1846 4212 P.

743 4245 797 4308 3)
845 4245 1146 4293 rudusculum
1193 4259 1281 4308 pro
1317 4243 1583 4293 rudiculum
1618 4245 1792 4307 (codd.)
1826 4244 2039 4295 restituit
2072 4244 2299 4310 Scaliger,
2332 4246 2380 4296 h.
2400 4261 2442 4297 c.
2481 4261 2591 4295 uvas
2626 4261 2681 4296 ex
2713 4260 2826 4295 cavo
2864 4244 3062 4299 informi

671 4339 799 4384 saxo,
832 4326 958 4389 quod
993 4326 1140 4375 rudus
1171 4341 1335 4375 saxum
1370 4325 1644 4390 impolitum
1677 4324 1793 4376 sit”.

741 4407 799 4471 4)
829 4421 889 4455 ea:
922 4405 1124 4456 inseruit
1159 4408 1441 4458 Muellerus.
2212 4413 2260 4472 5)
2294 4409 2371 4460 Sic
2404 4411 2538 4462 codd.

1671 4539 2059 4548 ——.
