3392 5384
646 400 778 467 228
1683 419 1999 470 nom-rus.

641 583 949 650 medium.
1089 583 1189 648 IP
1250 584 1346 664 (5)
1411 585 1507 649 Au
1555 584 1698 650 ideo
1751 607 1941 662 „cnm
1990 587 2224 664 vecti’',
2274 589 2425 672 quia
2471 586 2551 652 ad
2598 589 3031 674 expuguatio-

640 712 788 756 nem
833 691 1097 756 venitur
1141 687 1442 756 aedium?
1679 759 1692 767 ,

729 796 891 862 Ibid.
944 799 983 862 6
1055 795 1225 864 Cedo
1289 796 1482 862 alios:
1547 798 1672 864 Ubi
1735 802 2024 865 centurio
2086 806 2183 866 est
2243 799 2455 886 Sanga
2522 804 2587 865 et
2649 799 3027 887 manipulus

639 901 903 969 furum?
1986 988 1993 992 ὴ

728 1011 823 1092 (l)
892 1011 1034 1077 Non
1101 1009 1464 1096 „reliquos”
1535 1011 1684 1088 „sed
1754 1011 2021 1090 „alios'',
2085 1014 2269 1098 quasi
2329 1012 2529 1078 multi
2590 1014 2739 1078 sint.
2903 1012 3025 1077 Vix

636 1121 922 1196 iustum,
993 1138 1142 1183 cum
1189 1115 1343 1182 alii
1391 1117 1560 1203 apud
1631 1121 1906 1186 comicos
1978 1140 2163 1205 saepe
2232 1119 2406 1185 idem
2476 1120 2562 1184 sit
2618 1140 2689 1185 ac
2748 1118 2984 1206 reliqui
3004 1140 3021 1198 ;

637 1223 770 1290 vid.
819 1223 1095 1289 Fabia.
1638 1309 1642 1312 ὓ

724 1329 819 1411 (3)
880 1328 1145 1415 Proprie
1209 1329 1670 1416 „manipulus”
1736 1330 1979 1397 milites
2040 1336 2297 1397 centum
2358 1332 2631 1397 Romani
2694 1336 2759 1396 et
2804 1331 3021 1397 Latini

633 1437 751 1502 sub
823 1457 952 1501 uno
1022 1439 1427 1516 centurione,
1499 1457 1577 1501 ex
1647 1436 1979 1523 manipulo
2043 1439 2311 1516 herbae,
2382 1459 2569 1525 quem
2648 1459 2762 1522 pro
2838 1439 3023 1524 sig-no

631 1543 1077 1628 sequebantur.
1141 1543 1382 1608 Merito
1440 1544 1650 1629 igitur
1712 1545 2150 1609 centurionem
2197 1544 2431 1628 videns,
2469 1543 2877 1629 manipulum
2924 1544 3026 1609 de-

631 1649 956 1715 sideravit.
1034 1687 1120 1698 -—
1189 1648 1330 1714 Hoc
1402 1655 1500 1714 est
1569 1671 1792 1714 cocum
1862 1655 1973 1731 (sc.
2045 1649 2356 1738 Sangam)
2425 1651 2651 1716 videns
2720 1651 3022 1716 convivas

630 1755 1049 1834 desideravit,
1115 1757 1226 1840 qui
1274 1761 1736 1842 apparuerant,
1788 1760 2081 1842 quotiens
2128 1778 2316 1822 cocus
2364 1757 2579 1834 affuit,
2628 1757 2694 1820 id
2741 1760 2837 1822 est
2884 1778 3044 1823 con·-

629 1867 883 1930 vivium
931 1867 1322 1929 instructum
1371 1871 1502 1944 est3
1547 1863 1659 1929 alii
1702 1864 2154 1950 „manipulum
2198 1865 2457 1930 furum''
2502 1867 2639 1931 coci
2677 1863 3021 1950 discipulos
3130 1891 3136 1900 ·

633 1977 864 2056 putant
911 1970 1055 2036 dici.

722 2078 1006 2143 Iudicavi
1089 2077 1604 2144 additamentum
1688 2078 2004 2159 Editoris,
2087 2081 2198 2164 qui
2270 2061 2425 2144 sa'tis
2494 2079 2763 2144 absurde
2832 2083 3022 2166 putat

630 2184 1017 2250 Thrasonem
1092 2205 1410 2252 arcessere.
1473 2188 1813 2263 convivas,
1884 2188 1997 2273 qui
2072 2185 2237 2251 nulli
2314 2189 2487 2251 sunt.
2573 2185 3020 2270 Interpretatio

634 2291 1015 2371 „aliorum’',
1067 2291 1240 2357 fures
1285 2313 1419 2358 esse
1459 2295 1592 2358 coci
1631 2293 1991 2371 adiutoreS,
2031 2295 2218 2357 unice
2257 2313 2407 2358 vera
2444 2297 2577 2371 est,
2619 2312 2814 2379 quam
2851 2291 3017 2358 Don.

628 2402 769 2485 ipse
830 2398 1096 2465 fortasse
1159 2397 1516 2466 rettulerat.
1581 2397 1676 2465 Of.
1742 2399 2030 2479 Fabia,
2096 2401 2205 2485 qui
2252 2401 2409 2464 citat
2454 2398 2670 2464 locum
2718 2398 3020 2465 Pseudoli

627 2508 1065 2573 notissimum.

717 2612 881 2679 Ibid.
934 2611 974 2676 9
1045 2611 1170 2692 Qui
1215 2612 1649 2698 abstergerem
1696 2609 2007 2679 vulnera?

719 2717 816 2799 (4)
877 2718 1163 2798 Quorum
1210 2716 1519 2784 vulnera?
1580 2718 1820 2784 Utrum
1869 2720 2207 2805 utriusque
2253 2720 2455 2806 partis
2502 2740 2617 2798 an,
2666 2718 2841 2805 quod.
2884 2738 3018 2784 ma-

626 2827 731 2911 gis
777 2824 1127 2889 ridiculum
1176 2829 1307 2903 est,
1357 2823 1665 2890 suorum?
1850 2824 2288 2911 Languidum.
2351 2890 2363 2897 ,

717 2929 878 2995 Ibid.
932 2929 1016 2994 10
1080 2928 1268 2996 Solus
1315 2929 1553 2996 Sannio
1602 2937 1813 2996 servat
1859 2931 2043 2996 domi

717 3036 878 3102 Don.
919 3035 1014 3118 (3)
1053 3058 1169 3122 pro
1211 3043 1590 3103 remanet
1630 3044 1707 3103 et
1748 3038 2182 3116 observat,
2225 3059 2372 3102 nam
2419 3043 2672 3114 „servat
2696 3036 3006 3103 domum'’

623 3149 873 3208 rectum
919 3148 1088 3220 erat,
1136 3164 1263 3207 non
1312 3149 1568 3221 „servat
1615 3143 1858 3222 domi’',
1910 3146 1964 3209 si
2012 3143 2392 3210 custodit
2436 3142 2944 3229 intellegeretur.

625 3248 724 3313 IP
771 3248 870 3330 (4)
916 3248 1034 3316 Vel
1087 3250 1384 3326 „servat”
1435 3271 1550 3337 pro
1597 3250 1836 3316 sedet
1883 3256 1962 3314 et
2010 3255 2329 3327 servat,
2372 3250 2449 3314 ab
2491 3271 2564 3314 eo
2606 3248 2774 3336 quod
2814 3251 3021 3334 sequi-

624 3361 734 3420 tur
775 3355 842 3420 id
891 3355 1060 3441 quod
1107 3357 1467 3441 praecedit:
1516 3378 1663 3421 nam
1713 3378 1838 3422 non
1884 3361 2099 3422 servat
2148 3357 2275 3420 nisi
2314 3358 2424 3441 qui
2466 3357 2644 3442 prius
2682 3357 2751 3420 in
2792 3354 3015 3421 eodem

535 3559 538 3564 Ι
585 3462 755 3540 .loco
794 3460 1061 3528 sederit!
1181 3461 1275 3529 Of.
1323 3485 1386 3548 p.
1430 3461 1560 3529 227
1610 3463 1753 3528 adn.
1802 3462 1897 3528 De
1939 3463 2054 3528 hoc
2095 3483 2217 3527 usu
2258 3462 2438 3528 verbi
2489 3483 2828 3530 servare
2870 3461 3013 3527 vide

623 3568 918 3655 exempla
963 3567 1268 3634 Plautina
1315 3569 1485 3655 apud
1531 3570 1897 3634 Fabiam.

709 3675 870 3741 Ibid.
926 3675 1009 3740 12
1080 3675 1224 3760 Ipse
1271 3677 1395 3741 sibi
1440 3679 1614 3744 cavit
1657 3675 1799 3741 loco

710 3781 906 3847 Recte
965 3781 1258 3847 Fabia:
1331 3781 1387 3847 Il
1436 3804 1473 3848 a
1519 3803 1775 3868 pourvu
1823 3783 1861 3848 a
1910 3803 1978 3846 sa
2023 3803 2253 3868 propre
2302 3781 2513 3848 surete
2563 3802 2677 3867 par
2723 3780 2788 3847 la
2832 3780 3009 3868 place

619 3910 706 3973 qu
710 3888 777 3954 'il
823 3909 860 3954 a
905 3891 1098 3975 prise.
1194 3888 1334 3955 Hoc
1379 3888 1589 3956 voluit
1638 3889 1822 3968 Don.,
1872 3910 2020 3954 cum
2068 3890 2408 3954 scriberet:
2459 3887 2819 3970 (1)„''loco
2862 3889 3013 3952 sim·

617 3993 894 4080 pliciter,
959 3997 1110 4080 quia
1173 4002 1319 4081 post
1367 3998 1681 4081 principia
1733 4001 1855 4075 (vs.
1906 3995 2037 4076 11).
2179 3994 2279 4059 IP
2329 3994 2508 4060 docte
2556 3996 2770 4080 magis
2818 4015 3013 4093 quam

618 4093 938 4186 apposite:
1005 4100 1104 4184 (3)
1169 4102 1266 4166 An
1321 4101 1542 4179 „loco”
1595 4105 1677 4166 in
1725 4100 1946 4178 loco,
1998 4107 2513 4187 opportune,
2563 4102 2889 4180 εὐκαίρως,
2936 4093 3015 4163 ut

621 4210 1002 4293 „pecuniam
1049 4211 1117 4272 in
1165 4207 1306 4273 loco
1353 4208 1729 4294 negligere''
1781 4208 1928 4289 (Ad.
1979 4207 2041 4273 II
2090 4205 2289 4289 2.8)?
2428 4207 2683 4273 Tertius
2730 4208 2798 4271 in
2846 4225 3013 4272 mar·

615 4316 768 4401 gine
815 4314 1106 4380 dederat:
1157 4315 1253 4397 (3)
1300 4317 1401 4380 An
1451 4337 1563 4400 pro
1611 4314 1705 4380 de
1751 4313 1983 4380 loco?

706 4418 866 4484 Ibid.
923 4419 1004 4485 13
1072 4421 1252 4487 Idem
1300 4423 1418 4486 hoe
1462 4423 1592 4507 iam
1643 4420 1936 4507 Pyrrhus
1984 4422 2309 4487 factitavit

707 4524 802 4606 (l)
863 4525 1092 4592 Irridet
1152 4527 1414 4613 quidem
1458 4533 1683 4612 poeta,
1736 4534 2188 4594 verumtamen
2237 4526 2517 4595 ostendit
2564 4526 2842 4592 officium
2893 4526 3013 4604 im-
