3392 5384
1387 409 1703 461 nouam.
2614 393 2746 462 291

455 578 510 642 A
532 577 627 659 (1)
701 575 1172 655 „insimulare”
1245 582 1340 642 est
1408 577 1652 642 crimen
1712 578 2039 664 ingerere3
2106 578 2197 642 sic
2258 575 2479 644 Cicero
2545 577 2755 656 „nibil

364 704 587 750 eorum
639 705 800 769 quae
848 680 1024 748 Galli
1071 681 1571 761 insimulabant,
1622 681 1932 769 negavit'’
1984 681 2151 764 (Cat.
2201 682 2296 747 111
2349 683 2476 765 12).
2581 683 2753 765 Β(1)

363 789 918 855 Insimulatio
981 795 1079 854 est
1143 794 1208 854 et
1271 789 1416 854 falsi
1480 795 1546 856 et
1598 791 1732 855 veri
1780 791 2072 855 criminis
2119 791 2435 856 incusatio
2452 809 2469 868 ;
2520 792 2610 855 sic
2656 785 2759 856 Oi-

366 917 509 962 cero
557 896 724 978 (l.l.).

457 1002 631 1068 Illud
669 1004 1029 1090 genuinum
1069 1007 1200 1080 est,
1239 1002 1356 1066 hoc
1396 1001 1718 1080 Editoris,
1758 1004 1870 1089 qui
1908 1006 2085 1068 amat
2116 1003 2343 1080 verba,
2379 1004 2757 1088 praesertim

370 1111 808 1188 substantiva,
874 1109 1158 1175 derivata
1220 1109 1299 1174 ab
1360 1129 1433 1174 eo
1485 1107 1654 1193 quod
1701 1109 1765 1172 in
1819 1112 2004 1174 textu
2052 1113 2182 1186 est,
2230 1109 2297 1172 in
2344 1129 2607 1174 censum
2654 1128 2761 1174 vo·

373 1237 530 1282 care.
671 1214 884 1302 Igitur
928 1217 998 1279 in
1046 1215 1102 1278 A
1149 1218 1625 1293 commentum,
1672 1215 1741 1278 in
1787 1214 1842 1279 B
1888 1213 2221 1280 Editorem
2259 1214 2571 1280 habemus
2609 1234 2759 1279 cum

373 1322 667 1408 exemplo
715 1322 1086 1388 commenti.

391 1416 400 1419 ’
461 1429 624 1494 Ibid.
677 1428 758 1494 13
832 1427 884 1492 O
931 1428 1301 1506 audaciam,
1353 1429 1550 1493 etiam
1601 1449 1707 1494 me
1752 1427 1929 1494 ultro
1976 1432 2349 1494 accusatum
2396 1424 2689 1494 advenitl

465 1536 551 1602 A:
599 1534 1001 1602 Exclamatio
1049 1540 1178 1614 est3
1230 1539 1296 1600 et
1339 1535 1655 1614 ostendit,
1697 1535 1852 1621 quid
1891 1536 2152 1601 absente
2192 1541 2373 1621 patre
2414 1534 2765 1600 defenderit

371 1642 566 1708 filius.
704 1642 788 1707 B:
838 1641 966 1708 Hic
1010 1643 1142 1707 iam
1191 1641 1548 1707 ostenditur
1591 1663 1969 1727 persuasum
2019 1642 2411 1728 Demiphoni
2450 1663 2585 1708 esse
2624 1643 2765 1709 vim

374 1749 730 1814 adhibitam
792 1747 924 1813 filio
988 1769 1104 1813 suo
1169 1769 1432 1814 uxorem
1498 1748 1762 1826 ducere,
1825 1771 1953 1814 uno
2013 1770 2164 1814 cum
2226 1749 2400 1814 hunc
2458 1748 2765 1814 audacem

372 1855 688 1942 appellat,
753 1854 952 1921 altero
1016 1854 1186 1940 quod
1251 1854 1407 1920 dicit
1474 1853 1783 1933 „etiam'',
1847 1877 2007 1942 quae
2055 1857 2417 1922 coniunctio
2462 1855 2540 1921 ad
2589 1854 2768 1919 Anti-

374 1963 654 2048 phonem
702 1963 1124 2038 convertitur,
1173 1966 1238 2026 et
1282 1963 1372 2026 sic
1425 1960 1907 2038 ‚‚accusatum''.

468 2069 687 2134 Altera
733 2089 880 2154 pars
927 2066 1152 2133 scholii
1197 2067 1255 2132 A
1305 2071 1414 2146 „et
1460 2067 1782 2133 ostendit’'
1831 2073 1980 2134 cett.
2029 2071 2347 2163 pertinere
2386 2067 2650 2135 videtur
2686 2067 2766 2133 ad

380 2197 508 2243 vss.
573 2180 906 2262 sequentes
951 2181 1015 2241 et
1060 2178 1158 2239 est
1205 2159 1238 2238 e
1283 2195 1517 2264 genere
1566 2175 1882 2240 rhetorico
1931 2174 2102 2260 quod
2149 2196 2185 2240 a
2230 2166 2479 2240 Donato
2525 2173 2770 2239 abiudi-

383 2284 525 2348 cavi
583 2284 648 2346 in
715 2281 962 2347 Mnem.
1011 2279 1301 2345 XXXIII
1347 2279 1480 2345 229
1507 2301 1640 2366 sqq.
1706 2282 2017 2366 cuiusque
2082 2279 2375 2366 exempla
2436 2282 2504 2344 in
2566 2280 2767 2344 Phor-

379 2390 593 2454 mione
655 2386 798 2453 dedi
856 2408 919 2472 p.
969 2386 1102 2451 244
1127 2407 1260 2472 sqq.
1399 2385 1607 2451 Schol.
1671 2386 1745 2451 B.
1812 2389 2087 2472 pessime
2137 2391 2468 2452 exaratum
2517 2384 2768 2451 Donato

382 2496 518 2561 dari
579 2517 705 2560 non
761 2499 1006 2580 potest,
1076 2514 1228 2558 nam
1290 2498 1354 2558 et
1416 2491 1800 2559 exclamatio
1867 2515 1945 2571 „o
1993 2493 2372 2560 audaciam''
2433 2514 2766 2579 perperam

379 2603 660 2668 trahitur
697 2601 775 2666 ad
814 2603 1283 2666 accusationem
1327 2600 1751 2686 Antiphonis,
1801 2607 1865 2666 et
1914 2623 1985 2667 ea
2025 2622 2186 2687 quae
2222 2606 2408 2666 sunt:
2453 2600 2767 2678 „ducere”

378 2727 494 2796 pro
543 2715 660 2787 „ut
708 2708 1004 2773 duceret''
1041 2709 1106 2789 ¹),
1162 2706 1373 2785 „uno”
1429 2707 1739 2787 „altero’',
1781 2709 2199 2797 „coniunctio
2247 2710 2646 2774 convertitur
2690 2707 2770 2772 ad

379 2815 502 2881 A.''
567 2815 643 2880 ab
690 2813 869 2879 illius
915 2812 1242 2879 latinitate
1290 2816 1485 2879 nimis
1533 2814 1895 2880 abhorrent.
1944 2813 2160 2900 Igitur
2207 2814 2496 2880 Donatus
2544 2813 2620 2878 de
2668 2834 2771 2878 ex·

379 2920 760 2988 clamatione
798 2923 1130 3006 perspicua
1155 2923 1376 2986 tacuit.
1420 2920 1476 2985 A
1515 2921 1838 2986 rhetorem
1862 2920 2083 2998 habet,
2125 2919 2178 2985 B
2216 2919 2769 3007 Interpolatorem.

473 3027 633 3093 Ibid.
687 3025 771 3092 14
841 3026 1159 3092 Phorm.
1224 3027 1392 3092 Nam
1439 3029 1572 3092 iam
1621 3026 2016 3092 adulescenti
2061 3025 2228 3092 nihil
2273 3033 2371 3092 est
2419 3026 2589 3112 quod
2638 3047 2773 3091 suc-

384 3156 673 3201 censeam
723 3136 777 3198 si
822 3132 1014 3198 illum
1060 3136 1279 3198 minus
1325 3140 1512 3199 norat

479 3240 535 3305 A
559 3240 654 3322 (2)
700 3239 858 3305 Vide
905 3245 979 3304 ut
1028 3242 1406 3305 veteratorie
1454 3239 1745 3305 ostendat
1782 3239 2237 3305 contradixisse
2276 3238 2769 3305 adulescentem.

477 3347 651 3428 Β(1)
699 3347 824 3411 Hic
871 3345 1198 3411 subtiliter
1243 3367 1314 3411 ac
1353 3344 1626 3410 latenter
1651 3343 1702 3427 ²)
1742 3351 2063 3433 purgatur
2099 3367 2135 3410 a
2173 3346 2562 3411 Phormione
2602 3345 2773 3430 apud

381 3459 630 3540 patrem
694 3452 1018 3537 Antipho:
1068 3473 1219 3517 cum
1267 3451 1423 3516 dicit
1474 3453 1647 3528 „iam
1696 3473 1818 3517 non
1869 3457 1966 3516 est
2011 3450 2179 3538 quod
2228 3471 2633 3516 succenseam
2678 3453 2775 3515 iu-

384 3559 588 3626 veni’'·
626 3558 902 3624 ostendit
949 3557 1155 3624 adhuc
1206 3559 1637 3623 succensuisse
1676 3562 1742 3622 et
1779 3560 2042 3623 inimico
2080 3557 2279 3622 fuisse
2316 3559 2560 3636 animo,
2600 3578 2775 3622 cum-

385 3686 508 3751 que
552 3665 731 3730 addit
779 3667 875 3742 „si
919 3663 1110 3730 illum
1160 3667 1378 3730 minus
1425 3664 1675 3744 norat’',
1720 3665 2000 3730 ostendit
2044 3664 2500 3730 contradixisse
2546 3664 2669 3729 sibi
2710 3667 2775 3728 et

383 3774 696 3839 restitisse
757 3773 823 3836 in
887 3771 1146 3837 iudicio.
1285 3771 1381 3852 (2)
1443 3771 1529 3836 Et
1593 3773 1696 3843 sic,
1746 3771 1940 3850 dicit,
2003 3773 2186 3857 quasi
2232 3769 2603 3836 adulescens
2648 3791 2775 3835 non

385 3899 732 3967 agnoscens
781 3877 1065 3963 puellam
1113 3880 1370 3943 veniam
1417 3879 1777 3956 meruerit,
1814 3884 1996 3963 pater
2043 3883 2277 3964 negata
2316 3882 2585 3964 cognata
2625 3876 2779 3942 ferri

385 4008 509 4052 non
558 3987 780 4071 possit.

477 4090 756 4168 Delenda
794 4096 945 4156 sunt
985 4111 1145 4177 quae
1187 4090 1263 4157 de
1301 4093 1405 4157 his
1447 4091 1805 4177 disputavi,
1846 4112 1995 4156 cum
2040 4092 2206 4156 mihi
2247 4091 2324 4155 de
2354 4089 2481 4156 loci
2504 4089 2778 4155 lectione

459 4388 512 4451 1)
558 4384 700 4450 Quod
745 4382 861 4432 olim
893 4381 1078 4431 correxi
1116 4381 1295 4432 Mnem.
1331 4379 1518 4430 XXXII
1555 4381 1670 4440 249,
1706 4381 1786 4429 sed
1820 4381 2030 4446 praestat
2067 4377 2125 4428 ab
2164 4378 2580 4444 Interpolatorum
2614 4378 2779 4430 latini-

383 4472 486 4519 tate
521 4483 691 4516 manus
724 4464 976 4515 abstinere.

454 4551 512 4616 2)
545 4548 780 4599 Similiter
816 4551 938 4598 Don.
975 4547 1224 4614 usurpavit
1265 4544 1531 4596 „latenter”
1564 4546 1618 4595 ΙΙ
1655 4547 1701 4596 1.
1722 4547 1785 4596 13
1805 4546 1894 4608 (2),
1926 4545 2016 4596 Ad.
2052 4545 2093 4592 V
2131 4545 2178 4594 8.
2198 4545 2245 4593 6.
