3392 5384
1381 415 1692 465 nomm.
2074 470 2093 477 ‚
2420 408 2426 414 ’
2601 399 2733 465 301

447 586 537 651 A:
603 583 745 663 „Tu
790 588 854 649 te
897 585 944 649 i.
992 604 1080 649 m.
1128 582 1240 649 f.”.
1302 583 1511 649 Locus
1558 585 1655 647 est
1699 582 1805 646 hic
1852 585 1927 646 ut
1973 601 2039 647 se
2086 581 2377 648 ostendat
2422 583 2729 649 Phormio

353 692 430 757 de
469 696 802 777 compacto
840 692 1048 777 egisse
1087 710 1237 756 cum
1278 689 1668 775 Antiphone.
1770 686 1862 760 B:
1904 688 2179 769 Quidam
2218 692 2308 755 sic
2343 689 2740 777 intellegunt

355 806 471 878 „tu
534 802 597 863 te
655 796 743 862 id.
793 818 882 861 m.
931 796 1046 875 f.”,
1110 801 1186 871 ut
1241 817 1432 861 senex
1492 797 1713 881 potius
1776 800 1959 860 exeat
2008 816 2202 881 quam
2250 798 2440 862 eiciat
2486 796 2732 876 filium;

350 903 687 971 artificiose
736 910 954 969 autem
1001 902 1291 988 loquitur
1339 903 1682 979 Phormi0,
1731 906 1807 965 ut
1852 900 2093 966 adimat
2133 904 2562 987 suspicionem
2602 906 2739 967 seni

349 1013 779 1078 consensionis
840 1016 905 1075 et
951 1010 1426 1076 convenientiae
1472 1010 1642 1073 inter
1686 1010 2042 1093 parasitum
2090 1015 2156 1075 et
2203 1006 2433 1074 filium.
2589 1009 2738 1075 Sen-

351 1120 554 1183 tentia
616 1118 957 1184 verborum
1025 1115 1168 1194 „Tu
1228 1121 1292 1181 te
1352 1114 1525 1181 idem
1585 1112 1822 1179 melius
1869 1114 2401 1200 feceris''·aperta
2447 1120 2544 1181 est
2591 1121 2655 1182 et
2702 1137 2738 1181 a
2868 1178 2879 1199 „

349 1222 744 1289 Slomano
807 1226 898 1289 sic
962 1222 1244 1288 reddita:
1312 1224 1410 1300 „it
1474 1220 1690 1286 would
1750 1220 1827 1285 be
1890 1221 2096 1287 better
2156 1226 2223 1286 to
2285 1221 2365 1287 do
2411 1222 2519 1287 the
2566 1243 2741 1288 same

345 1329 508 1397 with
552 1328 885 1416 yourself'
933 1331 976 1394 i.
1003 1350 1056 1396 e.
1111 1334 1221 1407 „to
1267 1327 1450 1395 leave
1492 1328 1602 1393 the
1642 1327 1843 1392 house
1884 1326 2239 1415 yourself'.
2288 1328 2369 1393 Et
2412 1330 2501 1394 sic
2541 1332 2740 1395 etiam

349 1435 777 1503 Dziatzko.
827 1435 933 1501 Illi
974 1433 1325 1522 „quidam”
1368 1436 1577 1521 igitur
1617 1438 1787 1499 recte
1829 1432 2291 1500 intellexerunt
2329 1455 2443 1500 nec
2468 1437 2742 1522 cogitari

349 1547 595 1629 potest,
667 1541 984 1629 quomodo
1055 1541 1431 1619 scholiasta,
1499 1542 1614 1625 qui
1677 1542 1788 1605 vix
1851 1538 2015 1605 alius
2076 1559 2209 1605 esse
2273 1546 2484 1625 potest
2543 1562 2740 1626 quam

353 1652 490 1735 ipse
551 1649 876 1727 Donatus,
935 1650 1299 1734 pervenerit
1345 1648 1423 1713 ad
1471 1640 1739 1713 alteram
1786 1648 2421 1732 interpretationum,
2470 1650 2596 1712 nisi
2643 1669 2744 1712 su-

355 1759 600 1823 mimus
660 1777 811 1822 eum
871 1754 1106 1841 legisse
1172 1754 1424 1833 „Tute
1477 1754 1651 1819 idem
1698 1775 1789 1819 m.
1839 1752 1928 1817 f.’'
1977 1753 2169 1839 idque
2216 1756 2308 1819 sic
2353 1752 2737 1839 explicasse:

354 1863 480 1929 Fac
532 1862 706 1927 idem
771 1862 939 1947 quod
992 1862 1213 1927 dixisti
1273 1864 1342 1942 (i.
1369 1882 1423 1926 e.
1487 1860 1756 1945 prohibe
1803 1857 2012 1924 filium
2059 1880 2207 1924 cum
2256 1882 2453 1925 uxore
2500 1860 2739 1942 domo),

355 1968 519 2035 nihil
586 1968 820 2034 melius
888 1969 1090 2035 facere
1159 1969 1420 2053 poteris.
1482 1965 1662 2031 Tunc
1724 1964 1966 2031 lemma
2026 1964 2258 2031 Donati
2319 1966 2447 2032 fuit
2492 1966 2742 2048 Tute,

259 2096 268 2103 ·
354 2098 483 2141 non
545 2074 658 2140 Tu
718 2085 833 2153 te,
900 2079 964 2140 et
1024 2072 1224 2139 simul
1285 2072 1643 2138 declaratur
1705 2093 1819 2138 cur
1878 2070 2223 2137 insolenter
2280 2071 2522 2139 lemma
2569 2064 2764 2158 repe?

355 2188 552 2261 tatur,
617 2202 844 2268 nempe
906 2180 1074 2267 quod
1122 2180 1278 2245 dicit
1325 2182 1444 2245 sic
1489 2178 2026 2264 intelligunt
2071 2178 2138 2243 id
2186 2184 2431 2265 spectat
2475 2178 2744 2245 alteram

352 2289 732 2366 lectionem,
798 2309 958 2373 quae
1020 2287 1358 2365 subicitur,
1421 2292 1510 2351 tu
1571 2291 1685 2363 te,
1727 2286 1883 2350 haec
1928 2287 2135 2371 igitur
2180 2284 2370 2351 lectio
2419 2286 2737 2351 obiectum

357 2401 456 2462 est
510 2396 691 2462 verbi
750 2393 1175 2480 inteUegunt,
1243 2414 1368 2458 non
1423 2412 1691 2476 sequens
1748 2393 2062 2456 sententia
2119 2396 2235 2470 „ut
2292 2388 2526 2457 senex''
2591 2399 2741 2457 cett.

359 2502 465 2569 Sic
527 2502 764 2567 Donati
827 2498 1167 2586 explicatio
1212 2520 1340 2565 non
1386 2499 1647 2586 quidem
1696 2497 1983 2577 defendi,
2031 2498 2142 2564 sed
2187 2504 2402 2566 tamen
2452 2502 2765 2566 excusari.

359 2607 828 2695 quodammodo
875 2609 1130 2695 poterit.

451 2714 664 2781 Schol.
704 2716 780 2794 A,
817 2713 993 2801 quod
1032 2714 1423 2779 contrarium
1460 2712 1641 2779 docet
1679 2716 1873 2797 atque
1913 2712 2202 2778 Donatus
2222 2724 2509 2800 ,nempe
2547 2714 2745 2780 Phor-

357 2824 640 2887 mionem
687 2844 812 2890 non
858 2820 1059 2888 celare
1105 2820 1213 2886 sed
1260 2820 1587 2886 ostendere
1633 2822 2112 2885 consensionem
2158 2842 2307 2886 cum
2353 2821 2742 2907 Antiphone,

255 2966 270 2984 ι
357 2932 582 3016 utique
627 2928 876 2994 Editori
924 2927 1392 3015 adsignandum
1442 2934 1557 2994 est.
1614 2927 1695 2994 W
1711 2949 1745 2993 e
1763 2950 1791 2992 s
1808 2950 1838 2993 s
1855 2950 1897 2991 n
1914 2949 1947 2995 e
1965 2950 1996 2992 r
2012 2950 2056 2993 u
2073 2950 2102 2993 s
2166 2950 2316 2993 cum
2370 2927 2422 2992 'l'
2438 2950 2471 2994 e
2489 2950 2533 2993 u
2551 2930 2591 2994 b
2608 2951 2641 2994 e
2660 2952 2691 2993 r
2707 2951 2743 2994 o

360 3041 599 3106 temere
660 3038 933 3101 correxit
997 3030 1262 3120 ‚‚<non>
1331 3034 1407 3099 de
1468 3039 1801 3120 compacto
1865 3055 1918 3099 e.
1968 3056 2021 3099 c.
2073 3033 2232 3114 A.'’3
2313 3040 2459 3099 tum
2522 3041 2743 3101 autem

356 3141 673 3209 scholium
735 3143 1121 3226 conspiraret
1181 3162 1332 3206 cum
1394 3139 1635 3206 Donati
1694 3143 2219 3226 interpretatione
2282 3147 2347 3205 et
2392 3143 2744 3226 pertineret

358 3247 439 3320 ad
498 3246 959 3334 parallelorum
1019 3248 1294 3332 speciem
1342 3244 1855 3331 Interpolatoris,
1903 3245 2016 3310 ubi
2063 3246 2284 3310 eadem
2335 3244 2480 3311 aliis
2528 3249 2742 3313 verbis

357 3357 614 3442 repetit.
1449 3360 1458 3369 ’

450 3460 721 3546 Reliqua
758 3459 998 3526 scholia
1035 3459 1450 3535 brevissima,
1494 3456 1575 3521 ad
1613 3477 1711 3522 vs.
1758 3454 1866 3533 81,
1910 3454 2018 3533 82,
2062 3455 2169 3535 86,
2214 3455 2322 3534 88,
2360 3456 2468 3535 90,
2496 3456 2604 3535 92,
2633 3456 2741 3537 93,

360 3570 575 3633 omnia
634 3566 946 3653 leguntur
1004 3567 1073 3630 in
1131 3565 1210 3643 A,
1274 3566 1400 3628 nisi
1462 3561 1632 3649 quod
1694 3561 1772 3627 ad
1834 3583 1932 3628 vs.
1982 3561 2067 3628 93
2118 3563 2171 3628 Β
2217 3567 2396 3628 notat
2445 3562 2742 3643 ἔλλειψιν.

359 3673 535 3739 Haec
583 3675 798 3740 omnia
842 3674 1124 3760 genuina
1170 3676 1322 3736 sunt
1368 3675 1618 3755 praeter
1664 3667 1750 3733 86
1775 3688 1796 3761 :-
1856 3668 2073 3750 „Quae
2119 3675 2299 3736 tuam
2347 3675 2742 3736 senectutem

361 3778 676 3845 oblectet'’
726 3800 881 3845 non
930 3785 993 3844 te
1040 3778 1179 3844 sed
1226 3783 1406 3842 tuam
1455 3781 1871 3842 senectutem.
1988 3776 2206 3842 Huius
2246 3783 2574 3844 auctorem
2612 3780 2745 3843 iam

360 3888 696 3963 novimus,
761 3884 928 3950 redit
989 3885 1068 3950 ad
1130 3884 1328 3949 Andr.
1379 3884 1433 3949 V
1481 3883 1542 3949 3.
1575 3882 1657 3948 15
1682 3883 1778 3966 (3)
1842 3882 1986 3950 Non
2052 3884 2240 3963 „me”
2306 3884 2416 3950 sed
2486 3905 2742 3963 „meam

361 3990 825 4070 senectutem’',
873 3989 1045 4077 quod
1092 3989 1237 4077 plus
1284 3994 1380 4055 est
1425 3996 1490 4056 et
1536 3989 2006 4068 miserabilius,
2054 3989 2232 4056 dicit.

449 4206 813 4290 Antequam
859 4227 938 4295 ex
984 4205 1102 4272 hac
1150 4206 1539 4273 scholiorum
1577 4206 1938 4272 recensione
1977 4203 2056 4270 ad
2094 4204 2554 4271 Phormionem
2600 4204 2661 4270 H
2704 4205 2745 4271 3

358 4313 731 4380 concludam
795 4313 872 4378 de
935 4313 1211 4380 duorum
1276 4315 1578 4380 ordinum
1625 4314 1681 4377 A
1728 4318 1793 4378 et
1837 4311 1891 4376 B
1935 4316 2166 4377 natura
2211 4318 2402 4396 atque
2453 4313 2743 4397 origine,

355 4424 536 4506 prius
603 4420 1127 4506 interpolationes
1198 4442 1528 4506 exsequar,
1600 4440 1763 4505 quae
1830 4422 1899 4483 in
1961 4418 2432 4485 rarescentibus
2486 4417 2744 4486 scholiis

354 4530 776 4596 inveniuntur
820 4527 899 4594 ad
945 4527 1235 4594 eiusdem
1283 4527 1537 4594 fabulae
1584 4546 1842 4593 scaenas
1889 4524 1952 4590 II
1998 4522 2187 4590 4-V
2237 4523 2300 4593 9.
