3392 5384
657 406 790 473 298
1695 424 2011 475 Donamus.

655 592 715 657 A
765 598 830 659 et
878 592 930 657 B
992 595 1528 660 exstiterunt
1589 592 1914 658 demum
1977 612 2071 657 ex
2134 590 2539 659 Editione
2585 592 3049 680 Interpola-

652 700 904 777 toris,
969 721 1123 764 non
1186 721 1278 765 ex
1338 702 1522 784 ipso
1583 701 1748 764 iam
1798 698 2109 764 Donati
2155 704 2648 766 commento.
2716 700 2893 766 Haec
2939 720 3050 765 au-

651 810 788 871 tem
833 804 1062 884 editio,
1112 811 1186 871 ut
1231 806 1582 872 identidem
1635 807 2160 884 observavimus,
2214 804 2737 892 magistellorum
2795 828 3048 892 quoque

651 910 1089 978 additamenta
1136 914 1392 979 tenebat
1437 915 1504 977 in
1554 913 1957 998 marginibus
2004 910 2111 978 vel
2157 914 2354 977 etiam
2401 915 2469 978 in
2518 918 2725 978 textu.

748 1018 914 1085 Hinc
977 1019 1221 1084 factum
1284 1025 1416 1098 est,
1480 1023 1555 1084 ut
1616 1028 1681 1085 et
1739 1020 1971 1086 horum
2036 1019 2375 1084 hominum
2438 1025 2503 1085 et
2566 1018 3049 1104 Interpolatoris

654 1144 843 1209 opera
905 1123 1088 1190 nullo
1153 1124 1522 1190 discrimine
1581 1127 1648 1189 in
1711 1129 1982 1210 utroque
2043 1124 2263 1190 ordine
2310 1125 2821 1210 deprehendatur
2863 1128 3049 1191 iuxta.

653 1229 896 1296 scholia
956 1252 1283 1318 germana.
1356 1229 1817 1298 Confirmatam
1878 1232 2126 1299 videbit
2189 1231 2352 1297 hanc
2413 1231 2710 1318 regulam
2757 1234 3049 1318 quisquis

655 1336 897 1403 scholia
941 1340 1074 1403 iam
1121 1344 1393 1403 tractata
1439 1343 1504 1403 et
1551 1340 1747 1404 etiam
1795 1337 2122 1404 tractanda
2169 1338 2248 1403 ad
2297 1358 2439 1404 eam
2486 1340 2793 1425 exegerit.

743 1443 905 1509 Ibid.
957 1443 1044 1509 30
1113 1441 1348 1511 Getam
1397 1464 1582 1510 suam
1631 1447 1801 1510 senis
1850 1444 2284 1511 defensionem
2329 1448 2677 1511 iactantem
2714 1445 2820 1510 hic
2858 1446 3053 1510 inter-

656 1549 852 1636 pellat
899 1551 1036 1615 his:

749 1656 884 1722 Ohe
931 1660 1119 1741 [iam]
1169 1655 1419 1723 desine!

746 1762 833 1828 A:
883 1763 1164 1849 Imponit
1219 1762 1553 1830 silentium
1602 1760 1839 1842 Getae,
1888 1765 2071 1850 quasi
2119 1762 2433 1855 validiora
2478 1764 2769 1830 dicturus
2817 1766 2937 1843 sit,
2984 1770 3055 1831 81

653 1872 743 1935 818
793 1874 858 1935 81
895 1891 1086 1955 supra
1127 1872 1346 1949 „tace”
1391 1870 1555 1936 dixit
1595 1891 1788 1935 senex
1827 1876 1949 1951 (vs.
1992 1870 2128 1952 28).
2268 1871 2349 1936 B:
2400 1870 2540 1937 Hac
2580 1893 2733 1937 voce
2774 1872 3055 1937 ostendit

655 1976 802 2062 plus
847 1980 1020 2041 iusto
1068 1999 1183 2063 pro
1231 1998 1298 2042 88
1345 1976 1642 2044 locutum
1691 1976 1899 2043 videri
1939 1975 2211 2054 Getam,
2253 1998 2403 2043 nam
2445 1978 2653 2055 „ohe”
2692 1980 3053 2044 interiectio

657 2088 756 2148 est
821 2086 1183 2150 satietatem
1246 2106 1450 2171 usque
1513 2085 1593 2150 ad
1653 2078 1992 2149 fastidiu’m
2056 2083 2417 2170 designans.
2483 2083 2796 2150 Horatius
2844 2084 2936 2164 (S.
2985 2084 3052 2149 H

661 2190 721 2255 5.
751 2188 864 2270 96)
912 2191 1153 2269 „donec
1203 2189 1449 2270 „ohel”
1499 2193 1631 2257 iam
1678 2191 1760 2256 ad
1806 2189 2059 2256 caelum
2109 2191 2407 2256 manibus
2456 2190 2755 2256 sublatis-
2776 2191 3051 2271 dixerit,

663 2297 889 2383 urge”.

753 2402 915 2469 Ecce
964 2406 1129 2469 ratio
1175 2406 1488 2490 superiori
1531 2424 1792 2489 prorsus
1840 2404 2190 2481 contraria,
2239 2424 2388 2469 cum
2429 2425 2600 2469 nunc
2648 2404 2706 2469 A
2753 2405 3053 2480 exhibeat

661 2509 945 2576 Editoris
992 2510 1306 2577 scholium
1357 2509 1688 2577 aemulum
1738 2510 2011 2576 Donatei
2056 2512 2124 2575 in
2164 2509 2238 2589 B,
2280 2512 2463 2575 cuius
2503 2510 2760 2577 attende
2798 2510 3054 2597 elegan-

659 2619 821 2682 tiam
882 2620 950 2681 in
1012 2617 1378 2683 definitione
1437 2624 1501 2683 et
1563 2616 1877 2701 exemplo.
1942 2616 2080 2697 Quo
2141 2618 2282 2681 iure
2343 2623 2563 2682 autem
2623 2619 2691 2681 in
2746 2619 2802 2682 A
2853 2617 3055 2697 „vali-

658 2722 878 2788 diora”
921 2723 1189 2801 dicatur,
1238 2745 1366 2789 non
1405 2743 1741 2808 assequor3
1783 2729 2111 2808 exspectas
2154 2724 2409 2809 „magis
2448 2723 2655 2789 vana''
2677 2745 2694 2804 ς
2736 2730 2801 2789 81
2839 2725 3052 2790 confer

659 2827 976 2893 scholium
1023 2828 1108 2893 33
1136 2830 1232 2909 (l)
1296 2829 1493 2906 „Ais”
1545 2828 1820 2893 dicimus
1868 2828 1945 2893 de
1991 2829 2093 2893 1118
2143 2831 2256 2915 qui
2306 2850 2471 2895 vana
2518 2829 2896 2915 loquuntur,
2947 2832 3053 2895 di-

661 2955 845 2999 cere
892 2941 1110 3001 autem
1158 2936 1234 3001 de
1280 2936 1416 3015 his,
1468 2938 1580 3021 qui
1625 2934 1971 3014 validiora,
2015 2973 2100 2984 —
2148 2935 2317 3001 unde
2360 2936 2478 3001 Ed.
2520 2958 2745 3003 vocem
2785 2938 3053 3004 fortasse

662 3044 962 3126 sumpsit.

749 3146 849 3211 Ad
914 3147 1085 3214 hunc
1143 3170 1346 3235 usque
1394 3169 1656 3216 versum
1704 3150 1897 3214 series
1944 3149 1999 3214 B
2046 3148 2440 3216 scholiorum
2486 3171 2757 3217 numero
2806 3156 2872 3217 et
2916 3150 3052 3217 lon·

656 3252 952 3339 gitudine
1014 3254 1224 3322 multo
1285 3255 1669 3342 locupletior
1730 3256 1895 3333 fuit,
1960 3255 2071 3321 sed
2133 3256 2281 3322 inde
2344 3278 2381 3322 8
2441 3279 2535 3323 vs.
2590 3257 2670 3322 31
2737 3257 2937 3324 altera
2990 3258 3050 3323 A

658 3364 932 3447 utroque
978 3365 1239 3428 nomine
1285 3368 1563 3449 superat.

752 3468 847 3535 De
895 3468 1156 3534 scholiis
1203 3470 1259 3533 A
1307 3468 1386 3533 ad
1433 3490 1526 3535 ve.
1571 3465 1859 3547 31-35,
1901 3469 2015 3533 ubi
2058 3468 2111 3532 B
2153 3468 2363 3549 deest,
2404 3468 2570 3535 nihil
2609 3470 3048 3537 adnotandum

658 3582 756 3644 est
817 3581 1068 3662 praeter
1130 3574 1448 3640 emblema
1508 3578 1808 3661 magistri
1850 3581 1963 3641 aut
2007 3566 2292 3640 Editoris
2337 3578 2407 3641 in
2454 3575 2540 3642 32
2567 3575 2663 3658 (2)
2713 3577 2929 3655 „Mihi
2972 3585 3049 3644 111

659 3681 1079 3769 respondeas’'
1144 3682 1303 3747 bene
1362 3681 1610 3758 „mihi”
1673 3685 1902 3766 utpote
1948 3683 2118 3766 patri
2166 3680 2609 3748 adulescentie.
2662 3721 2747 3732 —
2795 3683 2902 3749 vel
2947 3684 3051 3750 do·

661 3793 838 3855 mino
896 3786 1132 3865 Getae,
1198 3786 1305 3854 vel
1367 3789 1564 3852 etiam
1625 3789 1783 3853 seni.
1850 3825 1935 3836 —
2001 3787 2273 3874 Reliqua
2332 3790 2401 3854 in
2461 3789 2562 3855 his
2622 3790 2882 3857 scholiis
2942 3812 3049 3878 ge-

661 3900 860 3963 nuina
910 3901 1079 3961 sunt.

751 4003 915 4069 Ibid.
966 3999 1050 4066 35
1123 4000 1397 4068 Proinde
1446 4003 1769 4086 expiscere
1818 4003 1999 4087 quasi
2045 4024 2169 4067 non
2216 4004 2387 4067 noris

755 4112 811 4175 A
883 4108 1334 4193 Expiscari
1393 4114 1489 4173 est
1553 4105 2051 4194 diligentissime
2120 4128 2458 4193 quaerere,
2521 4109 2782 4175 ubinam
2848 4112 3049 4196 pisces
3076 4112 3113 4139 ³

658 4216 920 4283 lateant.
969 4252 1052 4264 —-
1092 4214 1266 4302 Ergo
1311 4219 1589 4279 tractum
1631 4214 1902 4280 verbum
1942 4235 1979 4279 a
2014 4216 2459 4300 piscatoribus.
2592 4218 2645 4283 B
2687 4217 3047 4295 „Proinde”

658 4322 1104 4390 similitudinis
1165 4321 1546 4387 adverbium
1607 4319 1798 4385 modo
1856 4327 1987 4396 881,
2036 4342 2161 4386 11011
2209 4324 2570 4390 coniunctio
2618 4329 2693 4388 ut
2743 4323 3049 4409 „proinde

664 4436 814 4494 tona
860 4427 1144 4512 eloquio,
1197 4426 1462 4493 solitum
1514 4427 1674 4492 tibi’'
1726 4427 1908 4507 (Aen.
1961 4427 2057 4492 XI
2107 4426 2285 4509 383).

752 4536 1010 4601 Praeter
1072 4533 1584 4600 additamentum
1649 4535 1932 4630 otiosum
1996 4558 2109 4622 per
2156 4558 2313 4619 erqo,
2359 4542 2704 4623 utrumque
2754 4537 2919 4602 redit
2967 4537 3047 4603 ad
