3392 5384
697 402 788 467 80
1552 418 1805 468 macne
1851 418 2227 467 mroumus.

790 583 961 650 VIII.
1012 582 1074 649 3.
1138 581 1535 663 Ἀλέξανδρος
1598 582 1662 647 δὲ
1725 582 1829 647 καὶ
1894 582 2075 653 Γάϊος
2126 583 2229 647 καὶ
2280 585 2599 659 Πομπήϊος
2650 584 2714 648 τί
2762 585 2902 665 πρὸς
2956 598 3094 653 Διο-

698 690 848 767 γένη
914 689 1018 754 καὶ
1087 688 1485 767 Ἡράκλειτον
1546 688 1650 754 καὶ
1720 688 2089 768 Σωκράτην;
2163 688 2237 753 Ι11
2297 692 2540 756 incerta
2598 692 2883 775 capitum
2944 714 3090 757 con-

711 798 984 861 nexione
1044 800 1109 859 et
1165 794 1381 860 ordine
1441 814 1646 879 neque
1707 794 1813 859 hic
1872 794 2035 859 illud
2083 794 2145 859 δέ
2184 797 2251 858 111
2295 797 2481 860 initio
2527 798 2756 881 capitis
2801 800 3089 881 positum

706 923 856 967 cum
907 902 1362 987 interpretibus
1409 899 1654 977 tollere,
1702 921 1905 985 neque
1954 900 2065 965 XI.
2117 899 2201 964 16
2249 900 2565 965 κάλλιστα
2607 900 2667 965 δὲ
2708 902 2814 983 ζῆν
2854 905 2922 966 111
2965 903 3092 967 δια-

702 1008 808 1089 ζῆν
855 1014 1157 1085 mutare,
1206 1027 1409 1092 neque
1459 1005 1600 1071 XII.
1650 1004 1690 1069 9
1739 1004 1932 1083 ὅμοιον
1986 1004 2038 1069 δ’
2089 1001 2236 1071 εἶναι
2286 1004 2381 1070 δεῖ
2420 1004 2764 1073 sollicitare
2809 1010 3040 1073 ausim.

669 1292 676 1305 ,
789 1226 904 1291 ΙΧ.
953 1225 1061 1291 29.
1111 1223 1477 1306 χειμάρρους
1529 1231 1561 1300 ἡ
1609 1232 1724 1289 τῶν
1773 1221 1921 1289 ὅλων
1972 1225 2182 1290 οὐσία·
2235 1224 2450 1291 πάντα
2498 1226 2691 1307 Φέρει.
2742 1228 2820 1299 ὥς
2864 1229 3087 1299 εὐτελῆ

698 1334 760 1399 δὲ
825 1333 928 1397 καὶ
993 1333 1077 1395 τοὶ
1142 1332 1433 1397 πολιτικά
1497 1335 1710 1396 ταῦτα
1763 1330 1905 1408 καὶ,
1954 1332 2028 1401 ὥς
2082 1328 2312 1409 οἴεται,
2364 1332 2719 1412 Φιλοσόφως
2772 1334 3084 1411 πρακτικὰ

698 1435 1114 1517 άνθρωπάριαῐ
1165 1437 1366 1515 μυξῶν
1406 1436 1616 1511 μεστά
1661 1436 1837 1502 κ.τ.ἓ.
1888 1435 2220 1515 Quomodo
2259 1436 2412 1503 haec
2451 1438 2829 1503 cohaereant
2854 1438 3089 1523 quidve

696 1545 825 1609 huc
869 1544 1061 1609 faciat
1107 1546 1424 1609 sententia
1475 1545 1684 1628 prima
1728 1564 1853 1607 non
1899 1542 2085 1608 video
2104 1562 2120 1621 ;
2171 1563 2332 1627 quae
2378 1549 2489 1608 aut
2536 1542 2792 1608 aliunde
2830 1545 3087 1609 invecta

699 1656 811 1716 aut
856 1671 968 1735 per
1013 1671 1078 1715 se
1125 1649 1452 1735 singulare
1503 1656 1696 1735 caput
1733 1648 2006 1714 effecisse
2044 1648 2301 1713 videtur
2318 1668 2334 1727 ;
2378 1651 2602 1734 utique
2643 1669 2680 1714 a
2716 1669 2880 1713 nova
2915 1647 3085 1713 linea

698 1755 1098 1841 pergendum
1146 1762 1282 1819 erat
1320 1756 1393 1827 ὡς
1446 1755 1664 1825 εὐτελῆ
1712 1755 1774 1818 δὲ
1823 1754 1929 1817 καί
1977 1753 2151 1818 κ.τ.ἓ.
2202 1752 2297 1819 De
2344 1774 2497 1819 voce
2546 1752 2607 1817 δέ
2654 1756 2722 1817 in
2762 1754 2950 1818 initio
2991 1774 3086 1819 ca-

701 1862 857 1946 pitis
903 1860 1051 1927 vide
1099 1880 1312 1945 supra.

791 2061 950 2128 Ibid.
991 2062 1100 2127 41.
1149 2062 1359 2126 ταῦτα
1401 2057 1498 2125 οὖν
1537 2061 1776 2139 ἐκείνῳ,
1820 2060 1926 2127 ἐὰν
1968 2069 2144 2139 νοσῇς
2187 2061 2291 2124 καὶ
2336 2062 2395 2124 ἐν
2436 2058 2606 2141 άλλη
2648 2060 2761 2125 τινὶ
2802 2059 3087 2138 περιστά-

703 2188 830 2232 σει·
894 2169 962 2232 τὸ
1026 2167 1150 2244 γάρ
1212 2172 1299 2243 μὴ
1349 2168 1742 2246 άΦίστασθαι
1792 2168 2166 2245 φιλοσοφίας
2220 2168 2278 2230 ἐν
2328 2162 2410 2236 οἷς
2460 2166 2685 2240 δήποτε
2730 2175 2855 2237 τοῖς
2905 2190 3086 2243 προσ-

703 2274 993 2339 πίπτουσι
1044 2272 1198 2349 μηδὲ
1247 2273 1446 2353 ἰδιώτῃ
1486 2272 1588 2336 καὶ
1634 2273 2035 2352 άφυσιολόγῳ
2078 2279 2511 2351 συμφλυαρεῒν
2552 2272 2755 2346 πάσης
2801 2269 3085 2349 αἱρέσεως

701 2379 906 2457 κοινόν,
973 2379 1115 2457 πρὸς
1168 2379 1326 2457 μόνῳ
1378 2377 1538 2455 (δὲ)
1588 2380 1670 2455 τῷ
1721 2384 1824 2442 νῦν
1872 2379 2269 2457 πρασσομένῳ
2319 2372 2471 2442 εἶναι
2524 2375 2626 2442 καὶ
2675 2380 2757 2457 τῷ
2807 2376 3082 2458 ὀργάνῳ,

700 2484 775 2549 δι’
824 2480 890 2548 οὗ
939 2484 1252 2563 πράσσεις.
1302 2484 1387 2548 Et
1432 2483 1589 2549 haec
1637 2484 1992 2549 dirimenda
2037 2488 2216 2559 s'unt,
2265 2484 2358 2548 ita
2397 2486 2472 2547 ut
2510 2484 2702 2548 verba
2743 2483 2883 2561 πρὸς
2921 2481 3083 2564 μόνῳ

705 2626 791 2639 -
816 2589 1107 2668 πράσσεις
1145 2611 1387 2656 novum
1425 2597 1618 2675 caput
1656 2594 1721 2654 et
1758 2592 2083 2675 integram
2121 2591 2514 2655 constituant
2538 2588 3078 2667 exhortationem;

699 2702 890 2781 atque
936 2697 1027 2760 sic
1072 2694 1235 2759 nihil
1281 2716 1440 2779 opus
1487 2701 1584 2759 eet
1628 2698 1991 2760 coniectura
2038 2694 2208 2759 Mori
2256 2716 2478 2760 vocem
2527 2694 2589 2759 δέ
2635 2696 2997 2760 inserentis,

790 2914 875 2978 X.
925 2912 985 2978 6.
1051 2911 1177 2977 εἴτε
1234 2911 1490 2991 ἄτομοι,
1555 2911 1681 2976 εἴτε
1744 2913 1967 2991 Φύσις“,
2019 2918 2246 2989 πρῶτον
2294 2912 2539 2989 κείσθω,
2593 2910 2681 2977 ὅτι
2725 2914 2900 2990 μέρος
2951 2914 3081 2989 εἰμὶ

699 3024 808 3084 τοῦ
872 3015 1009 3084 ὅλου
1073 3019 1186 3082 ὑπὸ
1247 3019 1493 3096 φύσεως
1557 3018 1986 3092 διοικουμένου·
2056 3018 2310 3095 ἔπειτα,
2363 3013 2451 3082 ὅτι
2503 3016 2627 3097 ἔχω
2678 3042 2803 3089 πως
2855 3020 3085 3091 οἰκείως

700 3123 842 3201 πρὸς
908 3126 990 3189 τά
1042 3125 1306 3200 ὁμογενῆ
1354 3124 1527 3200 με’ρη.
1573 3123 1744 3189 Nota
1788 3122 1907 3188 illa
1951 3123 2292 3187 disiunctio
2341 3122 2465 3186 εἴτε
2515 3122 2736 3198 άτομοι
2786 3122 2913 3187 εἴτε
2964 3125 3087 3199 Φύ-

701 3254 792 3299 σις
858 3229 1013 3314 quid
1073 3229 1198 3293 huc
1257 3229 1484 3306 faciat,
1549 3227 1769 3292 nullus
1829 3227 2135 3314 intellego
2153 3247 2169 3304 3
2220 3230 2422 3292 immo
2471 3248 2621 3292 cum
2670 3230 3088 3312 sequentibus

699 3333 889 3419 plane
930 3354 1216 3420 pugnare
1255 3333 1530 3398 videtur.
1578 3332 1849 3398 Remota
1888 3332 2119 3397 lacinia
2154 3334 2419 3397 initium
2459 3336 2686 3418 capitis
2723 3333 3088 3398 faciendum

701 3460 738 3505 a
783 3441 998 3505 verbis
1045 3446 1270 3517 πρῶτον
1318 3440 1529 3504 κείσθω
1578 3440 1752 3504 κ.τ.ὲ.

688 3656 696 3664 ’
791 3651 950 3716 Ibid.
1007 3651 1110 3715 10.
1176 3652 1467 3732 άράχνιον
1529 3658 1721 3724 μυῖαν
1781 3651 2049 3725 θηράσων
2096 3651 2272 3728 μέγα
2324 3651 2565 3729 Φρόνει,
2618 3649 2811 3722 ἄλλος
2861 3652 2921 3715 δὲ
2970 3667 3084 3718 λα-

701 3756 912 3835 γίδιον,
964 3754 1155 3827 ἄλλος
1207 3756 1269 3820 δὲ
1317 3758 1522 3835 §noxa
1564 3755 1794 3833 άφύην,
1836 3754 2026 3825 ἄλλος
2070 3756 2133 3819 δὲ
2181 3754 2421 3833 συΐδια,
2467 3754 2657 3826 ἄλλος
2699 3756 2761 3819 δὲ
2798 3753 3081 3834 ἄρκτους,

702 3859 893 3933 ἄλλος
946 3862 1316 3939 Σαρμάταις.
1366 3857 1526 3925 οὗτοι
1575 3862 1699 3939 γὰρ
1750 3863 1814 3924 οὐ
1855 3862 2115 3941 λῃσταί,
2163 3860 2268 3923 ἐὰν
2310 3864 2392 3925 τά
2432 3862 2730 3937 δόγματα
2756 3860 3081 3941 ἕξετάζῃςς

703 3966 914 4052 Caput
964 3975 1060 4032 eet
1104 3966 1625 4043 celeberrimum,
1673 3968 1891 4049 itaque
1936 3986 2157 4031 vereor
2204 3965 2488 4030 confiteri
2533 3987 2638 4031 me
2685 3969 2795 4032 vix
2840 3966 3089 4032 intelle-

700 4093 888 4158 gere,
962 4072 1278 4157 quomodo
1339 4071 1673 4135 exordium
1734 4076 1797 4135 et
1858 4070 2003 4135 finis
2063 4073 2230 4135 inter
2292 4092 2357 4135 ee
2418 4072 2812 4136 cohaereant.
2862 4072 3089 4137 Priore

701 4167 881 4262 parte
943 4180 1159 4263 agitur
1219 4177 1294 4242 de
1358 4179 1643 4242 vanitate
1688 4175 1937 4261 gloriae
1985 4181 2049 4240 et
2097 4176 2172 4241 de
2219 4176 2566 4261 spernenda
2614 4179 2809 4242 etiam
2858 4175 3088 4243 bellica

700 4281 924 4357 laude,
973 4290 1040 4347 at
1087 4283 1299 4348 verbis
1348 4281 1626 4357 ultimis,
1676 4284 1733 4344 si
1780 4280 1932 4365 quid
1980 4280 2195 4357 video,
2244 4288 2605 4367 tanguntur
2650 4283 2941 4346 homines
2983 4281 3086 4346 illi

705 4385 1009 4471 vulgares
1071 4393 1245 4466 (nota
1307 4386 1568 4451 solitum
1631 4384 1798 4450 illud
1862 4382 2065 4464 οὗτοι),
2133 4389 2244 4470 qui
2308 4388 2736 4463 ,,κλέπτουσιν,
2791 4389 2857 4451 οὐ
2902 4388 3080 4467 χερσὶ

701 4494 803 4554 καὶ
878 4496 1072 4567 ποσίν,
1144 4493 1319 4555 άλλοὶ
1392 4494 1473 4571 τῷ
1546 4492 1902 4569 τιμιωτάτῳ
1968 4492 2195 4555 ἑαυτῶν
2258 4490 2470 4569 μέρει”
2518 4491 2628 4571 (Χ.
2682 4491 2813 4572 13).
2875 4490 3084 4557 Verba
