3392 5384
1301 422 1774 474 nonnononus.
1837 378 1844 385 ⁶
2592 410 2721 478 129

344 595 698 679 fragmenti
755 591 1002 677 legitur
1059 591 1235 655 hicce
1292 612 1552 667 versus,
1617 591 1730 674 qui
1790 588 2052 674 quidem
2113 589 2294 656 nullo
2339 592 2531 658 modo
2577 615 2725 659 cum

346 699 870 786 praecedentibus
915 697 1244 762 cohaeret:

712 802 1033 882 ἀργαλέων
1081 803 1291 866 ὀδυνῶν
1342 799 1488 871 ἄκος
1537 799 1804 876 ἔμμενοιι
1855 801 2261 879 ἀνθρώποισιν.

349 893 517 990 Quid
561 909 756 976 verba
799 911 925 973 ista
971 908 1094 972 sibi
1136 905 1340 973 velint
1383 928 1571 972 nemo
1620 905 1789 991 quod
1837 909 2034 972 sciam
2082 907 2498 994 probabiliter
2537 909 2735 995 expli-

349 1020 540 1082 cavit.
604 1014 770 1079 Nam
836 1034 995 1098 quae
1056 1033 1260 1098 nuper
1320 1010 1681 1098 Wagnerus
1735 1019 2141 1077 commentus
2186 1020 2284 1078 est
2331 1035 2403 1078 ea
2448 1014 2734 1081 refellere

355 1125 470 1189 vix
530 1141 691 1206 opus
753 1125 868 1184 est.
932 1117 1097 1184 Cum
1160 1120 1332 1182 enim
1390 1120 1457 1181 in
1520 1117 1645 1182 fine
1692 1117 1835 1202 §31
1889 1117 1965 1182 de
2013 1117 2287 1184 Chirone
2333 1141 2542 1184 sermo
2587 1120 2735 1199 fiat,

354 1229 467 1312 qui
511 1226 751 1289 canibus
796 1225 1122 1289 Actaeonis
1160 1225 1498 1288 interitum
1541 1223 1787 1288 domini
1827 1226 1928 1288 sui
1965 1223 2343 1309 lugentibus
2383 1227 2737 1292 medicatus

352 1335 472 1409 sit,
520 1333 819 1415 opinatur
861 1327 1219 1413 Wagnerus
1265 1328 1659 1393 versiculum
1709 1331 2023 1412 pertinere
2071 1329 2148 1393 ad
2190 1351 2460 1409 venena,
2503 1333 2737 1418 quibus

350 1438 864 1521 sapientissimus
926 1455 1117 1498 senex
1178 1455 1334 1498 usus
1394 1435 1496 1497 sit.
1561 1432 1756 1512 Quasi
1806 1435 1864 1496 in
1917 1455 1990 1499 eo
2038 1457 2160 1500 non
2209 1435 2442 1500 diserte
2487 1437 2562 1502 de
2610 1459 2742 1502 me-

350 1542 667 1606 dicamine
729 1538 1063 1603 bominibus
1108 1538 1423 1604 destinato
1470 1559 1677 1603 sermo
1728 1538 1924 1603 fieret.
1972 1539 2185 1604 Habet
2233 1547 2441 1606 tamen
2492 1564 2590 1607 res
2639 1563 2740 1606 ex-

348 1647 661 1732 plicatum
729 1643 1139 1710 facillimum.
1210 1645 1509 1708 Primum
1573 1664 1806 1728 quaeso
1870 1645 2152 1720 conferas
2215 1645 2402 1711 hosce
2471 1647 2644 1713 locos
2705 1669 2738 1712 e

350 1754 549 1816 variis
596 1757 931 1836 poetarum
977 1751 1366 1814 carminibus
1415 1749 1864 1835 depromptos:

350 1857 507 1922 Eur.
556 1855 811 1933 Bacch„
850 1853 1034 1920 279:

807 1959 1064 2040 βότρυος
1114 1959 1291 2041 ὑγρὸν
1340 1962 1505 2038 πῶμ’
1556 1956 1695 2039 ηὗρε
1743 1959 2189 2038 κείσηνέγκατο

808 2068 1075 2144 θνητοῖς,
1124 2061 1152 2130 ὃ
1200 2065 1383 2130 παύει
1434 2065 1577 2137 τοὺς
1624 2070 2049 2154 ταλαιπώρους
2100 2065 2353 2148 βροτοὺς

814 2171 1011 2245 λύπης
1067 2219 1081 2236 .
1111 2218 1123 2235 .
1157 2218 1171 2235 .

357 2277 544 2355 Ibid„
598 2274 763 2343 7¹72:
813 2278 923 2350 τὴν
970 2277 1360 2341 παυσίλυπον
1407 2274 1693 2352 ἄμπελον
1741 2277 1943 2342 δοῦναι
1991 2276 2257 2355 βροτοῖς.

354 2384 783 2469 Astydamas,
831 2383 909 2447 fr.
965 2381 1041 2447 6:
1452 2384 1709 2456 θνητοῖσι
1757 2385 1865 2457 τὴν
1915 2382 2257 2464 ἀκεσφόρον

812 2490 1015 2561 λύπης
1062 2486 1283 2567 ἔφηνεν
1332 2489 1660 2568 οἰνομήτορ’
1710 2485 2015 2565 ἄμπελον.

357 2595 557 2681 Orph.
604 2595 853 2680 hymn„
904 2594 1011 2672 50,
1041 2592 1110 2659 6:

812 2700 1185 2764 παυσίπονον
1233 2700 1490 2772 θνητοῖσι
1539 2699 1761 2778 <Dave-ic
1809 2697 1980 2771 ἄκος.
2031 2723 2036 2730 ·

354 2805 553 2870 Hisce
599 2805 758 2871 locis
806 2806 1104 2871 omnibus
1147 2805 1374 2870 iisdem
1421 2805 1551 2870 fere
1596 2805 1809 2870 verbis
1857 2806 2113 2871 vineam
2163 2827 2199 2870 a
2245 2804 2491 2872 Baccho
2539 2808 2746 2873 homi-

354 2912 548 2976 nibus
610 2911 826 2976 datam
889 2932 1023 2977 esse
1085 2911 1505 2996 praedicatur,
1555 2932 1681 2995 qua
1727 2913 1928 2975 animi
1976 2910 2305 2977 molestiae
2353 2917 2418 2977 et
2463 2916 2745 2999 aegritu-

360 3017 497 3081 dini
556 3016 982 3081 mederentur.
1032 3015 1170 3080 Iam
1216 3019 1634 3101 inspiciamus
1681 3038 1790 3095 ea,
1839 3038 2001 3103 quae
2047 3021 2116 3081 in
2162 3016 2549 3097 bibliotheca
2598 3025 2744 3105 post

359 3123 532 3187 huno
577 3122 653 3186 de
701 3144 825 3206 quo
870 3125 1125 3208 agimus
1169 3143 1429 3187 versum
1478 3125 1781 3187 continuo
1829 3129 2222 3208 sequuntur:

458 3227 741 3298 Διόνυσος
792 3227 855 3290 δὲ
904 3229 1142 3306 εὑρετὴς
1194 3228 1485 3303 ἀμπέλου
1534 3228 1854 3305 γενόμενος
1900 3242 2063 3306 κτλ.,

358 3335 577 3398 statim
648 3332 989 3419 intelleges
1050 3332 1443 3398 versiculum
1518 3333 1962 3416 undecumque
2032 3332 2384 3397 delibatum
2447 3334 2528 3398 ad
2589 3327 2744 3400 haec

358 3439 553 3504 verba
611 3441 678 3502 in
744 3441 1036 3524 margine
1097 3436 1304 3502 libelli
1362 3438 1757 3522 adscriptum
1805 3439 2002 3502 tuisse
2050 3438 2127 3502 ab
2172 3437 2422 3502 erudito
2470 3439 2747 3523 quodam

354 3544 612 3609 lectore.
676 3539 774 3606 Ex
836 3544 1125 3608 eiusdem
1174 3543 1494 3609 doctrinae
1543 3545 1743 3628 copiis
1789 3543 2092 3607 fluxerint
2139 3545 2337 3608 etiam
2383 3544 2746 3630 fragmenta

358 3651 539 3734 opica
606 3649 682 3713 de
752 3651 1013 3714 canibus
1078 3651 1434 3714 Actaeonis.
1507 3649 1732 3733 Itaque
1796 3649 1948 3714 haec
2013 3652 2227 3714 omnia
2287 3653 2350 3714 in
2416 3657 2746 3735 posterum

351 3755 703 3820 editoribus
750 3754 1171 3822 bibliothecae
1219 3778 1381 3834 non,
1434 3761 1509 3820 ut
1550 3775 1586 3820 a
1628 3755 1949 3841 Wagnero
1990 3756 2234 3821 factum
2274 3763 2406 3835 est,
2450 3760 2746 3841 quamvis

352 3863 535 3927 uncis
598 3860 843 3925 seclusa
901 3863 970 3924 in
1034 3866 1217 3926 textu
1278 3861 1609 3926 retinenda
1671 3868 1894 3939 erunt,
1961 3861 2071 3939 sed
2131 3883 2390 3946 prorsus
2437 3863 2739 3928 eicienda.

357 3965 503 4031 Non
552 3968 727 4029 enim
772 3971 925 4030 sunt
972 3964 1409 4030 additamenta
1458 3986 1493 4030 a
1539 3969 1963 4051 grammatico
2008 3965 2307 4030 libellum
2354 3969 2538 4031 novis
2577 3969 2747 4032 curis

356 4077 742 4136 retractante
791 4072 999 4134 textui
1045 4070 1333 4135 consulto
1380 4069 1732 4149 inculcata,
1776 4071 1882 4135 sed
1923 4073 2084 4134 meri
2120 4070 2302 4135 lusus
2341 4069 2573 4136 calami
2610 4075 2744 4136 viri

358 4175 532 4240 haud
592 4179 722 4240 scio
787 4195 864 4239 an
927 4175 1309 4253 doctissimi,
1360 4196 1519 4261 quae
1564 4174 1976 4241 librariorum
2021 4177 2275 4240 inscitia
2321 4175 2654 4261 postmodo
2705 4199 2738 4241 e

354 4283 653 4365 margine
699 4279 949 4345 sublata
992 4283 1118 4365 ipsi
1164 4283 1374 4346 textui
1417 4283 1712 4346 inseruit.
