3392 5384
663 415 798 482 414
1707 361 2019 480 neuim.

665 600 946 664 maxime
1007 596 1338 662 calamitas
1398 599 1704 682 pertinet:
1771 617 1897 682 quo
1946 595 2165 661 dolore
2212 617 2338 662 vox
2384 595 2765 682 plerumque
2812 598 3061 662 subtra-

665 706 845 770 hitur
889 709 1080 790 atque
1127 701 1454 790 singultit.
1610 701 1709 782 (3)
1756 701 1843 766 Et
1889 701 2088 767 simul
2136 702 2247 766 dat
2291 704 2425 768 iam
2474 704 2737 788 signum
2784 703 3059 788 perdita-

665 831 816 876 rum
862 831 1098 875 rerum.

757 915 857 980 En
918 915 1114 980 habes
1179 913 1434 993 locum,
1498 914 1610 979 ubi
1659 912 1947 978 Donatus
1992 915 2131 1000 ipse
2177 913 2295 979 hac
2342 912 2621 980 formula
2668 916 2898 994 utitur,
2948 915 3064 979 sed

663 1024 758 1088 ita
819 1026 896 1087 ut
959 1042 1038 1085 ex
1099 1041 1291 1106 supra
1352 1020 1540 1085 dictis
1603 1025 1860 1085 tantum
1924 1041 2126 1106 pauca
2174 1025 2422 1106 repetat
2469 1025 2534 1086 et
2582 1041 2819 1087 novam
2868 1042 3065 1156 argu-

665 1134 959 1194 mentum
1007 1129 1161 1192 satis
1205 1147 1404 1214 grave
1452 1147 1620 1192 nunc
1671 1124 1882 1193 addat.

756 1233 966 1300 Schol.
1015 1232 1112 1314 (3)
1158 1239 1302 1319 post
1345 1236 1673 1319 superiora
1722 1253 1915 1318 quam
1966 1236 2249 1298 maxime
2295 1232 2581 1319 languet.

757 1342 1088 1426 Hecyra
1133 1339 1294 1424 prol.
1342 1339 1373 1404 I
1423 1337 1483 1405 ’7.
1555 1339 1645 1404 Ut
1691 1346 1905 1425 posset
1950 1342 2193 1405 iterum
2239 1339 2513 1405 vendere

756 1447 854 1527 (2)
915 1445 1091 1524 Hoc,
1153 1452 1222 1510 ut
1281 1446 1574 1522 diximus,
1626 1446 1707 1511 ad
1755 1445 2011 1512 laudem
2062 1445 2316 1512 fabulae
2363 1447 2662 1525 refertur,
2709 1451 3055 1532 postquam

665 1557 922 1619 tantum
967 1551 1236 1617 fiduciae
1284 1557 1505 1637 poetae
1555 1551 1754 1617 dedit.

754 1660 958 1725 Verba
1002 1658 1284 1724 Editoris
1332 1661 1444 1744 qui
1489 1660 1754 1744 respicit
1800 1658 1966 1745 quod
2013 1657 2301 1725 Donatus
2343 1658 2510 1723 dixit
2546 1657 2626 1725 ad
2666 1679 2759 1725 νε.
2806 1659 2866 1724 6.
2916 1657 3056 1724 Iam

669 1767 1158 1834 Wessnerus
1203 1765 1357 1831 haec
1402 1767 1672 1831 notavit.

758 1873 961 1939 Ibid.
1012 1872 1043 1937 I
1093 1871 1154 1937 2.
1183 1871 1269 1938 22
1340 1870 1466 1936 Sed
1513 1871 1666 1957 quid
1714 1871 1834 1936 hoc
1884 1868 2147 1957 negoti?

759 1979 856 2061 (2)
918 1979 1090 2044 Bene
1149 1977 1393 2044 addidit
1459 1977 1789 2064 „negoti'',
1852 1985 1929 2043 ut
1991 1983 2259 2064 augeret
2303 1978 2622 2045 invidiam
2670 1979 2873 2057 facti,·
2906 1997 3058 2042 nam

669 2088 884 2172 potuit
929 2085 1135 2150 dicere
1186 2084 1384 2170 „quid
1431 2084 1550 2149 hoc
1599 2091 1695 2151 est
1712 2081 1781 2148 ?”
1844 2082 1999 2163 Sed,
2046 2091 2115 2148 ut
2160 2084 2451 2162 diximus,
2502 2084 2583 2150 ad
2627 2084 2943 2150 invidiam
2991 2091 3061 2150 et

669 2192 1190 2280 magnitudinem
1238 2192 1331 2256 rei
1379 2190 1682 2278 „negoti”
1737 2190 1920 2256 dixit.

761 2299 876 2364 Ed.
916 2300 983 2363 in
1022 2296 1245 2364 eodem
1282 2297 1522 2363 scholio
1564 2296 1891 2364 Donatum
1932 2299 2187 2383 repetit,
2228 2303 2521 2383 utsupra
2546 2297 2666 2362 Ad.
2690 2296 2840 2362 113.
2868 2295 2909 2361 5
2935 2297 3055 2378 (4).

760 2407 936 2472 Haec
983 2426 1233 2492 quoque
1277 2405 1426 2472 inde
1471 2425 1508 2470 a
1555 2403 1767 2482 „Sed”
1817 2405 2067 2470 notavit
2114 2403 2617 2470 Wessnerus.

755 2512 918 2578 Ibid.
975 2511 1040 2576 II
1103 2511 1163 2576 1.
1191 2511 1277 2575 45
1346 2510 1475 2577 Ubi
1539 2511 1777 2587 duxere
1838 2510 2127 2597 impulsu
2184 2517 2435 2588 vostre,
2500 2516 2717 2577 vostro
2763 2508 3057 2596 impulsu

669 2618 922 2685 easdem
969 2619 1241 2703 exigunt

759 2725 856 2806 (2)
919 2724 1206 2800 Videtur,
1270 2730 1339 2787 ut
1397 2746 1583 2806 supra
1646 2723 1929 2800 discimus,
1996 2723 2149 2789 haec
2210 2728 2343 2788 tota
2392 2744 2615 2789 scaena
2662 2723 2740 2788 ad
2789 2724 2904 2788 hoc
2951 2725 3049 2787 in-

668 2834 994 2918 terposita,
1041 2837 1117 2894 ut
1163 2829 1410 2894 fabulae
1458 2850 1691 2894 nomen
1742 2830 1890 2894 hinc
1936 2828 2463 2916 intellegeremus
2510 2833 2869 2896 inventum.

760 2937 886 3001 Hic
947 2956 1170 3001 versus
1230 2933 1395 2998 nihil
1458 2936 1736 3021 pertinet
1796 2934 1873 2998 ad
1936 2956 2166 3000 nomen
2234 2935 2585 3023 Hecyra.
2654 2935 2771 3002 Ed.
2836 2939 3053 3021 inepte

669 3042 949 3130 applicat
1017 3048 1080 3108 et
1150 3041 1351 3106 simul
1414 3048 1767 3129 exaggerat
1834 3063 1995 3127 quae
2059 3043 2349 3108 Donatus
2413 3043 2492 3108 ad
2554 3065 2649 3109 νε.
2718 3043 2793 3108 4:
2868 3041 3056 3121 „Uno

667 3152 883 3216 animo
943 3169 1164 3214 omnes
1226 3170 1441 3214 socrus
1488 3149 1759 3214 oderunt
1805 3150 2071 3227 nurus'',
2121 3149 2290 3214 hunc
2336 3152 2405 3213 in
2448 3150 2714 3223 modum
2763 3152 3054 3234 scripsit:

665 3258 765 3337 (1)
813 3254 1106 3332 NesciaS,
1157 3275 1237 3320 an
1285 3277 1360 3320 ex
1409 3258 1726 3321 sententia
1773 3256 1890 3320 hac
1936 3254 2042 3319 vel
2089 3255 2241 3320 adeo
2282 3277 2359 3320 ex
2400 3256 2518 3321 hac
2558 3249 3053 3321 scaena'nomen

667 3362 918 3429 fabulae
968 3364 1053 3426 sit
1097 3364 1459 3428 inventum.

760 3469 919 3534 Ibid.
967 3467 1063 3534 ΙΙΙ
1116 3468 1173 3534 1.
1208 3467 1288 3534 17
1354 3470 1565 3552 Atque
1613 3467 2005 3553 impeditum
2043 3470 2109 3531 in
2151 3489 2222 3533 ea
2262 3474 2381 3548 (re)
2422 3468 2719 3554 expedivi
2758 3470 3051 3532 animum

667 3597 890 3642 meum

761 3683 858 3762 (2)
918 3677 1154 3758 Curae,
1219 3687 1288 3743 ut
1346 3681 1635 3758 diximus,
1685 3665 1799 3744 aut
1844 3680 2057 3764 ligant
2104 3686 2216 3744 aut
2262 3680 2553 3758 solvunt,
2601 3686 2679 3744 ut
2724 3679 3053 3766 Vergilius

674 3809 876 3874 „quae
925 3787 1089 3850 mihi
1136 3785 1358 3850 reddat
1401 3808 1552 3851 eum
1600 3785 1705 3851 vel
1752 3806 1824 3850 eo
1876 3806 1979 3850 me
2027 3786 2237 3852 solvat
2283 3787 2651 3851 amantem”
2700 3785 2811 3866 (IV
2853 3784 3051 3866 479);

670 3896 905 3960 amoris
952 3895 1125 3958 enim
1172 3913 1359 3957 curae
1409 3892 1665 3957 vincula
1714 3892 2044 3958 dicuntur.

760 4000 1128 4085 Respicitur
1188 3997 1504 4062 scholium
1562 3999 1642 4063 ad
1687 4019 1782 4064 νε.
1834 3997 1875 4063 8
1927 4001 2055 4076 „At
2103 4001 2193 4063 sic
2242 4001 2434 4063 citius
2481 4001 2591 4083 qui
2638 4003 2704 4063 te
2751 3999 3050 4083 expedias

668 4110 770 4174 his
833 4107 1158 4171 aerumnis
1205 4105 1544 4189 reperias'',
1593 4105 1710 4170 ubi
1754 4103 2002 4191 legitur
2046 4107 2114 4168 in
2162 4103 2295 4185 (3):
2348 4105 2517 4169 Bene
2566 4103 2904 4190 „expedias
2953 4126 3053 4169 ae-

667 4212 982 4288 rumnis'',
1044 4215 1158 4275 aut
1217 4213 1390 4274 enim
1451 4210 1712 4276 solvunt
1769 4232 1883 4276 >nos
1940 4232 2127 4276 curae
2174 4212 2479 4276 abeuntes
2527 4218 2640 4275 aut
2684 4211 3051 4295 impediunt

669 4327 734 4385 et
769 4319 979 4405 ligant
1018 4317 1455 4394 advenientes,
1496 4321 1572 4381 ut
1612 4315 1886 4395 „solvite
1924 4316 2109 4382 corde
2148 4323 2397 4382 metum
2438 4315 2703 4396 Teucri,
2745 4316 3052 4382 secludite

669 4425 917 4492 curas''.
964 4421 1184 4509 (Verg.
1234 4421 1266 4487 I
1314 4422 1493 4502 562).

760 4530 951 4597 Vides
1011 4529 1338 4594 Donat-um
1399 4528 1478 4593 ed
1540 4549 1634 4593 νε.
1685 4527 1728 4592 8
1790 4533 1973 4615 epto,
2037 4529 2368 4596 Editorem
2430 4529 2508 4595 ad
2556 4550 2647 4595 νε.
2704 4525 2785 4593 17
2832 4531 3051 4615 inepto
