3392 5384
602 404 732 469 140
1656 419 1938 468 suanus.

870 586 977 652 fila
1021 587 1204 673 lyrae
1253 589 1597 671 tenuisque
1644 585 1867 650 modos
1914 590 1977 649 et-
2022 588 2302 652 carmina
2348 593 2665 652 monstrat

873 691 1192 760 Chironis.

595 801 871 866 Omnino
932 801 1178 885 corrige
1239 820 1307 863 m
1329 804 1550 877 otae,
1617 796 1786 882 quod
1835 801 1970 862 tam
2020 799 2181 862 ratio
2227 798 2479 884 flagitat
2530 819 2724 885 quam
2770 800 3000 884 probat

600 928 695 973 vs
750 903 914 970 187:

2216 1003 2491 1075 solantia
2534 1031 2719 1075 curas

871 1115 1028 1180 fila
1076 1120 1353 1180 movet
1402 1113 1760 1198 leviterque
1808 1118 2101 1200 expertas
2150 1113 2376 1199 pollice
2422 1115 2686 1179 chordas

871 1221 982 1286 dat
1033 1241 1225 1305 puero
1265 1219 1542 1298 (Chiron
1592 1223 1705 1296 sc.)

600 1327 737 1408 Quo
784 1328 978 1392 verbo
1019 1328 1320 1390 restituto
1359 1325 1654 1411 gradatio
1696 1323 1913 1388 evadit
1955 1325 2327 1409 aptissima:
2374 1322 2519 1410 lyra
2559 1331 2741 1390 mota
2782 1327 3001 1392 Achil-

599 1432 691 1497 les
740 1435 1025 1517 primum
1075 1431 1452 1495 Deidameae
1499 1433 1818 1494 monstrat
1855 1426 1963 1493 fila
2002 1428 2186 1493 dulce
2224 1433 2548 1508 sonantia,
2592 1431 2737 1496 dein
2778 1435 2997 1497 tenuis

590 1539 858 1613 modos,
900 1537 1172 1621 denique
1213 1538 1408 1601 etiam
1449 1541 1584 1601 tota
1626 1537 1929 1601 carmina.
1976 1536 2309 1601 Praeterea
2332 1558 2589 1613 moneo,
2618 1537 2999 1604 adverbium

601 1650 809 1726 sponte
854 1643 1044 1708 modo
1093 1642 1172 1707 ad
1217 1642 1488 1707 verbum
1522 1641 1697 1725 ferit
1745 1643 2059 1724 pertinere
2108 1661 2292 1725 posse
2338 1647 2443 1721 (=
2490 1665 2614 1707 non
2658 1643 2998 1709 lacessitus

600 1771 650 1814 s.
716 1751 1146 1834 provocatus),
1210 1768 1603 1832 quamquam
1667 1768 1702 1811 e
1762 1746 1900 1811 loco
1963 1767 2156 1831 quem
2222 1747 2505 1825 obtinet,
2567 1747 2635 1812 id
2682 1748 2760 1813 ad
2804 1750 3003 1832 lapsis

610 1855 1014 1920 referendum
1062 1875 1198 1919 esse
1246 1853 1532 1938 colligas.

695 2067 1074 2154 Lycomedis
1136 2065 1304 2132 filiae
1366 2065 1787 2152 egrediuntur
1838 2069 1913 2128 ut
1960 2064 2184 2129 choros
2230 2070 2547 2131 ostentent
2598 2066 2995 2151 hospitibus,

609 2172 830 2259 Ulyssi
898 2180 962 2237 et
1031 2171 1361 2251 Diomedi,
1432 2174 1601 2236 inter
1670 2191 1828 2254 quas
1897 2169 2089 2255 longe
2159 2173 2442 2236 eminent
2518 2171 2861 2237 Deidamea
2931 2179 3001 2237 et

610 2278 918 2345 Achilles.

1510 2384 1676 2447 nitet
1722 2387 1868 2447 ante
1917 2381 2073 2446 alias
2118 2385 2340 2468 regina
2387 2403 2724 2467 comesque

882 2489 1168 2567 Pelides,
1219 2487 1424 2575 qualis
1473 2486 1723 2554 Siculae
1770 2488 1888 2553 sub
1941 2489 2211 2573 rupibus
2260 2489 2502 2554 Aetnae

701 2594 848 2671 825,
878 2597 1118 2661 Naidas
1165 2595 1452 2690 ssnnaeas
1500 2597 1667 2658 inter
1716 2593 1920 2658 Diana
1968 2593 2373 2678 feroxque

879 2700 1090 2765 Pallas
1139 2707 1203 2765 et
1247 2699 1460 2785 Elysii
1506 2698 1759 2764 lucebat
1806 2720 2033 2785 sponsa
2082 2702 2359 2786 tyranni.

611 2806 735 2871 His
781 2807 1069 2871 versibus
1116 2805 1461 2871 Deidamea
1509 2826 1658 2870 cum
1708 2807 2089 2891 Proserpina
2128 2810 2534 2890 comparatur
2580 2843 2667 2854 -—
2713 2805 3005 2872 Achilles

611 2933 759 2976 cum
807 2911 1012 2976 Diana
1058 2911 1165 2977 vel
1211 2905 1502 2976 P'allade:
1551 2933 1677 2976 non
1725 2914 1933 2996 igitur
1979 2910 2324 2997 legendum
2372 2918 2469 2976 est
2497 2913 2802 2997 feroxque
2848 2913 3000 2978 sed:

615 3018 847 3083 ferox
869 3039 984 3083 ve.

700 3232 1112 3298 Deidameam
1161 3231 1237 3297 de
1286 3234 1506 3297 mariti
1554 3231 1676 3296 fide
1724 3231 2070 3296 sollicitam
2119 3231 2649 3317 dubitantemque
2686 3232 2791 3297 hic

881 3340 1125 3405 solatur
1171 3341 1469 3423 iuratque
1515 3338 1708 3403 fidem
1755 3340 2091 3423 iurataque
2138 3338 2295 3403 fletu

701 3444 833 3510 958
882 3445 1148 3531 spondet
1197 3451 1259 3509 et
1305 3447 1707 3530 ingentes
1748 3442 2021 3508 famulas
2070 3449 2457 3529 captumque
2507 3466 2796 3511 reversus

878 3550 1040 3616 Ilion
1088 3557 1151 3615 et
1197 3550 1527 3636 Phrygiae
1575 3553 1901 3635 promittit
1947 3571 2214 3614 munera
2261 3571 2471 3636 gazae.

705 3653 837 3719 960
882 3658 1076 3720 inrita
1124 3661 1419 3721 ventosae
1467 3657 1798 3740 rapiebant
1845 3657 2037 3721 verba
2084 3654 2417 3740 procellae.

610 3760 1020 3827 Adiectivum
1089 3761 1327 3841 inqens,
1400 3761 1729 3847 epitheton
1799 3760 2005 3826 Statio
2074 3763 2373 3844 quamvis
2442 3761 2997 3847 acceptissimum,

611 3867 730 3932 hoc
791 3874 1006 3933 tamen
1069 3866 1206 3932 loco
1274 3867 1438 3931 mihi
1501 3869 1891 3952 suspiciones
1938 3872 2159 3932 movet
2203 3869 2638 3953 gravissimas.
2689 3869 2788 3932 An
2828 3869 3001 3933 forte

609 3982 794 4058 poeta
857 3976 1143 4058 scripsit:
1224 3975 1640 4058 ingenuas
1704 3972 2017 4052 famulas,
2087 3978 2160 4037 ut
2220 3973 2366 4038 illas
2429 3977 2769 4060 respiceret
2832 3995 2993 4059 quas

611 4077 958 4144 Deidamea
1004 4077 1392 4164 significavit
1440 4099 1536 4142 vs.
1587 4077 1717 4142 943
1746 4098 1918 4163 sqq.:
2288 4165 2297 4169 -

879 4188 1012 4248 iam
1058 4191 1120 4249 te
1171 4183 1515 4268 sperabunt
1560 4183 1845 4248 lacrimis
1895 4182 2281 4269 planctuque
2332 4184 2589 4250 decorae

880 4290 1153 4354 Troades
1200 4289 1637 4374 optabuntque
1685 4292 1817 4354 tuis
1866 4289 2013 4355 dare
2062 4290 2227 4355 colla
2274 4292 2510 4354 catenis

881 4401 945 4458 et
991 4395 1267 4478 patriam
1316 4414 1578 4478 pensare
1626 4397 1784 4460 toris
1834 4401 1946 4458 aut
1992 4397 2130 4479 ipsa
2175 4392 2451 4479 placebit

884 4499 1220 4584 Tyndaris.
