3392 5384
1374 420 1688 473 66611166.
2044 454 2061 457 -
2598 402 2733 475 275

341 588 576 656 faciam
636 610 832 676 quam
892 591 1030 677 ipse
1093 588 1170 681 de
1231 610 1317 655 se.
1457 588 1554 672 (3)
1618 589 1704 655 Et
1767 590 1946 677 prius
2010 610 2131 676 ego
2192 588 2443 657 dicendi
2504 591 2737 658 faciam

347 716 541 782 quam
585 694 698 761 ille
744 695 1044 783 peccandi
1090 693 1304 761 finem.

331 844 338 849 ·
436 802 701 868 Futtilis
760 805 1009 890 rogatio
1056 804 1124 868 in
1170 802 1268 884 (I)
1315 802 1566 869 Donato
1614 802 1820 868 danda
1865 825 1991 868 non
2046 801 2324 870 videtur.
2364 803 2742 870 Wessner

345 912 656 975 correxit:
703 930 783 975 an
825 905 1072 999 (vere)
1120 908 1444 995 peccandi.
1518 910 1969 996 Interpretatio
2009 912 2078 973 in
2117 909 2214 988 (2)
2255 908 2413 975 falsa
2453 916 2549 976 est
2590 932 2740 976 cum

353 1015 473 1094 „de
518 1015 627 1081 se”
681 1038 807 1082 non
853 1018 1168 1102 pertineat
1214 1015 1292 1082 ad
1344 1015 1580 1094 „finem
1622 1014 1840 1094 facit''‚
1879 1014 1989 1081 sed
2028 1015 2108 1081 ad
2154 1014 2479 1102 ,‚ipse''=
2503 1037 2581 1081 ex
2628 1037 2742 1082 sua

331 1124 556 1208 ipsius
615 1122 956 1188 voluntate
1015 1120 1417 1203 (Slomanz
1487 1122 1610 1200 „he
1675 1142 1755 1187 on
1816 1121 1919 1186 his
1984 1121 2213 1203 side’').
2289 1121 2581 1209 Denique
2643 1122 2741 1204 (3)

351 1232 533 1316 quasi
581 1229 1105 1317 supplementum
1153 1234 1252 1295 est
1296 1229 1736 1316 praecedentis
1753 1251 1779 1308 ‚*
1819 1249 2099 1314 quocum
2140 1214 2405 1294 fortasse
2444 1232 2741 1295 iunctum

350 1337 511 1415 fuit,
551 1342 628 1402 ut
664 1343 1017 1422 utrumque
1055 1335 1308 1402 Editori
1351 1335 1631 1401 dandum
1673 1337 1777 1400 sit.
1826 1334 2062 1401 Donati
2102 1334 2301 1401 661161.
2330 1334 2417 1401 22
2440 1336 2570 1417 (1):
2617 1336 2746 1415 „Et

353 1444 600 1523 „mihi”
644 1450 708 1509 61
755 1444 872 1523 ,,(16
902 1444 1010 1509 66”
1053 1446 1307 1530 proprie
1345 1445 1633 1529 positum
1674 1448 1775 1507 est
1788 1462 1805 1521 3
1848 1448 1913 1508 et
1951 1448 2279 1529 praeterea
2304 1442 2743 1523 ἀμφιβολίω”,

350 1550 628 1617 ostendit
688 1572 838 1617 eum
904 1552 1175 1616 sensisse
1227 1550 1347 1629 „de
1395 1549 1504 1615 se’'
1555 1550 1940 1639 ambiguum
1992 1570 2148 1635 esse.
2211 1548 2580 1629 Sloman,
2632 1552 2745 1635 qui

347 1660 418 1723 in
465 1655 562 1723 ed.
613 1657 872 1723 Oxford.
928 1655 1102 1722 1899
1151 1656 1360 1722 multa
1398 1661 1584 1722 66616
1624 1646 2011 1733 observavit,
2057 1655 2123 1720 h.
2149 1654 2195 1721 1.
2236 1656 2462 1721 habet:
2507 1656 2645 1734 „De
2682 1680 2745 1721 se
2793 1683 2799 1688 ·

347 1766 403 1853 is
471 1764 767 1829 inserted
811 1768 880 1829 to
942 1784 1185 1829 answer
1249 1768 1314 1829 16
1375 1765 1450 1827 de
1509 1762 1622 1827 illo
1680 1762 2122 1849 emphasising·
2168 1762 2279 1828 the
2327 1762 2743 1848 unprovoked

347 1871 675 1937 character
720 1870 793 1935 of
824 1871 932 1935 the
970 1870 1207 1936 attack.
1251 1870 1386 1935 The
1427 1890 1608 1935 sense
1649 1870 1800 1935 here
1841 1872 2039 1955 given
2082 1874 2149 1934 to
2188 1870 2262 1933 de
2299 1871 2357 1934 is
2396 1868 2741 1937 unusual.'’

440 1976 602 2041 Ibid.
633 1965 739 2042 '26
804 1976 902 2056 (1)
965 1977 1218 2057 Φόρμιον
1283 1975 1646 2064 tegiculum
1691 1976 1917 2042 dicunt
1967 1972 2215 2052 Graeci,
2266 1996 2303 2041 a
2347 1997 2472 2061 quo
2517 1978 2746 2043 inster-

352 2086 531 2149 nitur
591 2085 1072 2170 pavimentum,
1135 2083 1304 2148 unde
1368 2083 1638 2163 Φορμίων
1686 2087 1979 2169 correpta
2024 2083 2235 2168 prima
2279 2081 2531 2168 syllaba
2576 2084 2745 2171 apud

353 2189 822 2277 Apollodorum
869 2195 996 2268 661,
1055 2188 1183 2255 666
1233 2190 1388 2276 ergo
1437 2210 1473 2255 a
1520 2188 1918 2267 formula,
1968 2195 2044 2253 ut
2091 2188 2353 2274 quidam
2400 2196 2631 2274 putant
2682 2197 2746 2256 61

349 2296 499 2362 inde
546 2299 901 2383 parasitus,
949 2296 1305 2362 vilissimae
1351 2296 1739 2362 condicionis
1786 2296 1979 2361 homo
1999 2342 2014 2373 ,
2064 2315 2298 2360 661666
2344 2298 2622 2382 6666611.

439 2403 538 2485 (2)
607 2402 679 2468 Si
741 2423 778 2468 a
839 2402 1204 2468 formula
1269 2407 1438 2468 66661
1498 2424 1733 2468 661666
1794 2399 2191 2479 comoediae,
2248 2400 2745 2487 produceremus

347 2511 627 2595 primam
673 2508 988 2597 syllabam
1016 2559 1033 2589 ,
1085 2512 1140 2575 si
1188 2530 1224 2575 a
1269 2510 1803 2595 phormione,
1852 2511 2169 2595 corripere
2218 2508 2543 2576 debemus.

444 2614 544 2683 Of.
609 2614 866 2686 1.2.'72
929 2616 1024 2698 (2)
1090 2616 1483 2695 „Phormio”
1546 2638 1672 2682 non
1736 2638 1773 2682 a
1832 2614 2203 2681 formula
2266 2617 2375 2682 sed
2423 2637 2459 2682 a
2505 2617 2745 2704 phor-

347 2724 620 2788 mione
683 2722 892 2788 dictus
941 2727 1228 2809 sparte0‚
1297 2743 1490 2809 quem
1537 2743 1648 2788 nos
1695 2742 2030 2789 eronem
2078 2721 2354 2788 dicimus
2402 2720 2744 2790 trivialiter

347 2836 415 2895 et
459 2851 573 2915 pro
618 2830 1095 2895 consuetudine.
1810 2906 1813 2909 ⁴
2714 2914 2723 2923 .

443 2936 777 3001 Praeterea
844 2936 1054 3001 Praef.
1101 2935 1133 3000 I
1184 2936 1254 3001 1:
1321 2935 1796 3017 „Quamobrem
1840 2933 2019 3000 nulla
2067 2933 2389 3001 dubitatio
2437 2943 2534 3002 est
2579 2938 2744 3005 hanc

332 3042 559 3109 ·solam
606 3063 774 3121 esse,
837 3045 942 3107 cui
988 3063 1220 3107 nomen
1269 3049 1458 3128 poeta
1503 3043 1893 3120 mutaverit,
1944 3048 2009 3106 61
2058 3062 2270 3107 611616
2320 3064 2465 3120 666,
2517 3047 2629 3129 qui
2676 3048 2744 3109 in

353 3150 472 3215 hac
519 3149 1108 3215 Phormionem
1155 3151 1508 3235 parasitum
1554 3154 1789 3234 putant
1836 3168 1873 3212 a
1920 3146 2291 3212 formula
2336 3147 2507 3226 litis,
2550 3172 2742 3236 quam

351 3255 734 3332 intenderit,
798 3257 1242 3334 nominatum,
1305 3275 1456 3319 cum
1519 3251 1765 3319 Graeca
1825 3252 2290 3339 lingua·fiscus
2336 3262 2630 3341 sparteus
2678 3261 2744 3323 et

350 3369 634 3429 stramen
697 3365 1033 3428 nauticum
1095 3364 1186 3427 sic
1248 3360 1532 3433 dicatur:
1599 3382 1636 3426 a
1701 3361 1887 3425 cuius
1948 3361 2041 3424 rei
2090 3359 2194 3426 vel
2242 3364 2592 3445 capacitate
2637 3362 2745 3429 vel

348 3468 604 3536 vilitat-e
650 3470 849 3533 etiam
896 3469 974 3534 ab
1023 3466 1410 3553 Apollodoro
1457 3468 1780 3552 parasitus
1829 3466 2237 3531 Phormionis
2281 3470 2540 3534 6616166
2586 3492 2745 3535 666-

351 3581 648 3661 cupatur.

445 3681 612 3749 Cum
666 3680 1102 3747 Praefationes
1155 3680 1348 3747 hodie
1403 3680 1726 3768 plerisque
1781 3702 1844 3747 v.
1874 3680 1934 3745 d.
1984 3700 2022 3745 a
2063 3679 2313 3746 Donato
2352 3686 2741 3769 compositae

349 3810 486 3856 esse
525 3789 866 3855 videantur
902 3787 1083 3868 (Leo
1122 3789 1298 3853 Mus.
1339 3788 1541 3854 Rhen.
1582 3786 1933 3851 XXXVIII
1975 3808 2037 3872 p.
2083 3786 2235 3853 326.
2286 3786 2741 3857 Sabbadini
2858 3852 2861 3856 .

349 3893 535 3962 Stud.
583 3894 730 3960 Ital.
779 3893 843 3959 II
895 3894 1002 3958 13.
1053 3894 1357 3960 Wessn.
1406 3896 1473 3957 in
1522 3914 1668 3979 app.
1720 3891 1800 3958 ad
1838 3893 1903 3958 h.
1929 3892 1997 3972 1.,
2043 3891 2175 3974 aL),
2218 3915 2605 3981 consequens
2642 3904 2741 3963 est

347 4006 462 4079 ut,
526 4000 832 4088 quicquid
891 4002 959 4064 16
1022 4001 1283 4067 scholiis
1347 4023 1384 4067 a
1442 4000 1857 4086 praefationis
1915 4002 2282 4066 testimonio
2328 4002 2659 4085 abhorret,
2704 4026 2742 4071 a

349 4109 635 4193 genuino
683 4103 1065 4173 Commento
1111 4112 1508 4186 secernatur;
1559 4107 1848 4192 primum
1890 4104 1975 4170 26
2002 4105 2119 4185 (2),
2164 4108 2405 4171 6166116
2450 4108 2740 4179 Donatus

349 4212 820 4279 derivationem
882 4232 920 4277 a
981 4212 1350 4277 formula
1393 4213 1652 4297 reiecit,
1702 4212 1855 4296 quia
1897 4210 2281 4296 phormio
2331 4210 2609 4289 Graecae
2656 4220 2742 4282 sit

345 4321 651 4405 orig-iaie,
715 4323 783 4384 at
844 4318 1040 4384 huius
1105 4317 1333 4385 scholii
1394 4322 1640 4397 auctor,
1691 4318 1844 4405 quia
1892 4319 2217 4403 quantitas
2266 4341 2392 4384 non
2439 4326 2741 4389 convenit

346 4447 498 4493 cum
546 4446 700 4491 voce
745 4424 966 4491 latina.

439 4531 568 4599 Sed
611 4534 809 4597 etiam
855 4530 944 4598 26
967 4532 1067 4614 (1)
1112 4536 1178 4597 61
1229 4530 1313 4599 ’72
1337 4532 1436 4614 (2)
1486 4532 1735 4598 Donato
1782 4530 1921 4597 dari
1966 4537 2312 4616 nequeunt.
2356 4531 2549 4613 Illud,
2590 4538 2742 4621 quia
