3392 5384
415 1129 1181 1216 O'AITNAIOZ
1263 1129 1913 1212 ΜΕΓΙΣΤΟΣ
1992 1130 2690 1213 ΚΑΝΘΑΡΟΣ.

1429 1365 1679 1406 sempsl'r

1195 1548 1254 1614 J.
1319 1495 1901 1619 VUR'PHEIM.

1401 1853 1723 1896 —44-4-

449 2116 550 2184 Ex
595 2118 678 2183 iis
726 2137 888 2201 quae
933 2115 1351 2183 Leeuwenius
1395 2117 1464 2180 in
1504 2115 1623 2180 hoc
1661 2114 1875 2182 diario
1892 2109 2261 2203 ‘disputavit
2302 2117 2377 2182 de
2418 2117 2750 2183 scarabaeo

359 2227 640 2291 Aetnaeo
711 2225 952 2310 optime
1022 2226 1159 2310 ipse
1229 2223 1466 2288 effecit:
1559 2227 1844 2300 „certam
1916 2221 2200 2309 aliquam
2269 2224 2751 2290 scarabaeorum

359 2333 639 2417 speciem
677 2333 1002 2393 Aetnaeam
1045 2349 1517 2414 quamcumque
1558 2328 1635 2392 ob
1675 2349 1935 2393 causam
1975 2328 2210 2394 dictam
2252 2351 2386 2394 esse
2411 2327 2749 2395 Athenis’'.

361 2437 644 2524 Roganti
707 2456 895 2501 vero:
961 2435 1153 2522 „quid
1219 2434 1547 2500 scarabaeo
1596 2454 1747 2498 cum
1795 2433 2042 2499 Aetna?
2090 2456 2214 2520 qua
2258 2438 2574 2521 imagine,
2626 2456 2751 2520 qua

359 2545 722 2612 narratione
783 2544 952 2608 inter
1007 2535 1237 2607 'nautas
1302 2545 1459 2626 puta
1522 2539 1793 2626 vulgata
1856 2543 2018 2605 moti
2066 2548 2217 2606 sunt
2264 2548 2361 2606 tot
2408 2547 2629 2627 poetae
2677 2546 2754 2605 ut

359 2650 641 2716 ridentes
701 2687 787 2697 —
849 2647 957 2714 vel
1015 2648 1352 2713 irridentes
1418 2684 1503 2694 -
1566 2646 1983 2732 loquerentur
2046 2647 2121 2714 de
2184 2669 2419 2734 magno
2481 2647 2751 2712 ateucho

361 2755 564 2822 siculo
583 2753 674 2832 ?”,
723 2778 786 2821 v.
834 2753 914 2820 cl.
965 2754 1335 2841 respondet:
1388 2775 1557 2831 „non
1601 2753 1871 2839 liquet'’.

455 2858 730 2928 Causam
777 2866 996 2926 autem
1042 2860 1290 2927 iocandi
1337 2861 1693 2938 exstitisse,
1745 2880 2038 2938 causam,
2091 2859 2262 2936 dico,
2314 2860 2521 2945 qualis
2560 2861 2754 2926 Athe·

362 2969 683 3034 niensium
743 2964 1002 3032 nullum
1065 2967 1290 3052 fugere
1353 2971 1602 3051 posset,
1654 2969 1801 3050 quis
1848 2965 2153 3052 negabit?
2199 2966 2345 3032 Non
2391 2970 2591 3053 inepti
2644 2968 2752 3032 sed

360 3075 569 3139 insani
630 3075 909 3138 hominis
971 3073 1199 3137 fuisset
1259 3071 1437 3156 loqui
1499 3076 1691 3158 atque
1750 3075 1959 3138 risum
2020 3073 2426 3140 audientium
2476 3077 2753 3140 excitare

360 3179 527 3246 velle
591 3179 666 3244 de
729 3181 1060 3244 scarabaeo
1123 3183 1420 3254 aetnan,
1486 3180 1541 3242 si
1599 3181 1769 3243 inter
1833 3185 2117 3244 montem
2179 3186 2242 3245 et
2289 3179 2753 3245 animalculum

360 3288 524 3350 ratio
584 3283 1004 3350 intercederet
1070 3334 1083 3350 .
1114 3332 1127 3348 .
1161 3331 1175 3348 .
1241 3283 1440 3348 nulla.
1508 3283 1795 3348 Proferre
1858 3287 2066 3370 igitur
2123 3285 2286 3348 mihi
2351 3285 2574 3364 liceat,
2627 3270 2753 3370 quo

363 3391 552 3456 modo
609 3393 743 3456 iam
808 3391 918 3455 diu
979 3393 1278 3475 aenigma
1325 3389 1571 3456 solvere
1621 3396 1885 3455 conatus
1929 3392 2074 3454 sim.
2126 3391 2332 3470 Quam
2380 3393 2755 3457 brevissime

361 3519 498 3562 rem
568 3497 916 3562 conficiam.
983 3496 1217 3562 Statue
1286 3497 1387 3561 τὸν
1453 3492 1740 3575 κάνθαρον
1814 3502 2096 3581 spectare
2164 3518 2290 3560 non
2359 3497 2438 3562 ad
2509 3505 2754 3561 montem

364 3604 637 3669 Aetnam
709 3603 818 3668 sed
888 3603 967 3668 ad
1037 3603 1232 3667 urbem
1303 3603 1578 3667 Aetnam
1649 3605 1886 3668 montis
1950 3605 2015 3666 in
2076 3603 2395 3668 radicibus
2455 3607 2753 3689 positam.

364 3708 632 3776 Condita
679 3709 834 3774 haec
879 3709 1030 3774 urbs
1079 3715 1212 3774 erat
1253 3730 1289 3774 a
1330 3707 1857 3775 Chalcidensibus
1896 3714 1961 3773 et
1996 3709 2254 3788 Naxiis,
2300 3709 2465 3774 unde
2505 3712 2645 3776 veri
2684 3709 2758 3774 fit

363 3815 575 3881 simile
624 3814 940 3880 coloniam
988 3817 1233 3900 insigni
1279 3815 1554 3900 quodam
1603 3821 1711 3887 τῆς
1761 3817 2190 3895 μητροπόλεως
2241 3818 2620 3881 memoriam
2668 3819 2760 3881 vi-

363 3944 512 3988 vam
573 3943 878 3988 servasse.
944 3921 1237 4008 Rogatur
1301 3924 1528 4008 igitur,
1596 3924 1891 4007 quisnam
1953 3923 2147 3987 fuerit
2210 3923 2400 4002 deus,
2467 3926 2572 3988 cui
2617 3934 2755 3988 tam

363 4027 615 4096 Chalcis
655 4050 848 4115 quam
889 4029 1112 4094 Naxus
1153 4049 1498 4113 omnesque
1539 4027 1942 4094 Chalcidicae
1983 4031 2171 4094 urbes
2212 4037 2419 4095 essent
2445 4030 2759 4108 addictae,

363 4138 545 4202 cuius
592 4137 879 4203 numinis
924 4138 1116 4201 sacris
1160 4139 1351 4220 atque
1392 4135 1707 4221 symbolis
1745 4134 2196 4222 gloriarentur.
2248 4136 2575 4201 Nimirum
2622 4143 2757 4202 erat

362 4241 687 4329 Dionysus
735 4240 841 4308 vel
888 4241 1042 4306 deus
1089 4240 1346 4326 libycus
1392 4242 1702 4319 Ammon;
1754 4243 1985 4307 horum
2028 4245 2199 4308 enim
2242 4243 2509 4308 deorum
2550 4245 2757 4330 capita

359 4370 668 4436 perquam
707 4347 946 4414 similia
973 4384 1058 4398 —-
1086 4347 1364 4413 alterum
1391 4352 1644 4414 taurina
1671 4350 1791 4414 fert
1814 4371 2049 4415 cornua
2073 4349 2349 4414 alterum
2374 4352 2643 4416 arietina
2672 4386 2775 4405 ——.

361 4455 594 4520 hedera
634 4460 932 4520 coronata
971 4456 1237 4520 urbium
1277 4477 1576 4521 nummos
1615 4458 1941 4521 ornabant.
1990 4455 2302 4542 Exemplo
2344 4458 2471 4521 sint
2503 4458 2758 4521 nummi

361 4561 642 4647 Aphytis
688 4561 1024 4625 Ammonis
1071 4567 1366 4646 gerentes
1415 4567 1608 4647 caput
1653 4561 1867 4644 (Head
1912 4561 1997 4626 Η.
2026 4559 2103 4628 Ν.
2154 4584 2220 4648 p.
2275 4561 2451 4644 186),
2503 4565 2761 4628 nummi
2828 4573 2832 4578 ’
