3392 5384
1390 406 1704 455 nom-rus.
1966 409 1976 416 “
2611 386 2744 457 211²

443 572 544 639 Ad
604 574 933 658 sequentia
992 572 1093 636 IP
1153 572 1235 637 13
1261 570 1395 653 (3):
1450 572 1749 657 Proprie,
1800 572 1951 655 quia
1999 590 2157 656 pax,
2206 570 2414 652 datio,
2467 573 2746 655 deditio,

355 682 728 757 conventio,
770 679 1163 764 colloquium
1206 678 1484 744 militiae
1524 679 1718 743 verba
1754 682 1925 742 sunt.
2036 677 2214 742 Idem
2262 679 2343 743 14
2369 680 2505 761 (3):
2549 680 2750 760 „Gon-

357 790 575 854 venire
637 792 703 852 et
762 785 1086 871 colloqui”
1153 788 1243 850 sic
1304 785 1924 877 pronuntiandum„
1957 789 2033 849 ut
2079 788 2261 870 quasi
2307 786 2509 852 dicat:
2557 788 2750 855 liceat

359 916 471 980 per
518 899 615 971 te,
663 893 1102 981 miles‚‚quod
1150 890 1347 957 etiam
1391 895 1559 957 inter
1605 891 1822 956 hostes
1869 897 1933 955 et
1977 892 2044 954 in
2089 891 2256 957 bello
2303 892 2474 959 licet.

451 1000 797 1085 Inspiravit
843 1021 993 1065 eum
1043 999 1202 1064 Don.
1249 998 1332 1063 13
1359 998 1489 1079 (2):
1540 998 1624 1062 Et
1670 999 1760 1061 sic
1805 996 2064 1061 locutus
2103 1003 2235 1077 est,
2278 1003 2460 1083 quasi
2501 1000 2748 1066 bellum

364 1109 663 1173 omnibus
723 1108 826 1171 his
885 1107 1099 1173 verbis
1157 1105 1482 1170 indixerit.
1631 1101 1712 1167 14
1738 1103 1867 1184 (2):
1933 1100 2226 1181 <„Conv.
2276 1112 2341 1169 et
2389 1106 2626 1183 coll.''>
2677 1114 2752 1173 ut

362 1218 432 1279 in
494 1214 741 1278 hostico
810 1212 990 1278 solet.
1062 1211 1441 1277 Sallustius:
1518 1230 1724 1295 „quae
1785 1215 1972 1296 pacta
2031 1213 2098 1275 in
2162 1215 2582 1279 conventione
2627 1236 2752 1279 non

367 1319 896 1406 praestitissent’',
943 1325 1008 1384 et
1055 1318 1245 1383 alibi:
1299 1320 1525 1396 „cuius
1574 1317 1841 1381 adversa
1888 1316 2222 1383 voluntate
2271 1311 2589 1405 colloquio
2635 1323 2755 1385 mi-

362 1427 591 1492 litibus
650 1425 1005 1511 permisso''
1057 1429 1203 1489 cett.
1323 1424 1423 1489 De.
1467 1425 1985 1509 pronuntiatione
2033 1430 2249 1488 autem
2298 1424 2458 1489 Don.
2513 1425 2597 1489 14
2623 1427 2755 1508 (4):-

370 1506 576 1613 „Dare
622 1533 687 1597 h.
730 1553 790 1621 qt.
831 1529 1210 1598 volumus''.·
1272 1530 1448 1595 Haec
1494 1528 1756 1614 singula
1802 1550 1948 1594 cum
1996 1530 2242 1594 invidia
2288 1534 2757 1616 pronuntianda

368 1644 537 1705 sunt.
720 1637 794 1701 Id
835 1643 965 1703 est:
1007 1638 1296 1721 maligna
1336 1636 1637 1702 tarditate
1676 1635 1936 1721 singula
1975 1656 2012 1701 a
2052 1637 2443 1704 Parmenone
2485 1642 2552 1703 in
2594 1640 2758 1705 mili·

368 1751 503 1811 tem
550 1747 981 1831 proferuntur.
1145 1742 1403 1809 Tertius
1450 1749 1580 1821 est,
1632 1746 1746 1828 qui
1782 1743 1902 1808 hoc
1941 1764 2275 1829 perperam
2312 1748 2407 1810 ita
2446 1746 2759 1832 explicuit

374 1852 459 1917 14
484 1854 614 1933 (1):
679 1852 763 1916 Et
824 1854 915 1916 sic
978 1850 1557 1936 pronuntiandum,
1616 1855 1692 1912 ut
1755 1849 2174 1914 subaudiatur
2237 1850 2450 1930 „vel'’,
2514 1859 2590 1916 ut
2637 1856 2756 1918 sit:

370 1958 474 2024 vel
521 1958 669 2023 dare
715 1956 821 2021 vel
868 1960 1205 2022 convenire
1254 1962 1319 2021 et
1366 1955 1669 2040 colloqui.

466 2064 823 2149 Supersunt
884 2063 1009 2128 duo
1074 2062 1347 2128 scholia:
1416 2062 1500 2126 13
1526 2062 1621 2142 (l)
1688 2060 1938 2138 „Pace”
1989 2067 2104 2127 aut
2149 2067 2436 2149 gratia
2482 2071 2596 2129 aut
2642 2088 2763 2132 vo-

374 2171 714 2236 luntate
791 2170 898 2251 (cf.
964 2170 1126 2238 Don.
1188 2170 1265 2233 ad
1331 2171 1487 2234 Aen.
1557 2168 1829 2246 10.31),
1891 2172 1984 2250 [et
2045 2169 2220 2233 deest
2289 2171 2553 2254 „cum’']
2603 2172 2667 2252 ¹).

381 2277 463 2342 13
490 2276 585 2358 (4)
647 2276 732 2341 Et
794 2276 1148 2353 invidiose,
1209 2278 1393 2360 quasi
1454 2295 1564 2360 per
1626 2295 1779 2338 eum
1839 2295 1954 2338 nec
2015 2278 2298 2360 accipere
2362 2276 2549 2341 liceat
2602 2278 2764 2345 dona

374 2383 705 2449 Thaidem.
868 2382 1044 2448 Haec
1091 2382 1341 2447 Donato
1392 2379 1808 2465 relinquenda
1854 2385 2034 2464 put0.

462 2489 676 2576 Igitur
736 2488 816 2554 ad
866 2488 949 2552 13
1012 2487 1262 2552 Editor·
1289 2493 1433 2572 post
1478 2486 1631 2551 belli
1677 2488 2070 2551 mentionem
2118 2488 2183 2550 in
2231 2486 2326 2568 (2)
2373 2488 2600 2554 intulit
2646 2490 2762 2572 (3),

372 2597 452 2662 ad
519 2596 602 2660 14
664 2617 857 2661 suum
920 2596 997 2659 de
1059 2596 1576 2680 pronuntiatione
1640 2592 1735 2674 (3)
1800 2599 1946 2657 ante
2010 2592 2372 2659 Donateum
2419 2596 2496 2661 de
2544 2598 2761 2662 eadem

373 2725 461 2769 re.
601 2703 896 2768 Tertium
967 2702 1045 2766 de
1115 2703 1631 2787 pronuntiatione
1703 2698 2104 2786 Compilator
2167 2701 2422 2767 aliunde
2492 2704 2761 2770 allatum

376 2810 818 2897 negligentius
864 2810 1072 2894 primo
1114 2806 1257 2873 loco
1307 2810 1541 2893 posuit.

438 2916 629 2983 ·Ibid.
685 2914 767 2982 17
795 2937 929 3002 sqq.

470 3024 596 3089 P-a.
646 3022 923 3087 Procede
971 3029 1044 3086 tu
1092 3023 1249 3087 huc:
1302 3022 1399 3085 Ex
1450 3022 1794 3107 Aethiopia
1842 3028 1939 3086 est
1985 3042 2188 3108 usque
2235 3024 2388 3090 haec

655 3128 783 3194 Ubi
828 3135 901 3193 tu
949 3148 1047 3205 es,
1097 3125 1305 3193 Dore?
1354 3128 1576 3193 accede
1624 3129 1771 3192 huc.

478 3233 559 3301 17
587 3235 683 3317 (l)
753 3234 921 3299 Bene
985 3234 1336 3320 „procede”
1402 3234 1568 3298 dixit
1628 3254 1754 3297 non
1821 3234 2126 3309 „accede”
2195 3242 2308 3299 aut
2372 3238 2629 3317 „veni'',
2695 3244 2770 3304 ut

381 3347 678 3428 appareat
743 3341 1025 3426 dignitas
1089 3343 1286 3405 etiam
1347 3342 1418 3403 in
1478 3342 1749 3404 incessu.
1864 3338 2025 3403 Ecce
2083 3344 2442 3424 genuinum
2488 3342 2770 3429 Interpo-

378 3447 603 3514 latoris
663 3450 1036 3512 inventum:
1107 3445 1381 3511 ridicula
1444 3452 1541 3510 est
1604 3446 1889 3531 dignitas
1950 3444 2066 3509 illa
2124 3449 2406 3511 incessus
2465 3451 2533 3512 in
2595 3454 2770 3536 turpi

378 3557 692 3641 nigraque
760 3553 1012 3639 puella,
1085 3559 1150 3617 et
1220 3555 1437 3644 inepta
1494 3557 1587 3617 est
1654 3552 1998 3615 antithesis
2064 3553 2393 3633 „accede’'‚
2459 3577 2608 3621 cum
2653 3558 2771 3623 hoc

381 3663 520 3746 ipso
565 3661 760 3726 verbo
806 3665 1031 3724 utatur
1078 3664 1263 3744 poeta
1311 3659 1387 3723 de
1435 3659 1599 3723 dono
1648 3657 2013 3743 pulchriore
2062 3666 2127 3723 et
2175 3659 2482 3745 digniore.

480 3767 575 3848 (2)
621 3766 707 3831 Et
753 3766 982 3832 cal-lide
1029 3766 1107 3831 ab
1154 3766 1452 3831 inferiore
1500 3767 1732 3849 incipit
1778 3786 2074 3842 munere,
2125 3766 2242 3831 hoc
2297 3772 2395 3831 est
2442 3789 2478 3832 a
2523 3768 2770 3854 puella,

386 3872 459 3939 ad
522 3872 867 3939 Chaeream
918 3875 1269 3951 venturus,
1320 3870 1518 3935 simul
1563 3876 1641 3935 ut
1686 3892 1723 3935 a
1770 3891 1921 3936 vero
1969 3874 2287 3956 mancipio
2335 3876 2646 3959 incipiens
2695 3875 2774 3939 ad

385 3979 621 4045 falsum
685 3982 821 4043 sine
882 3981 1238 4063 suspicione
1290 3980 1609 4042 transiret.
1757 3976 1840 4040 18
1867 3976 1962 4057 (6)
2009 3978 2093 4042 Et
2141 3980 2303 4043 mire
2353 3980 2430 4045 ab
2476 3981 2774 4047 inferiore

387 4088 631 4170 coepit,
682 4088 757 4148 ut
804 4084 1061 4161 αὔξησιν
1110 4084 1257 4148 doni
1304 4084 1539 4149 faceret
1579 4086 1647 4147 in
1687 4081 2002 4160 Chaerea,
2044 4090 2110 4148 et
2148 4088 2324 4169 turpi
2363 4087 2775 4171 praecedente

386 4192 777 4257 lenocinium
825 4195 1156 4276 comparat
1202 4197 1500 4256 secuturo
1548 4188 1840 4276 pulchro.

480 4298 835 4364 Exordium
898 4297 1147 4377 simile,
1203 4303 1411 4363 cetera
1462 4298 1733 4365 diversa.
1796 4296 1868 4361 In
1916 4296 2010 4377 (6)
2060 4295 2313 4373 αὔξησις
2364 4298 2470 4379 fit,
2521 4288 2596 4365 ut
2635 4302 2776 4387 pul-

457 4529 513 4595 1)
544 4528 742 4578 Addidit
776 4527 1021 4593 magister.
