3392 5384
692 404 821 472 116
1728 420 2032 472 ransom.

686 586 1132 653 Atellanarum
1194 588 1533 652 histriones
1596 608 1738 652 eam
1803 589 2116 674 egissent,
2181 588 2293 672 qui
2354 587 2487 651 iam
2546 584 2694 649 inde
2755 605 2791 648 a
2854 586 3066 670 prima

681 695 931 779 origine
992 693 1187 758 huius
1248 692 1612 758 fabularum
1674 695 1930 779 generis
1977 730 2063 740 —
2110 691 2177 756 id
2224 694 2397 757 enim
2445 697 2542 756 est
2590 676 2933 776 „proprie”
2983 725 3070 738 —

686 799 1093 884 „personati”
1133 800 1201 863 in
1241 819 1532 864 scaenam
1569 799 1894 884 prodirent
1925 799 1993 878 ¹).
2039 797 2209 864 Nam
2248 797 2582 863 comoedos
2621 804 2687 862 et
2726 795 3066 882 tragoedos

682 905 913 970 multis
958 905 1222 970 demum
1268 907 1449 969 annis
1493 911 1639 989 post
1689 903 2058 989 „personis”
2107 907 2207 968 uti
2254 906 2554 989 coepisse.

772 1010 1353 1096 Quotienscumque
1400 1010 1573 1075 Festi
1626 1011 1819 1076 verba
1866 1007 2159 1098 perlego,
2209 1012 2374 1075 mihi
2423 1011 2498 1074 de
2546 1009 2775 1087 larvis,
2827 1029 2950 1073 non
2992 1007 3069 1071 de

680 1139 833 1182 zona
894 1117 1155 1184 videtur
1215 1136 1423 1182 sermo
1486 1137 1657 1195 esse,
1724 1136 1879 1182 nam
1925 1122 1998 1181 ut
2044 1133 2190 1181 ante
2237 1119 2452 1182 omnia
2499 1136 2696 1180 unam
2747 1134 2885 1180 rem
2932 1135 3072 1199 pre-

679 1245 888 1302 mam,
952 1226 1107 1288 satis
1155 1244 1232 1288 ex
1277 1225 1393 1300 iis,
1445 1243 1603 1307 quae
1653 1221 1874 1288 Cicero
1921 1220 2210 1287 Donatus
2255 1221 2598 1287 Diomedes
2644 1221 2826 1287 nobis
2871 1220 3068 1285 tradi-

676 1329 907 1394 derunt
932 1328 1003 1409 ²),
1052 1335 1300 1394 constat
1348 1328 1680 1394 comoedos
1726 1328 1875 1394 illos
1924 1334 1990 1394 et
2034 1328 2370 1415 tragoedos
2419 1326 2642 1393 multis
2691 1328 2871 1391 annis
2919 1331 3066 1410 post

674 1435 905 1500 Naevii
966 1441 1242 1500 aetatem
1303 1455 1429 1498 non
1490 1434 1775 1519 cingulis
1837 1433 1944 1498 vel
2006 1455 2176 1499 novo
2223 1433 2499 1519 quodam
2546 1453 2778 1519 genere
2826 1434 3063 1508 vestis,

675 1540 785 1605 sed
844 1539 1042 1604 larvis
1102 1542 1203 1605 uti
1264 1541 1565 1624 coepisse.
1634 1541 1846 1624 Atque
1909 1560 2035 1624 quo
2098 1540 2287 1604 modo
2344 1538 2624 1604 Atellani
2670 1544 2872 1603 certas
2918 1535 3068 1602 illas

675 1651 886 1730 partes
950 1645 1158 1710 Macci
1220 1645 1529 1711 Bucconis
1578 1646 1782 1731 Pappi
1829 1644 2142 1710 Dossenni
2186 1652 2251 1711 et
2296 1647 2671 1730 praesertim
2717 1642 3065 1720 Manduci,

670 1754 855 1816 cuius
934 1772 1275 1837 „personae
1335 1749 1633 1836 pallentis
1694 1752 1951 1816 hiatum
2015 1753 2083 1814 in
2144 1753 2396 1836 gremio
2468 1752 2694 1815 matris
2759 1748 3066 1814 formidat

676 1859 953 1921 rusticus
998 1855 1248 1920 infans''
1280 1854 1349 1937 ³),
1399 1878 1558 1940 quae
1605 1863 1818 1942 partes
1869 1859 2077 1943 primo
2116 1864 2375 1942 aspectu
2418 1856 2718 1922 omnibus
2756 1859 3068 1939 spectato-

675 1963 852 2026 ribus
914 1961 1285 2026 manifestae
1346 1982 1481 2026 esse
1545 1968 1609 2025 et
1669 1963 1748 2027 ab
1810 1963 1892 2026 iis
1957 1965 2216 2049 agnosci
2278 1983 2459 2047 posse
2523 1961 2867 2038 debebant,
2936 1980 3062 2044 quo

677 2068 903 2143 mode,
987 2069 1282 2152 inquam,
1352 2068 1693 2133 histriones
1754 2068 1854 2132 illi
1915 2090 2018 2133 eas
2085 2089 2275 2155 agere
2335 2072 2722 2153 potuerunt,
2791 2069 2919 2131 nisi
2982 2067 3062 2131 ab

675 2176 863 2238 initio
902 2175 1173 2258 propriis
1212 2173 1412 2237 larvis
1449 2176 1746 2259 insigniti
1783 2171 2093 2239 fuissent?
2133 2174 2354 2258 Itaque
2395 2195 2599 2262 neque
2623 2165 3060 2256 „personatus”

676 2301 881 2363 neque
931 2279 1258 2364 „(fabula)
1286 2274 1654 2360 personat&
1697 2300 1902 2364 neque
1947 2281 2294 2361 „personati
2333 2278 2698 2342 histrione?
2727 2277 3062 2358 (Atellani)

677 2384 1024 2470 quidquam
1087 2406 1425 2450 commune
1485 2386 1718 2450 habere
1779 2388 2079 2450 existimo
2142 2407 2292 2450 cum
2347 2371 2664 2450 'vocabulo
2714 2381 2898 2462 ζώνη,
2949 2381 3061 2446 sed

677 2493 891 2556 omnia
954 2511 1098 2554 cum
1152 2513 1418 2572 persona
1477 2496 1582 2570 (τε
1615 2491 2007 2572 „masker''),
2074 2511 2146 2556 eo
2209 2512 2395 2556 sensu
2444 2492 2554 2574 qui
2603 2489 2809 2554 adhuc
2856 2488 3060 2574 vulgo

677 2597 829 2661 huic
877 2598 1017 2661 voci
1065 2597 1346 2660 tributus
1393 2604 1516 2674 est,
1568 2596 1900 2662 cohaerere
1949 2597 2110 2660 mihi
2157 2617 2533 2682 persuasum
2580 2601 2696 2660 est.

811 2703 1033 2786 Neque
1080 2707 1293 2766 tamen
1341 2700 1605 2766 Festum
1652 2723 1871 2766 veram
1919 2723 2177 2766 causam
2223 2704 2616 2787 perspexisse
2657 2699 3059 2776 crediderim,

676 2829 791 2872 cur
838 2807 1121 2873 Naevius
1167 2807 1453 2871 fabulam
1502 2829 1685 2872 suam
1731 2807 2161 2884 „personata”
2203 2810 2650 2892 inscripsisset.
2699 2806 2845 2872 Non
2886 2807 3063 2871 enim

676 2916 812 2977 veri
876 2912 1089 2976 simile
1151 2919 1248 2976 est
1300 2919 1540 2977 actores
1589 2911 1919 2978 Atellanos
1966 2913 2212 2979 Naevio
2261 2935 2513 2999 operam
2565 2933 2749 2977 suam
2795 2915 3062 2997 praesti-

673 3021 863 3094 tisse,
913 3017 1016 3082 vel
1064 3017 1230 3102 quod
1276 3024 1455 3082 erant
1503 3017 1938 3084 adulescentes
1985 3018 2265 3097 nobiles,
2317 3022 2428 3104 qui
2470 3021 2538 3082 in
2586 3017 2723 3082 sola
2761 3016 3062 3082 Atellana

675 3132 886 3210 partes
932 3125 1207 3210 agebant
1254 3137 1459 3209 neque
1506 3123 1631 3190 alio
1677 3146 1865 3209 opere
1912 3125 2280 3190 histrionali
2327 3146 2392 3190 se
2437 3124 2809 3210 polluebant
2833 3121 2907 3202 ⁴),
2955 3122 3063 3188 vel

674 3231 842 3316 quod
888 3252 1107 3296 eorum
1155 3230 1367 3296 larvae
1408 3232 1694 3316 partibus
1735 3231 2094 3296 comoediae
2130 3232 2492 3297 Naevianae
2531 3233 2798 3294 minime
2841 3231 3063 3294 conve-

673 3337 949 3401 niebant.
1006 3334 1488 3427 Malimligitur
1527 3342 2020 3421 putarenomen
2070 3336 2496 3414 „Personata”
2534 3335 2768 3400 idcirco
2807 3333 3062 3400 fabulae

670 3442 953 3506 inditum
1014 3462 1183 3518 esse,
1251 3445 1401 3527 quia
1461 3464 1586 3507 una
1648 3448 1905 3507 tantum
1952 3443 2169 3506 mulier
2214 3447 2550 3527 personata
2594 3444 2661 3505 in
2710 3462 2782 3506 ea
2827 3442 3062 3527 agebat

672 3550 897 3612 ceteris
937 3547 1357 3612 histrionibus
1398 3569 1503 3612 ore
1542 3569 1664 3612 non
1709 3553 1907 3626 tecto,
1949 3554 2024 3613 ut
2063 3556 2216 3613 tunc
2249 3547 2386 3612 fieri
2408 3547 2670 3624 solebat,
2696 3547 3058 3632 agentibus.

763 3728 1001 3792 Verum
1041 3731 1163 3792 etsi
1202 3728 1576 3794 Stowasseri
1612 3731 1977 3814 opinionem
2001 3732 2220 3807 reicio‚
2253 3735 2470 3795 tamen
2496 3750 2698 3814 neque
2722 3728 2801 3794 ad
2826 3750 3054 3794 eorum

669 3837 1088 3911 sententiam,
1155 3819 1264 3919 qui
1315 3857 1575 3916 persona
1640 3857 1675 3900 a
1741 3837 1933 3900 verbo
1993 3836 2370 3920 personandi
2426 3836 2694 3900 ductum
2740 3835 3094 3928 arbitran-¹

669 3945 797 4015 tur,
860 3961 1062 4025 neque
1120 3941 1197 4004 ad
1246 3939 1549 4017 illorum,
1605 3943 1717 4025 qui
1765 3941 1830 4004 id
1878 3941 2267 4005 vocabulum
2317 3962 2392 4004 ex
2443 3938 2685 4006 Graeco
2737 3939 3054 4016 πρόσωπον

670 4046 1090 4132 depravatum
1133 4054 1419 4125 censent,
1463 4047 1706 4112 accedo.
1758 4046 1927 4111 Nam
1967 4045 2154 4111 alteri
2191 4046 2622 4132 etymologiae
2660 4045 2877 4110 littera
2915 4067 2948 4108 o
2985 4047 3056 4108 in

655 4165 919 4236 persona
965 4153 1275 4238 producta
1318 4155 1561 4230 obstat,
1613 4151 1814 4216 altera
1861 4153 2183 4238 probanda
2224 4174 2346 4216 non
2387 4157 2516 4230 est,
2560 4155 2710 4237 quia
2750 4150 3058 4235 explicari

644 4243 925 4343 nequit,
989 4279 1114 4343 qua
1175 4260 1417 4323 ratione
1479 4259 1837 4342 quibusque
1898 4256 2150 4342 legibus
2198 4278 2500 4323 sonorum
2547 4259 2924 4322 mutationis
2974 4277 3050 4320 ex

739 4457 792 4519 l)
829 4457 902 4504 Cf.
935 4459 1099 4504 Scaea.
1130 4457 1267 4504 Rom.
1304 4472 1350 4519 p.
1388 4457 1469 4504 33.
1911 4522 1914 4526 ⁴
2037 4454 2093 4516 2)
2127 4454 2198 4503 Cf.
2236 4456 2398 4502 Scaen.
2435 4455 2574 4502 Rom.
2603 4469 2650 4518 p.
2688 4450 2902 4501 33—41.

738 4538 792 4602 8)
827 4537 929 4586 Iuv.
966 4537 1043 4585 III
1086 4536 1363 4588 175-176.
2033 4539 2089 4601 4)
2125 4537 2226 4585 Liv.
2270 4535 2364 4582 VII
2401 4537 2449 4594 2,
2483 4537 2516 4583 4
2551 4550 2650 4598 sqq.
