3392 5384
1367 429 1672 478 Donamus,
2672 408 2713 474 9

426 593 522 659 De
559 596 766 658 causis
807 594 1184 678 perturbati
1223 593 1460 658 ordinis
1499 594 1622 658 viri
1661 594 1833 658 docti
1875 596 2234 659 coniectura
2273 613 2469 677 aeque
2508 595 2727 657 minus

321 700 668 778 satisfacit,
717 720 1069 784 earumque
1108 702 1394 784 cognitio
1435 701 1761 784 imprimis
1801 706 1895 764 est
1936 698 2232 764 difficilis.
2280 699 2567 765 Debetur
2602 699 2718 764 illa

323 806 723 890 perturbatio
786 807 864 869 ab
927 805 1126 870 altera
1171 810 1350 890 parte
1397 804 1996 890 interpolatoribus,
2046 806 2123 870 ab
2172 805 2372 869 altera
2419 804 2716 888 compila-

325 914 454 975 tori
493 918 557 974 et
595 910 1104 995 exemplaribUS,
1146 931 1307 995 quae
1344 912 1411 974 in
1451 910 1953 996 conglutinando
1994 916 2354 975 commento
2380 913 2439 974 ei
2461 916 2711 995 praesto

323 1016 606 1081 fuerunt.
657 1016 895 1080 Utrum
937 1016 1012 1080 de
1052 1014 1522 1101 Compilatoris‘
1548 1037 1740 1100 opera
1773 1022 1837 1081 et
1874 1017 2190 1100 exemplis
2228 1016 2473 1100 aliquid
2512 1019 2715 1081 statui

322 1124 562 1206 possit,
629 1121 798 1205 quod
855 1142 979 1185 non
1028 1125 1222 1185 nimis
1268 1125 1589 1185 incertum
1629 1124 1752 1205 sit,
1805 1128 2024 1206 postea
2070 1121 2455 1186 videbimus.
2519 1122 2720 1186 Inter-

316 1225 688 1311 polatorum
736 1247 1039 1310 personae
1087 1234 1153 1291 et
1197 1227 1445 1291 labores
1490 1229 1655 1293 varii
1705 1249 1779 1291 ex
1827 1231 1967 1312 ipso
2016 1233 2380 1291 commento
2422 1229 2719 1312 cognosci

319 1336 611 1415 possunt.
677 1330 815 1396 Iam
875 1332 1045 1415 quod
1111 1331 1270 1397 olim
1333 1331 1408 1396 de
1454 1331 1555 1396 his
1602 1335 1789 1397 rebus
1838 1318 2140 1418 religiosa
2188 1331 2579 1398 scholiorum
2625 1334 2718 1395 in·

324 1437 585 1522 dagatio
646 1440 1023 1521 praesertim
1088 1437 1162 1502 ad
1227 1437 1537 1501 Andriam
1601 1459 1707 1501 me
1756 1438 1973 1502 docuit
2005 1436 2072 1517 ¹),
2121 1437 2187 1501 id
2234 1438 2529 1522 deinceps
2578 1436 2719 1502 reli-

319 1563 598 1627 quorum
647 1544 938 1609 omnium
982 1543 1273 1606 studium
1311 1545 1549 1607 iterum
1588 1545 1955 1628 iterumque
1992 1545 2343 1628 repetitum
2390 1542 2721 1608 confirma—

321 1651 439 1722 vit,
482 1668 711 1732 nempe
751 1650 819 1711 in
856 1648 1301 1732 interpolando
1343 1655 1707 1714 commento
1748 1653 1987 1714 unius
2028 1651 2363 1714 hominis
2404 1670 2714 1733 operam

326 1753 593 1817 fuisse
646 1753 892 1838 longe
948 1757 1508 1842 praecipuam.
1574 1755 1758 1834 Quod
1822 1761 2042 1819 autem
2106 1761 2248 1819 tum
2311 1757 2496 1819 iuxta
2541 1754 2713 1819 hunc

321 1861 709 1943 magistrum
748 1862 946 1923 etiam
985 1859 1145 1924 alios
1178 1860 1431 1925 assidua
1463 1881 1652 1945 opera
1672 1864 1741 1924 in
1767 1872 2129 1926 commento
2155 1866 2491 1945 occupatos
2516 1861 2711 1925 fuisse

318 1966 626 2050 putabam
651 1965 722 2048 2),
771 1987 939 2030 nunc
986 1986 1169 2031 curas
1215 1969 1575 2052 gravioreS,
1627 1988 1784 2051 quas
1829 1966 1959 2031 illis
1998 1966 2517 2051 adsignaveram,
2559 1966 2710 2030 huic

320 2074 435 2136 uni
503 2073 700 2136 etiam
760 2072 1202 2156 interpolatori
1265 2073 1610 2137 reddendas
1678 2094 1815 2138 esse
1875 2071 2200 2154 intellexi,
2273 2074 2467 2136 iuxta
2518 2092 2708 2155 quem

314 2177 684 2241 laborarunt
743 2177 1005 2261 quidem
1067 2180 1365 2262 magistri
1429 2178 1828 2262 complures,
1893 2177 2001 2243 sed
2066 2184 2130 2243 et
2187 2177 2312 2241 alia
2359 2179 2600 2241 ratione
2648 2181 2713 2240 et

307 2303 523 2368 vopera
566 2285 982 2359 interseciva,
1033 2283 1374 2361 subitaria,
1427 2284 1715 2348 fortuita.

416 2387 590 2452 Huic
645 2390 854 2473 igitur
918 2388 1203 2467 homini,
1269 2410 1460 2473 quem
1509 2389 1669 2453 olim
1717 2411 1793 2452 ex
1840 2410 1967 2454 una
2013 2387 2229 2472 aliqua
2273 2390 2521 2472 ingenii
2569 2409 2709 2471 pro-

328 2496 596 2576 ptietate
661 2492 1133 2579 Philosophum
1206 2493 1608 2579 appellabam
1637 2493 1708 2574 3),
1780 2494 1889 2558 sed
1957 2514 2126 2557 nunc
2187 2495 2431 2558 ratione
2494 2495 2710 2556 minus

323 2600 570 2684 insigni
617 2601 954 2684 magisque
994 2597 1286 2685 generali
1333 2598 1622 2663 indicabo
1668 2597 1905 2663 litteris
1950 2598 1981 2661 I
2029 2597 2134 2663 vel
2179 2596 2263 2660 IP
2311 2597 2707 2683 (Interpo-

391 2876 446 2939 1)
482 2875 554 2924 cf.
592 2873 767 2923 Album
800 2873 977 2938 gratul.
1011 2874 1069 2922 ad
1102 2873 1478 2922 Herwerdenum
1508 2872 1636 2922 Trai.
1666 2873 1725 2921 ad
1754 2873 1905 2921 Rhen.
1940 2873 2072 2922 1002
2097 2889 2142 2937 p.
2168 2873 2281 2922 129.
2312 2875 2495 2922 Mnem.
2516 2872 2703 2922 XXXII

323 2956 454 3006 1902
489 2973 536 3020 p.
573 2957 671 3005 210
691 2971 761 3020 sq.

389 3038 439 3099 2)
485 3038 578 3086 Eos
624 3037 750 3097 volo,
785 3052 902 3099 quos
938 3036 988 3085 in
1026 3037 1209 3086 Mnem.
1241 3035 1427 3085 XXXII
1461 3052 1508 3100 p.
1547 3037 1642 3086 281
1663 3052 1765 3101 sqq.
1803 3044 2072 3102 persecutus
2105 3053 2227 3094 sum,
2261 3039 2543 3102 praesertim
2579 3052 2705 3101 mag.

322 3119 384 3178 B,
419 3120 475 3178 C,
513 3121 573 3168 D.

389 3200 444 3264 3)
497 3201 609 3249 Non
662 3204 734 3249 est
783 3201 908 3264 qnod
959 3203 1140 3248 mutem
1185 3199 1278 3248 nisi
1324 3199 1371 3248 in
1417 3199 1635 3264 pauculis
1679 3200 1887 3249 hominis
1919 3200 2300 3265 descriptionem,
2337 3216 2479 3264 quam
2515 3201 2621 3250 dedi
2656 3201 2708 3250 in

325 3283 506 3331 Mnem.
554 3282 624 3330 l.l.
669 3299 712 3346 p.
749 3283 876 3342 21ος
931 3281 1166 3330 -Laborat
1200 3281 1454 3330 immodica
1489 3281 1855 3346 philosophandi
1890 3283 2127 3346 cupidine,
2166 3283 2288 3331 unde
2325 3283 2501 3331 factum
2538 3291 2621 3341 est,
2658 3287 2715 3332 ut

319 3364 419 3412 eius
467 3364 813 3422 adnotationes,
859 3364 1099 3413 communi
1134 3379 1271 3412 sensu
1305 3379 1443 3428 saepe
1477 3364 1752 3423 destitutae,
1785 3365 2023 3413 adfectent
2058 3364 2213 3413 nescio
2250 3380 2392 3427 quam
2427 3365 2707 3414 interiorem

322 3461 483 3495 rerum
533 3462 588 3495 ac
639 3446 887 3495 verborum
939 3446 1325 3509 intelligentiam,
1378 3460 1498 3509 quae
1546 3461 1573 3494 a
1617 3461 1734 3495 sano
1781 3450 1828 3495 et
1862 3447 2068 3511 simplici
2103 3447 2282 3495 Donati
2316 3447 2493 3496 iudicio
2530 3448 2707 3497 mirum

321 3531 551 3591 qnantum
587 3532 658 3576 est
694 3530 892 3576 remota.
929 3526 1176 3576 Abstinuit
1209 3526 1295 3575 illa
1327 3526 1385 3576 ab
1418 3526 1477 3575 iis
1513 3528 1797 3592 interpretis
1828 3529 2009 3586 officiis,
2045 3544 2167 3592 quae
2196 3529 2448 3592 requirunt
2478 3528 2708 3578 sinceram

319 3610 608 3660 doctrinam:
661 3610 740 3658 vix
791 3610 948 3674 [raro]
999 3610 1161 3672 tetigit
1218 3614 1368 3658 artem
1420 3610 1798 3672 grammaticam,
1845 3612 2078 3668 criticam,
2121 3612 2425 3670 rhetoricam,
2459 3612 2709 3670 scenicam,

314 3693 386 3741 nil
433 3691 573 3741 habet
620 3694 678 3741 de
723 3691 949 3756 exemplis
995 3692 1204 3750 Graecis,
1252 3693 1332 3740 sed
1367 3692 1557 3757 scripsit
1590 3694 1799 3744 maxime
1833 3695 1889 3742 de
1924 3694 2270 3742 sententiarum
2306 3693 2705 3757 interpretatione

313 3779 361 3823 et
396 3775 452 3823 de
488 3773 740 3823 verborum
774 3773 1090 3837 etymologia,
1121 3774 1482 3836 significatione,
1516 3773 1802 3823 differentia.
1840 3775 1897 3824 In
1933 3775 2151 3825 manibus
2180 3775 2349 3824 habuit
2376 3778 2700 3823 commentum

317 3855 510 3913 Donati,
560 3870 701 3918 quem
752 3856 892 3904 modo
943 3855 1150 3920 supplet,
1201 3857 1341 3904 modo
1386 3859 1509 3905 tecte
1547 3859 1631 3905 aut
1679 3862 1844 3921 aperte
1876 3857 2131 3906 cavillatur
2165 3861 2214 3905 et
2248 3857 2463 3920 corrigit,
2498 3855 2703 3905 libenter

309 3937 396 3994 ita,
448 3940 500 3985 ut
546 3940 714 3985 contra
759 3937 897 3986 illum
934 3952 1028 3985 non
1065 3951 1208 3986 unam
1242 3937 1513 4001 opinionem
1548 3937 1763 4001 proferat
1798 3939 1877 3987 sed
1913 3938 2074 4003 plures
2106 3942 2249 4002 atque
2282 3937 2523 4003 optionem
2560 3938 2704 3986 faciat

309 4017 482 4066 lectori
537 4022 589 4066 ut
638 4018 802 4081 eligat,
852 4017 1079 4067 adhibitis
1123 4018 1373 4088 particulis
1417 4023 1506 4067 aut
1525 4046 1584 4054 —
1606 4024 1715 4078 aut,
1747 4022 1822 4068 vel
1844 4047 1899 4056 -·-
1921 4023 2009 4079 vel,
2041 4025 2385 4078 utrum—an,
2413 4020 2707 4083 ans—quia,

302 4104 468 4163 potest
487 4105 724 4163 —potest
760 4100 922 4157 etiam,
969 4100 1224 4149 similibus.
1271 4101 1563 4150 Eximendus
1598 4109 1759 4150 tamen
1792 4105 1863 4151 est
1897 4118 1953 4150 ex
1988 4103 2186 4152 illorum
2220 4118 2433 4162 numero,
2472 4103 2555 4166 qui
2589 4102 2706 4151 levi-

301 4181 396 4230 bus
430 4181 741 4246 brevibusque
776 4183 1181 4232 adnotatiunculis
1215 4183 1417 4232 minoris
1452 4183 1597 4248 pretii
1632 4187 1956 4233 commentum
1990 4189 2265 4234 onerarunt.
2304 4185 2459 4234 Immo
2494 4201 2581 4250 pro
2620 4201 2704 4234 suo

305 4263 506 4326 ingenio
555 4263 715 4312 dedita
767 4279 911 4327 opera
957 4264 1006 4312 in
1052 4267 1186 4312 textu
1232 4264 1509 4328 explicando
1557 4263 1812 4324 laboravit,
1846 4281 1955 4314 usus
1988 4267 2223 4315 scribendi
2260 4267 2445 4314 ratione
2481 4265 2704 4330 perplexa

305 4344 523 4408 quidem,
568 4345 648 4392 sed
694 4360 813 4408 quae
860 4345 1066 4394 adfectat
1099 4345 1383 4413 elegantiam
1420 4349 1467 4394 et
1503 4346 1797 4406 ubertatem;
1832 4347 1947 4395 fecit
1981 4347 2069 4396 hoc
2104 4363 2324 4412 perverso
2360 4348 2551 4412 quidem
2584 4348 2705 4397 iudi-

305 4426 399 4484 cio,
434 4426 514 4474 sed
547 4425 710 4474 sedulo
745 4430 793 4474 et
824 4426 896 4474 ita
928 4430 983 4476 ut
1015 4426 1106 4476 sibi
1142 4427 1324 4491 aliquid
1357 4431 1602 4493 praestare
1637 4429 1895 4487 videretur,
1929 4430 2056 4492 quod
2091 4429 2286 4492 cognitu
2324 4433 2445 4479 esset
2481 4430 2703 4493 dignissi-

313 4523 450 4557 mum
484 4510 531 4556 et
565 4507 718 4557 lucem
752 4509 943 4557 afferrat
981 4508 1264 4559 Terentium
1300 4509 1580 4573 legentibus.
