3392 5384
626 403 762 471 306
1666 420 1981 471 norum.

624 586 871 653 facere’'
933 574 998 673 p'.
1049 584 1180 651 154
1239 590 1307 652 et
1367 608 1431 672 p.
1482 585 1638 665 288,
1704 589 1819 653 ubi
1880 588 2038 653 citat
2099 586 2292 674 Apul.
2357 587 2520 654 Met.
2569 586 2625 653 V
2668 586 2725 653 2,
2776 588 3013 674 „paulo

623 692 922 759 fidentior
980 694 1151 757 intra
1211 690 1413 759 limen
1461 713 1598 759 sese
1644 692 1865 760 facit''.
1912 692 2181 760 Tertull.
2230 693 2308 759 de
2355 692 2508 780 pall.
2560 692 2600 759 3
2652 694 2773 771 „ad
2816 692 3015 759 illum

625 820 706 865 ex
752 799 964 886 Libya
1007 798 1335 865 Hammon
1383 798 1604 865 facit’'.
3010 810 3013 813 ’

711 904 874 971 Ibid.
928 903 1034 971 63.
1105 904 1448 993 Sexcentas
1495 905 1759 992 proinde
1804 907 2020 992 potius
2066 906 2233 971 mihi
2278 908 2409 971 iam
2456 908 2720 972 scribito

713 1013 811 1092 (1)
870 1010 1242 1098 Perspicere
1300 1012 1449 1078 hinc
1509 1009 1663 1078 licet
1708 1012 2238 1079 consuetudinem
2285 1013 2622 1098 utriusque
2668 1014 3014 1091 sermonis,

619 1137 773 1184 nam
834 1116 1259 1204 Apollodorus
1319 1119 1544 1199 μυρίας
1609 1118 1777 1183 dixit
1835 1140 1951 1204 pro
2013 1118 2265 1185 multis.
2314 1156 2400 1167 —-
2448 1118 2545 1199 (2)
2590 1119 2675 1183 Et
2724 1123 2800 1184 ut
2843 1118 3016 1204 apud

621 1222 898 1293 Graecos
943 1224 1133 1306 μύρια
1178 1226 1271 1290 ita
1315 1224 1488 1311 apud
1531 1246 1646 1291 nos
1697 1224 2079 1304 „sexcenta”
2130 1224 2337 1291 dicere
2384 1246 2499 1311 pro
2546 1222 2773 1290 multis
2821 1227 3017 1289 usita-

619 1338 765 1397 tum
825 1336 942 1397 est.
1009 1369 1130 1397 -.
1157 1329 1381 1399 Cicero
1445 1336 1785 1411 „sexcenta
1828 1352 2088 1419 possum
2138 1331 2389 1397 decreta
2434 1330 2755 1417 proferre’'
2804 1329 3011 1411 (Verr-

708 1542 980 1609 Initium
1042 1548 1108 1609 et
1153 1542 1347 1610 finem
1394 1565 1601 1610 unum
1649 1544 1890 1611 Donati
1936 1543 2257 1611 scholium
2304 1544 2625 1622 efficiunt,
2673 1544 2780 1610 cui
2828 1540 3017 1610 Com-

616 1649 853 1736 pilator
899 1670 934 1715 e
980 1649 1257 1735 quodam
1304 1653 1598 1737 margine
1635 1651 1889 1717 infersit
1923 1652 2189 1717 initium
2227 1648 2456 1717 scholii
2479 1649 2596 1735 (2),
2637 1655 3014 1735 excerptum

615 1776 654 1821 a
713 1758 1028 1843 magistro
1089 1778 1167 1822 ex
1228 1757 1346 1837 (1).
1451 1755 1794 1825 'Ceterum
1861 1757 2097 1824 Donati
2164 1756 2484 1823 scholium
2553 1758 2848 1822 imitatus
2912 1761 3014 1822 est

614 1861 1200 1949 Eugraphius:
1269 1864 1725 1943 „Postremum
1788 1871 2009 1931 autem
2072 1870 2399 1931 sexcentas
2454 1884 2569 1950 pro
2620 1864 3011 1949 quamvis

617 1968 972 2047 multas,
1019 1974 1094 2035 ut
1139 1967 1397 2037 Cicero:
1448 1992 1713 2058 possum
1759 1993 1810 2037 s.
1836 1970 1897 2037 d.
1924 1969 2057 2057 p.''.

707 2073 871 2140 Ibid.
924 2072 1008 2141 76
1076 2074 1150 2141 Id
1197 2098 1454 2143 sumam

707 2182 806 2263 (1)
852 2182 996 2249 Non
1045 2183 1442 2265 „fructum’'‚
1483 2184 1592 2251 sed
1631 2184 2087 2271 „argentum”.
2178 2183 2319 2249 Hoc
2358 2181 2465 2249 vel
2504 2168 2727 2248 caecus
2750 2182 3011 2248 viderit.

707 2396 796 2463 IV
844 2397 904 2463 4.
931 2395 1018 2465 27
1089 2398 1428 2465 Interdixit
1471 2399 1760 2466 hariolus

709 2504 804 2585 (2)
869 2505 1260 2603 „Hariolus'’
1326 2512 1422 2573 est
1483 2510 1595 2593 qui
1641 2506 1861 2573 divina
1905 2510 2121 2572 mente
2170 2506 2578 2572 vaticinatur.
2627 2504 2837 2571 dictus
2884 2504 3013 2570 ha-

615 2609 898 2677 riolus
947 2614 1130 2697 quasi
1176 2610 1543 2677 fariolus
1590 2633 1627 2678 a
1673 2612 1856 2677 fari.
1908 2650 1993 2661 --
2040 2609 2285 2678 scilicet
2331 2610 2398 2675 H
2443 2631 2558 2696 pro
2605 2610 2676 2689 F,
2724 2617 2799 2675 ut
2844 2617 2909 2676 et
2952 2610 3007 2675 F

612 2738 730 2804 pro
791 2716 858 2781 H
917 2720 988 2782 in
1050 2717 1279 2785 multis
1340 2718 1771 2785 locutionibus
1834 2718 2272 2784 mutabantur.
2414 2716 2512 2803 (3)
2582 2718 2710 2782 An·
2743 2718 2821 2783 ab
2881 2717 3012 2789 ha-

612 2820 905 2889 lando?
968 2844 1119 2889 nam
1178 2822 1464 2891 halitu
1511 2808 1801 2892 solebant
1847 2823 2184 2889 excludere
2231 2823 2440 2890 veluti
2481 2822 2825 2890 mortalem
2874 2826 3006 2889 ani·

611 2950 822 3007 mam,
887 2934 962 2994 ut
1021 2929 1307 2996 divinam
1362 2932 1733 3017 reciperent.
1798 2930 1981 2996 Unde
2024 2934 2091 2995 et
2139 2951 2324 2996 voces
2371 2929 2685 2996 eiusmodi
2732 2930 3005 3009 dabant,

610 3038 658 3112 †
704 3055 864 3120 quae
912 3040 1008 3100 est
1056 3056 1133 3101 ex
1179 3037 1299 3103 hoc
1345 3040 1458 3123 qui
1503 3038 1674 3104 hunc
1720 3059 1951 3103 sonum
2000 3035 2340 3103 exhalandi
2386 3042 2730 3122 praestant.

702 3140 992 3207 Donatus
1048 3143 1116 3207 in
1163 3142 1261 3225 (2)
1310 3142 1780 3211 derivationem
1826 3145 2234 3215 notissimam
2280 3144 2574 3221 exhibet,
2627 3163 2787 3229 quae
2831 3144 3013 3209 inve·-

607 3247 787 3314 nitur
843 3250 1040 3315 etiam
1087 3250 1261 3337 apud
1307 3249 1599 3317 Gramm.
1648 3250 1887 3317 latinos
1932 3248 2079 3331 (VII
2132 3249 2237 3316 11.
2270 3248 2353 3314 10
2400 3254 2548 3329 etc.)
2594 3255 2661 3315 et
2704 3251 2771 3314 in
2818 3246 3009 3315 Glos-

613 3357 819 3421 sariis.
885 3356 1224 3423 Postrema
1266 3358 1462 3425 verba
1513 3355 1843 3439 „scilicet”
1891 3360 2043 3423 cett.
2092 3358 2153 3422 ei
2198 3362 2415 3421 tamen
2460 3354 2839 3441 imputanda
2875 3376 3009 3421 non

609 3468 761 3527 sunt
775 3483 794 3543 ς
860 3461 1149 3529 Donatus
1211 3455 1281 3529 in
1342 3463 1460 3531 tali
1519 3485 1588 3530 re
1644 3466 1787 3549 ipsa
1832 3464 2213 3529 mutationis
2260 3460 2557 3547 ekempla
2600 3460 2831 3527 addere
2876 3482 3009 3527 non

609 3569 895 3646 omittit,
959 3588 1031 3635 ac
1089 3575 1416 3655 praeterea
1462 3568 1783 3655 particula
1827 3568 2059 3633 scilicet
2104 3567 2529 3635 additamenti
2576 3568 3019 3653 suspicionem·

604 3674 778 3740 facit.
841 3673 916 3738 In
977 3674 1073 3755 (3)
1138 3682 1360 3742 autem
1420 3676 1649 3742 Editor
1710 3675 1916 3742 denuo
1979 3676 2411 3744 coniecturam
2478 3674 2751 3769 profert,
2817 3675 3005 3743 cuius

604 3784 829 3846 utrum
876 3782 1191 3847 insaniam
1239 3802 1320 3847 an
1365 3782 1699 3848 audaciam
1750 3783 1961 3869 magis
2006 3784 2207 3847 mirer
2250 3782 2483 3846 nescio.
2546 3778 3003 3865 Suppeditavit

604 3890 666 3952 ei
719 3888 839 3954 hoc
885 3890 1227 3954 inventum
1271 3886 1591 3954 harioli
1638 3887 1925 3954 definitio
1970 3886 2154 3953 talis:
2208 3886 2681 3966 „Incantatores
2728 3886 2864 3951 sive
2912 3884 3002 3949 di—

607 3994 785 4071 vini,
849 3996 962 4079 qui
1025 4000 1326 4080 concepto
1391 3999 1540 4059 ante
1588 4014 1766 4059 aram
1814 3996 2049 4079 spiritu
2095 3994 2314 4059 futura
2358 3989 2798 4079 praedicunt''.
2850 3990 3001 4056 Vel:

607 4098 864 4177 „Insani
883 4149 900 4179 ,
951 4103 1064 4186 qui
1110 4102 1346 4187 spiritu
1394 4103 1606 4167 nescio
1653 4122 1780 4187 quo
1828 4099 2037 4165 infiati
2081 4102 2500 4165 vaticinantes
2547 4101 2715 4163 circa
2760 4118 2898 4163 aras
2940 4104 3007 4163 et

601 4204 846 4292 templa
892 4206 1258 4273 discurrunt
1305 4214 1498 4293 atque
1547 4206 2001 4273 bacchantur'’.
2050 4203 2258 4274 Gloss.
2309 4204 2395 4270 VI
2440 4227 2503 4291 p.
2556 4203 2710 4271 512.

692 4309 1072 4399 corruptela
1117 4316 1185 4378 in
1231 4313 1356 4379 fine
1401 4316 1495 4379 ita
1539 4315 1806 4379 fortasse
1853 4314 2092 4399 corrigi
2138 4315 2383 4398 potest:
2438 4332 2641 4397 „quae
2684 4314 3001 4376 exeunt

599 4440 679 4485 ex
741 4420 898 4499 (his
945 4419 1076 4501 vel)
1121 4423 1268 4501 iis,
1319 4420 1498 4506 qui'',
1563 4419 1747 4485 illius
1794 4422 1967 4485 enim
2017 4420 2211 4485 verba
2257 4440 2382 4496 non
2429 4420 2626 4483 nimis
2673 4416 3002 4505 eleganter

604 4525 1002 4621 restituenda
1051 4533 1222 4594 sunt.
