3392 5384
1369 418 1742 468 PnA‘roch.
2611 398 2739 469 17¹7

360 583 790 664 βιαζομένοις,
855 582 1105 655 τούτους
1170 582 1462 649 δύνασθαι
1527 585 1670 663 πρὸς
1738 581 1886 663 ὕδωρ
1934 584 2185 664 σμικρὸν
2230 581 2474 662 διδάξαι
2522 584 2739 657 ἱκανῶς

362 697 479 753 τῶν
540 689 879 768 γενομένων
937 693 1046 765 τὴν
1104 691 1428 769 inviduam
1502 688 1969 755 Stallbaumius
2030 710 2233 775 quum
2294 692 2431 777 ipse
2495 711 2744 776 quoque

359 796 610 862 videret
655 796 811 862 haec
855 796 1080 862 idoneo
1127 815 1317 862 sensu
1365 795 1673 861 destituta
1720 816 1854 861 esse
1873 843 1889 874 ,
1940 817 1974 862 e
2022 795 2444 862 deterioribus
2493 798 2751 882 quibus-

361 901 512 966 dam
552 899 895 968 Codicibus
932 905 1238 975 assumsit
1278 901 1512 974 τούτοις
1549 923 1664 987 pro
1704 901 1981 974 τούτους·
2018 907 2113 967 est
2134 901 2250 967 illa
2273 903 2530 987 quidem
2556 901 2747 970 lectio

361 1007 553 1096 paulo
616 1007 1030 1088 tolerabilior,
1081 1009 1192 1075 sed
1252 1015 1468 1074 tamen
1515 1010 1640 1072 nisi
1683 1007 1887 1073 decies
1934 1007 2157 1074 eodem
2203 1011 2547 1074 recurreris
2567 1059 2583 1088 ‚
2633 1011 2747 1076 vix

362 1116 717 1200 assequeris
783 1114 938 1201 quid
1003 1114 1191 1181 Plato
1251 1116 1376 1181 sibi
1437 1113 1616 1180 velit.
1681 1113 1949 1199 Nempe,
2012 1112 2441 1180 Stallbaumio
2500 1114 2711 1180 iudice
2729 1163 2747 1194 ,

369 1223 600 1291 τούτοις
663 1223 944 1307 pertinet
1003 1221 1084 1286 ad
1142 1227 1258 1285 τῶν
1319 1219 1676 1299 γενομένων,
1728 1219 1953 1305 quodsi
2000 1241 2231 1286 verum
2280 1219 2625 1298 videbitur,
2660 1226 2750 1310 „ut

367 1328 660 1391 animum
703 1325 1016 1404 oblectes,
1066 1326 1278 1392 multo
1324 1329 1446 1392 erit
1485 1325 1806 1391 difficilius
1848 1323 2168 1392 Graecum
2209 1329 2581 1412 scriptorem
2622 1348 2751 1392 uno

367 1438 582 1498 tenore
629 1432 992 1520 perlegere,
1042 1453 1235 1519 quam
1281 1434 1612 1518 hucusque
1660 1434 2066 1518 putabamus.
2116 1431 2240 1498 Sed
2288 1433 2490 1499 scribe
2532 1433 2596 1498 εἰ
2639 1454 2751 1519 pro

367 1533 520 1610 οἷς·
568 1538 819 1604 tantula
863 1541 1140 1604 mutatio
1185 1539 1529 1605 obscurum
1573 1537 1791 1604 locum
1836 1541 1929 1604 ita
1976 1538 2304 1623 expediet,
2353 1543 2429 1603 ut
2473 1561 2554 1605 ne
2593 1560 2753 1624 puer

369 1643 630 1729 quidem
688 1645 943 1711 haerere
993 1647 1210 1731 possit.
1260 1645 1403 1710 Hoc
1451 1651 1775 1730 praeterea
1818 1644 2236 1723 lucrabimur,
2283 1647 2523 1712 servari
2568 1666 2753 1730 posse

368 1759 434 1816 et
504 1750 726 1816 debere
796 1751 1078 1830 τούτους,
1147 1772 1352 1836 neque
1423 1773 1733 1838 cogemur
1792 1750 2052 1816 aliunde
2115 1751 2347 1824 τούτοις
2411 1772 2749 1838 reponere,

367 1878 529 1941 quae
574 1855 825 1923 librarii
871 1857 1206 1924 cuiusdam
1251 1859 1614 1923 coniectura
1662 1862 1781 1923 est.

1293 1984 1317 2059 (
1329 1979 1872 2059 Continuabuntur)
1879 2025 1893 2043 .

1058 2378 1395 2427 mammon
1438 2375 1628 2425 vnnc.
1677 2377 1820 2425 non.
1871 2358 1932 2426 6.
1960 2359 2069 2424 21.

458 2545 753 2613 Chromis
798 2551 863 2610 et
908 2544 1264 2632 Mnasyllos
1308 2543 1603 2617 Silenum
1653 2546 1805 2610 vino
1854 2564 2205 2628 somnoque
2250 2542 2578 2630 sepultum
2618 2547 2755 2610 vin-

368 2651 532 2719 culis
577 2673 656 2718 ex
702 2654 888 2717 sertis
933 2652 1118 2716 factis
1165 2653 1546 2728 vinxerunt,
1594 2671 1719 2735 quo
1768 2650 1935 2715 facto
1980 2649 2183 2735 Aegle
2231 2649 2491 2716 advenit

1838 2757 2098 2840 iamque
2144 2755 2391 2821 videnti

731 2865 1098 2951 sanguineis
1142 2862 1420 2928 frontem
1468 2864 1665 2927 moris
1713 2865 1779 2926 et
1824 2867 2113 2947 tempora
2158 2864 2395 2948 pingit.

369 2972 628 3038 Servius
672 2971 904 3035 videnti
951 2969 1228 3055 explicat
1275 2968 1614 3055 'vigilanti'
1657 2989 1865 3052 neque
1905 2967 2093 3034 aliter
2130 2967 2420 3034 Donatus
2458 2968 2565 3048 (ad
2607 2968 2750 3035 Ter.

371 3078 535 3144 Eun.
597 3098 692 3143 vs.
742 3075 854 3156 ¹73)
913 3067 1128 3141 locum
1190 3073 1530 3140 intellexit.
1596 3072 1763 3140 Cum
1815 3079 2031 3140 tamen
2074 3076 2219 3139 eius
2264 3074 2757 3160 significationis

372 3186 580 3250 desint
638 3181 932 3268 exempla
989 3202 1194 3266 neque
1255 3183 1542 3246 iocosum
1589 3179 1907 3256 videatur,
1957 3182 2099 3246 viro
2143 3179 2450 3267 vigilanti
2497 3201 2568 3246 ac
2615 3184 2755 3247 vin-

372 3290 536 3358 culis
597 3291 937 3356 constricto
1000 3286 1239 3353 colores
1297 3286 1631 3362 inducere,
1680 3285 1966 3371 leporem
2014 3305 2166 3350 vcro
2211 3288 2280 3350 in
2326 3306 2399 3351 eo
2448 3307 2583 3352 esse
2629 3308 2755 3352 cre-

368 3397 551 3474 dam,
621 3400 698 3460 ut
764 3393 1020 3459 Silenus
1083 3391 1569 3479 expergefactus
1633 3389 1833 3455 simul
1893 3393 2185 3457 vinctum
2248 3393 2625 3476 pict-umque
2687 3414 2754 3458 se

368 3503 636 3579 sentiat,
705 3499 1004 3565 traditam
1065 3497 1411 3564 lectionem
1475 3501 1841 3582 corruptam
1887 3502 2047 3584 puto
2094 3517 2299 3582 neque
2346 3501 2473 3563 scio
2519 3519 2597 3563 an
2636 3520 2752 3584 pro

368 3607 598 3671 videnti
665 3604 1073 3670 scribendum
1143 3605 1263 3669 sit:
1335 3602 1590 3681 rubenti,
1661 3604 1801 3667 sive
1872 3601 2064 3666 deum
2124 3606 2274 3668 vino
2332 3605 2466 3668 iam
2524 3604 2753 3669 rubere

369 3699 555 3799 poeta
586 3710 797 3778 voluit
835 3717 1060 3796 utpote
1103 3707 1444 3786 „inflatum
1483 3709 1781 3774 hesterno
1812 3728 2035 3786 venas,
2076 3713 2153 3774 ut
2188 3730 2458 3794 semper,
2483 3708 2749 3776 Iaccho''

369 3824 491 3901 (vs.
545 3818 677 3899 15),
741 3819 878 3883 sive
941 3837 1009 3881 os
1074 3814 1505 3881 rubicundum
1566 3812 1767 3880 Sileni
1825 3816 2160 3902 proprium
2220 3835 2353 3880 esse
2401 3817 2749 3901 cogitavit,

369 3927 668 4011 quoniam
717 3929 782 3988 et
827 3921 1106 3988 aliorum
1155 3920 1419 3986 deorum
1467 3919 1814 3985 simulacra
1860 3925 1923 3985 ct
1966 3923 2354 3985 rusticorum
2394 3924 2752 4006 praecipue,

371 4041 446 4097 ut
505 4031 783 4108 videt-ur,
849 4031 1050 4094 minio
1111 4027 1284 4093 illini
1345 4025 1656 4105 solebant,
1722 4026 1799 4092 de
1862 4047 1987 4111 qua
2032 4048 2101 4091 re
2146 4027 2223 4091 cf.
2272 4026 2446 4093 Plut.
2496 4026 2749 4107 Quaest.

368 4139 558 4204 Rom.
610 4136 718 4214 98,
767 4135 935 4201 Plin.
984 4135 1063 4199 N.
1091 4134 1178 4198 H.
1229 4132 1336 4199 33.
1367 4132 1494 4197 111
1547 4153 1661 4198 nec
1708 4153 1834 4198 non
1880 4131 2017 4198 Ecl.
2071 4132 2177 4197 10.
2205 4131 2292 4197 26
2334 4151 2459 4217 sq.:

728 4241 866 4306 Pan
911 4240 1067 4306 deus
1111 4238 1417 4304 Arcadiae
1462 4241 1669 4318 venit,
1720 4261 1914 4325 quem
1959 4239 2248 4306 vidimus
2292 4240 2421 4324 ipsi

727 4349 1096 4435 sanguineis
1144 4345 1316 4412 ebuli
1361 4346 1534 4412 bacis
1583 4348 1913 4431 minioque
1960 4347 2321 4412 rubentem.

2320 4453 2393 4517 P.
2442 4453 2527 4519 H.
2577 4452 2656 4519 D.

2396 4618 2460 4667 12
