3392 5384
664 1033 807 1126 DE
878 1035 1262 1131 TI'RULO
1324 1043 1797 1143 -QUODAM
1874 1045 2250 1136 ATTICO
2339 1045 3036 1138 SEPULCRALI.

751 1220 995 1296 (o.1.A.
1042 1235 1113 1296 11,
1157 1217 1357 1300 3961,
1402 1239 1647 1287 mut.
1690 1220 1802 1303 87,
1849 1239 2048 1288 com
2093 1241 2238 1288 A‘ss'.
2285 1240 2722 1290 smmum
2763 1221 2950 1303 887).

1721 1449 1972 1492 scaffen·

1412 1633 1491 1698 A.
1538 1633 1613 1700 E.
1659 1633 1724 1700 J.
1769 1633 2290 1700 HOLWERDA.

1650 1940 2044 1979 -οοοοοωοι-

922 2180 1169 2271 ’Μνῆμα
1216 2193 1642 2274 Μνησαγόρας
1690 2193 1796 2258 καὶ
1846 2191 2236 2274 Νικοχῶρους
2283 2193 2426 2259 τάδε
2472 2203 2700 2261 κεῖται.

923 2301 1105 2365 αὐτὼ·
1137 2298 1199 2362 δὲ
1246 2299 1313 2363 οὐ
1362 2304 1436 2381 (·)
1483 2297 1855 2378 παραδεῖξαι
1902 2298 2204 2376 ἀφείλετο
2253 2298 2538 2376 δαίμονος
2585 2298 2740 2366 αἶσα

922 2403 1113 2484 πατρὶ
1162 2404 1333 2484 φίλῳ
1381 2405 1485 2468 καὶ
1535 2405 1724 2484 μητρί
1760 2409 1834 2485 (·)
1873 2404 2126 2468 λιπόντε
2175 2405 2434 2483 ἅμφοῒμ
2482 2406 2660 2484 μέγα
2698 2405 2944 2484 πένθος,

922 2507 1142 2577 οὕνεκα
1185 2511 1584 2590 ἆποφθιμένω
1631 2509 1834 2588 βήτην
1881 2508 2060 2586 δόμον
2097 2509 2311 2582 Ἀΐδας
2361 2509 2524 2577 εἵσω.

742 2615 1100 2701 Superveni
1138 2615 1480 2702 aliquando
1522 2615 1855 2701 discipulis
1895 2616 1972 2681 A.
1991 2615 2090 2681 W.
2120 2615 2433 2702 Byvanck
2449 2665 2467 2697 ,
2507 2618 2603 2682 M.
2629 2617 2707 2683 A.
2733 2616 3028 2695 Evelein,

650 2723 731 2788 N.
779 2721 840 2787 J.
890 2722 1094 2788 Krom
1155 2723 1233 2788 de
1294 2724 1764 2808 epigrammate
1821 2721 1941 2786 hoc
2001 2721 2199 2806 (quod
2261 2744 2430 2788 unus
2489 2745 2568 2789 ex
2629 2726 2713 2788 iis
2774 2729 3033 2810 propter

649 2830 1090 2912 quaestionem
1135 2827 1458 2912 quandam
1495 2827 2042 2913 archaeologicam
2079 2826 2445 2913 intelligere
2483 2827 2674 2894 valde
2712 2828 3032 2915 cupiebat)

646 2932 930 2998 studiose
968 2932 1464 3018 disputantibus.
1505 2933 1770 2998 Frustra
1805 2954 2055 3018 quoque
2092 2935 2228 3018 ipse
2260 2934 2330 3028 id
2353 2937 2616 3000 tentavi.
2661 2935 2804 2999 Hoc
2826 2955 3030 3000 unum

649 3044 904 3104 tantum
966 3037 1134 3103 clare
1180 3039 1720 3125 perspiciebamus
1763 3059 1802 3104 a
1848 3037 2129 3104 Kohlero
2177 3059 2428 3124 quoque
2473 3042 2568 3118 (in
2615 3036 2807 3124 Gorp.
2852 3038 3029 3117 Ins.),

648 3142 945 3210 Kaibelio
964 3191 983 3223 ‚
1026 3141 1260 3211 Conzio
1306 3165 1531 3210 versus
1575 3144 1692 3209 hos
1738 3165 1998 3230 prorsus
2043 3164 2168 3208 non
2217 3165 2352 3209 csse
2396 3143 2774 3210 intellectos.

738 3249 834 3315 De
872 3271 940 3315 re
977 3251 1109 3317 iam
1149 3250 1663 3335 desperabamus.
1707 3249 1991 3314 Tandem
2030 3236 2247 3315 tamen
2271 3271 2349 3316 ex
2374 3251 2774 3316 sermonibus
2796 3251 3030 3315 nostris

648 3359 873 3441 sponte
898 3355 1210 3441 quaedam
1233 3358 1679 3441 interpretatio
1703 3354 2122 3441 exsurgebat,
2149 3358 2334 3421 cuius
2355 3361 2471 3420 aut
2492 3377 2682 3422 nemo
2707 3363 3030 3435 nostrum,

646 3467 760 3526 aut
803 3482 1025 3528 omnes
1070 3461 1269 3527 simul
1316 3469 1605 3528 auctores
1651 3482 1958 3527 essemus.
2012 3460 2187 3527 Haec
2233 3461 2442 3547 qualis
2478 3465 2594 3538 sit,
2640 3465 2773 3527 iam
2812 3464 3030 3549 paucis

644 3588 982 3653 exponam.
1028 3639 1033 3644 ⁶

734 3673 1157 3760 Epigramma
1192 3673 1429 3739 idcirco
1468 3695 1507 3740 a
1545 3676 1709 3740 viris
1746 3673 1879 3738 illis
1918 3673 2120 3740 doctis
2155 3673 2562 3740 int-ellectum
2598 3695 2726 3739 non
2748 3674 3025 3755 videtur,

641 3781 794 3865 quia
829 3781 901 3843 in
938 3800 1127 3845 versu
1166 3779 1441 3846 secundo
1480 3778 1780 3846 voculam
1821 3781 1888 3844 οὔ
1927 3781 2387 3866 coniungerent
2419 3799 2568 3844 cum
2593 3781 3027 3865 sequentibus.

642 3885 913 3952 Videtur
951 3891 1168 3951 contra
1206 3888 1278 3951 in
1315 3887 1436 3952 hoc
1476 3884 1792 3952 versiculo
1833 3889 1977 3971 post
2016 3907 2241 3952 vocem
2278 3887 2342 3951 οὐ
2384 3885 2864 3951 subsistendum
2895 3907 3031 3952 esse

641 3989 848 4070 (colon
916 3990 1310 4077 ponendum)
1380 3997 1571 4078 atque
1641 3996 1857 4056 mente
1927 3989 2360 4077 supplendum
2431 3992 2680 4055 κεῖσθον.
2753 3989 3032 4057 Nomina

640 4118 858 4163 eorum
899 4101 1013 4182 qui
1042 4100 1112 4163 in
1152 4098 1459 4183 sepulcris
1499 4097 1738 4164 conditi
1777 4102 1986 4176 erant,
2021 4099 2388 4182 saepissime
2412 4097 2697 4172 μνήμασι
2721 4096 3030 4182 sepulcris

636 4204 960 4288 impositis
1003 4203 1325 4289 insculpta
1374 4209 1554 4270 erant
1570 4224 1587 4283 ;
1651 4202 1824 4268 baud
1873 4223 2014 4267 raro
2062 4222 2292 4267 nomen
2341 4199 2601 4286 aliquod
2646 4201 3030 4286 sequebatur

638 4308 921 4374 formula
961 4309 1168 4373 ἐνθάδε
1210 4318 1435 4375 κεῖται.
1476 4309 1879 4394 Quicumque
1919 4307 2148 4373 stolam
2183 4309 2289 4372 cui
2311 4309 2713 4392 epigramma
2735 4313 3028 4372 nostrum

635 4413 1034 4498 insculptum
1073 4422 1238 4493 erat,
1279 4420 1349 4480 ut
1382 4416 1501 4480 hoc
1531 4413 1811 4501 legeret,
1849 4412 2093 4490 adibat,
2133 4413 2540 4498 exspectabat
2566 4434 2632 4478 se
2671 4419 3028 4498 compertu-

637 4540 786 4583 rum
824 4521 1119 4604 quisnam
1156 4520 1247 4584 ibi
1280 4523 1513 4584 iaceret
1544 4519 1778 4598 (ἐνθάδε
1811 4517 2053 4597 ἔκειτο).
2085 4517 2370 4583 Frustra.
2403 4517 2829 4603 Epigramma
2850 4519 3024 4583 enim
