3392 5384
1366 433 1744 485 rmromos.
2614 415 2743 483 147

361 600 530 667 Diss.
573 599 871 666 Academ.
912 599 1243 668 Ultraiect.
1278 623 1340 686 p.
1371 598 1477 679 69,
1512 605 1658 664 tum
1688 597 2055 685 Euthyphr.
2084 596 2216 662 313.
2246 596 2487 684 Theag.
2519 597 2647 663 122
2662 597 2743 664 D.

364 705 523 792 Rep.
569 704 627 770 V
675 705 802 772 475
831 706 908 784 D,
959 706 1047 772 VI
1093 705 1316 786 4930,
1368 705 1485 770 VII
1536 703 1742 769 515A
1790 709 1855 768 et
1905 702 2035 768 522
2056 702 2131 768 D.
2197 702 2465 768 Phaedr.
2520 703 2743 770 2300.

364 812 516 897 LyS.
585 811 812 877 223Β.
875 811 1163 899 Euthyd.
1231 812 1436 877 305A
1501 811 1708 896 Legg.
1773 809 1835 874 II
1884 808 2122 874 662E:
2170 807 2399 879 ἄτοπος
2450 809 2523 872 ἂν
2571 805 2743 886 οἶμαι

364 917 646 997 φαίνοιτο
709 918 812 981 καὶ
877 916 1097 997 ἄπορος
1147 922 1252 981 τοῦ
1302 918 1787 994 ξυμφωνούντως
1832 915 2029 994 ἑαυτῷ
2079 914 2306 992 λέγειν.
2355 915 2601 980 Vitium
2651 918 2749 980 est

261 1081 265 1086 .
363 1023 433 1086 in
497 1021 757 1086 Theaet.
826 1021 1059 1087 198113:
1124 1022 1217 1086 ibi
1279 1021 1570 1088 Socrates
1630 1022 1730 1086 bis
1788 1023 2091 1086 iuvenem
2149 1023 2502 1106 interrogat
2558 1021 2635 1086 de
2679 1041 2747 1084 re

369 1125 642 1210 quadam
714 1127 983 1192 absurda
1053 1133 1118 1192 et
1185 1130 1345 1212 quae
1415 1127 1551 1191 fieri
1619 1127 1878 1190 omnino
1945 1131 2237 1210 nequeat.
2302 1127 2541 1191 ‚Priore
2609 1128 2748 1191 vice

369 1230 754 1296 Theaetetus
801 1233 1174 1317 respondet:
1223 1234 1374 1295 ἀλλ’
1421 1230 1724 1295 ἄτοπον
1763 1228 1804 1294 ὦ
1857 1231 2200 1307 Σώκρατες.
2248 1229 2417 1296 Tum
2456 1230 2750 1296 Socrates

367 1339 584 1422 pergit
644 1339 1038 1424 interrogare
1103 1337 1178 1402 de
1231 1359 1299 1403 re
1348 1337 1623 1421 quadam
1663 1339 1819 1400 satis
1866 1334 2199 1421 probabili.
2240 1335 2429 1415 Ἔχει
2479 1338 2604 1414 γὰρ
2653 1331 2749 1401 οὖν

366 1441 573 1519 λόγον,
637 1440 1020 1508 Theaetetus
1081 1445 1313 1528 inquit.
1378 1442 1533 1522 Quis
1595 1442 1762 1507 mihi
1810 1463 1935 1506 non
1980 1442 2276 1506 concedet
2324 1440 2554 1507 ἄτοπον
2599 1442 2751 1506 ferri

365 1567 491 1611 non
553 1545 779 1612 debere
841 1553 908 1613 et
954 1551 1213 1613 omnino
1261 1555 1552 1632 oportere
1603 1549 1835 1632 corrigi
1884 1545 2227 1624 ἄλογον·
2276 1547 2394 1613 hoc
2433 1553 2601 1612 certe
2651 1545 2750 1610 λό-

368 1675 476 1729 γον
542 1651 696 1732 ἔχει.
766 1654 908 1718 Non
972 1657 1189 1718 minus
1252 1654 1510 1718 evidens
1573 1654 1877 1718 mendum
1940 1659 2037 1718 est
2093 1656 2162 1717 in
2210 1651 2453 1739 Gorgia
2502 1652 2744 1718 519D:

361 1757 578 1822 τούτου
628 1763 736 1821 τοῦ
785 1761 975 1836 λόγου
1021 1761 1085 1822 τί
1137 1757 1212 1823 ἂν
1259 1760 1639 1836 ἀλογώτερον
1690 1757 1779 1832 εἴη
1830 1761 2106 1837 πρᾶγμα
2134 1807 2148 1823 .
2180 1808 2193 1823 .
2226 1806 2281 1824 ..
2334 1761 2399 1823 οὐ
2448 1761 2613 1824 δοκεῖ
2655 1782 2744 1822 σοι

361 1867 530 1928 τοῦτ’
576 1862 882 1927 ἄτοπον
933 1860 1122 1941 εἶναω
1171 1865 1311 1929 Imo
1358 1864 1502 1950 lege
1551 1863 1891 1942 ἄλογον,
1939 1865 2130 1928 sicuti
2178 1885 2343 1929 mox·
2374 1869 2544 1929 recte
2590 1863 2749 1950 legi-

365 1973 475 2032 tur
541 1965 711 2033 illud
775 1971 993 2054 ipsum
1065 1968 1315 2045 ἄλογον.
1390 1968 1568 2033 Adde
1636 1969 1874 2034 Phaed.
1946 1990 2007 2054 Ρ.
2076 1967 2271 2034 62D:
2345 1967 2500 2034 ἔοικε
2568 1974 2747 2034 τοῦτο

368 2073 672 2153 ἀτόπῳ,
738 2074 902 2150 εἴπερ
974 2066 1002 2136 ὃ
1062 2075 1231 2147 νυνδὴ
1296 2073 1593 2152 ἐλέγομεν
1654 2075 1927 2152 εὐλόγως
1994 2074 2158 2154 ἔχει·
2221 2073 2401 2160 lege:
2453 2076 2745 2156 ἀλόγῳ.

369 2178 612 2244 Dubito
673 2178 750 2244 de
813 2179 971 2265 Rep.
1021 2179 1074 2244 V
1122 2179 1360 2245 453E:
1411 2180 1678 2261 δελφῖνα
1726 2183 1840 2244 τιν’
1889 2179 2254 2258 ἐλπίζοντας
2304 2172 2472 2256 ἡμᾶς’
2521 2181 2749 2245 ὑπολα-

369 2285 508 2360 βεῖν
555 2285 632 2350 ἂν
679 2289 712 2362 ἦ
761 2291 875 2348 τιν’
921 2285 1115 2350 ἄλλον
1164 2287 1460 2365 ἄπορον
1508 2286 1823 2365 σωτηρίαν.
1873 2286 2189 2371 Equidem
2237 2292 2407 2352 certe
2451 2307 2613 2371 quae
2660 2289 2746 2351 sit

366 2390 586 2468 ἄπορος
627 2391 895 2468 σωτηρία
937 2392 1181 2468 nescio,
1232 2412 1380 2455 nam
1428 2393 1734 2476 putabam
1782 2389 2000 2470 ἄπορον
2047 2412 2196 2455 eum
2243 2412 2409 2466 esse,
2455 2394 2567 2476 qui
2607 2391 2749 2456 nul-

361 2494 495 2561 lam
541 2498 861 2563 inveniret
905 2500 1220 2561 rationem
1259 2496 1506 2561 salutis.
1571 2497 1865 2561 Fortasse
1904 2497 2091 2562 Plato
2131 2499 2384 2582 scripsit
2425 2497 2672 2561 οἶα-οπο
2693 2522 2745 2575 ν,

363 2600 533 2686 quod
597 2601 1067 2667 Herwerdenus
1113 2602 1589 2667 commendavit
1635 2608 1696 2666 et
1745 2602 1960 2666 confer
2007 2593 2355 2666 Vernetum
2404 2602 2745 2667 Hartman·

361 2728 521 2772 num
582 2709 650 2772 in
713 2707 964 2772 dissert.
1030 2708 1329 2773 Academ.
1393 2730 1456 2793 p.
1526 2706 1674 2772 136.
1756 2705 2010 2774 Gertius
2068 2707 2337 2772 iudicari
2399 2714 2609 2792 potest
2668 2707 2745 2773 de

363 2810 634 2900 Apolog.
687 2811 875 2880 180:
927 2805 954 2876 ὃ
1004 2812 1067 2877 δὲ
1115 2814 1364 2878 πάντῶν
1411 2813 1973 2891 ἀλογώτατον,
2024 2809 2113 2877 ’ὅτι
2158 2812 2287 2878 οὐδὲ
2334 2813 2417 2876 τὰ
2466 2812 2743 2890 ὀνόματα

364 2912 480 2982 οἷόν
549 2924 607 2981 τ’
657 2919 857 2982 αὐτῶν
927 2918 1146 2983 εἰδέναι
1220 2919 1324 2983 καὶ
1396 2920 1592 2984 εἰπεῖν
1643 2967 1656 2984 .
1687 2966 1703 2983 .
1734 2967 1749 2983 .
1782 2967 1796 2983 .
1846 2914 2006 2982 οὗτοι
2064 2917 2293 2990 πάντες
2360 2919 2747 2998 impete-aro!

366 3024 534 3089 εἰσιν.
583 3022 727 3089 Non
775 3029 873 3089 est
920 3024 1041 3089 hoc
1091 3023 1434 3089 admodum
1484 3024 1712 3101 ἄλογον
1759 3023 2004 3109 aliquid
2050 3026 2328 3089 nescire:
2378 3025 2607 3102 ἄλογον
2648 3030 2747 3091 est

367 3130 526 3194 scire
585 3149 745 3214 quae
791 3132 1066 3207 nescias,
1128 3129 1333 3194 dicere
1383 3151 1542 3215 quae
1591 3135 1817 3194 taceas.
1866 3128 1990 3194 Sed
2037 3129 2280 3194 Socrati
2328 3131 2437 3193 απ
2469 3133 2746 3209 ορώτα-

366 3257 494 3297 τον
541 3234 899 3313 accidebat,
949 3235 1116 3320 quod
1162 3234 1422 3300 illorum
1471 3241 1910 3300 accusatorum
1959 3237 2219 3299 nomina
2263 3256 2387 3299 non
2430 3243 2642 3301 nosset
2682 3242 2748 3302 et

361 3339 510 3403 hinc
556 3338 732 3404 addit
773 3361 878 3405 eos
918 3361 1138 3405 omnes
1177 3340 1604 3420 ἀπορωτάτους
1646 3361 1815 3418 esse,
1855 3339 1921 3404 h.
1947 3361 2000 3404 e.
2044 3345 2117 3404 ut
2156 3339 2495 3405 Homerico
2538 3341 2742 3406 dicam

362 3444 754 3524 οἰκηχοὶνους.
822 3444 979 3509 Vide
1044 3446 1413 3511 eorumdem
1475 3448 1810 3511 nominum
1874 3446 2306 3511 confusionem
2369 3448 2436 3509 in
2496 3466 2741 3532 papyro

361 3551 761 3634 Aegyptiaca
834 3550 1068 3615 Phaed.
1145 3552 1231 3617 68
1257 3551 1349 3616 D:
1439 3552 1514 3616 de
1603 3573 1729 3636 quo
1798 3551 1935 3616 loco
2008 3551 2449 3616 Hartmannus
2517 3551 2743 3616 retulit

363 3655 586 3718 Mnem.
657 3653 830 3718 1892
892 3677 958 3740 p.
1009 3653 1158 3720 154.
1224 3657 1444 3721 Unum
1505 3655 1723 3721 locum
1786 3656 2013 3721 addam
2080 3677 2157 3720 ex
2211 3655 2378 3720 libro
2440 3664 2620 3722 sexto
2666 3656 2742 3722 de

365 3758 651 3845 Legibus
712 3781 774 3844 p.
825 3758 955 3825 ’762
979 3758 1065 3824 E:
1142 3769 1249 3833 τῆς
1318 3761 1454 3824 καθ’
1508 3761 1739 3839 ἡμέραν
1801 3761 2038 3833 διαίτης
2103 3771 2213 3840 τῆς
2278 3770 2569 3836 ταπεινῆς
2636 3763 2737 3825 καὶ

363 3862 664 3943 ἀπόρου
713 3864 1108 3941 γεγευμένον.
1156 3863 1328 3930 Scire
1376 3864 1574 3931 velim
1623 3865 1775 3951 quid
1822 3869 1907 3930 sit
1953 3864 2164 3929 δίαιτα
2205 3865 2459 3946 ἄπορος·
2500 3869 2741 3932 interea

365 3968 558 4034 donec
618 3971 965 4046 rescivero,
1034 3990 1181 4034 cum
1229 3970 1653 4035 Herwerdeno
1699 3991 1919 4037 veram
1964 3970 2305 4035 lectionem
2353 3991 2485 4035 esse
2533 3974 2740 4055 suspi-

365 4074 586 4138 cabor:
654 4075 1198 4154 ταλαιπώρου.
1263 4076 1551 4161 Denique
1614 4077 1692 4141 ad
1757 4075 1911 4161 Rep.
1965 4075 2080 4141 VH
2127 4075 2328 4140 524ss
2384 4079 2543 4141 item
2591 4098 2739 4143 cum

363 4177 788 4243 Herwerdeno
834 4179 913 4242 cf.
961 4181 1187 4245 Mum.
1240 4180 1412 4246 1884
1460 4204 1522 4267 Ρ.
1573 4180 1730 4248 324.

449 4387 524 4453 In
587 4393 924 4473 poetarum
970 4393 1357 4457 comicorum
1403 4390 1676 4457 formula
1721 4394 2169 4470 accusationis,
2220 4392 2488 4480 Apolog.
2542 4395 2734 4461 1913:

366 4493 551 4573 ζητῶν
598 4493 683 4558 τα
733 4518 804 4557 τε
845 4495 958 4561 ὑπὸ
990 4502 1109 4573 γῆς
1151 4499 1254 4561 καὶ
1303 4498 1402 4562 τὰ
1453 4498 1893 4577 ἐπουράνια
1936 4547 1951 4563 .
1982 4545 1996 4562 .
2026 4546 2041 4563 .
2072 4545 2086 4562 .
2130 4499 2233 4562 καὶ
2275 4499 2491 4572 ἄλλοις
2528 4503 2735 4567 ταῦτα
