3392 5384
669 397 803 464 202
1713 410 2028 493 nou-mus.

662 582 923 667 dempto
994 580 1407 647 emblemate:
1458 580 1556 662 (l)
1595 579 1690 659 (2)
1733 579 1832 660 (3)
1874 579 1990 661 (4).
2066 580 2167 645 IP
2222 582 2496 647 subiecit
2544 582 2675 663 (5);
2740 585 3052 670 quomodo

660 692 881 753 autem
921 686 1041 768 (6),
1084 686 1252 772 quod
1292 685 1736 753 verisimiliter
1773 688 2132 751 inseruerat
2169 690 2237 751 in
2279 689 2537 755 exordio
2570 690 2868 768 secundi,
2910 694 3053 756 ante

664 794 943 891 alter‘um
1004 792 1327 859 emblema
1391 793 1650 871 „labeas
1713 793 2084 858 asinorum'’
2131 800 2282 859 cett.
2333 798 2569 861 omisso
2618 797 2781 864 Don.
2828 800 3054 875 initio,

658 904 727 965 in
777 901 971 966 finem
1018 902 1222 966 totius
1270 898 1557 987 sylloges
1606 899 1969 977 devenerit,
2020 902 2253 967 nescio,

751 1008 914 1074 Ibid.
968 1006 1055 1073 52
1119 1006 1242 1073 Illa
1291 1027 1427 1072 sese
1474 1009 1720 1071 interea
1765 1006 2176 1071 commodum
2226 1008 2353 1073 huc
2401 1008 2767 1075 adverterat

754 1114 851 1195 (1)
924 1110 1439 1192 „Commodum”
1506 1117 1834 1177 tantum
1902 1113 2116 1198 quod
2177 1113 2284 1179 vel
2348 1117 2535 1199 ipso
2599 1116 3055 1201 eodemque

665 1226 987 1306 tempore,
1039 1258 1123 1269 —-
1171 1219 1266 1300 (2)
1319 1217 1818 1298 „commodum”
1886 1240 2042 1285 una
2093 1219 2195 1286 vel
2241 1241 2336 1285 ex
2382 1220 2530 1287 hoc
2577 1222 2933 1308 significat,
2983 1227 3059 1286 ut

664 1330 721 1392 si
779 1327 985 1393 dicas:
1058 1326 1286 1393 eodem
1348 1334 1669 1410 tempore,
1745 1346 1870 1411 quo
1934 1326 2088 1391 haec
2150 1327 2526 1412 agebantur,
2597 1366 2684 1377 -
2748 1328 2845 1407 (3)
2904 1348 3057 1393 nam

665 1433 992 1513 „interea”
1066 1455 1236 1499 nunc
1297 1434 1661 1498 coniunctio
1729 1431 2093 1518 accipienda
2153 1439 2286 1511 est,
2359 1454 2484 1499 non
2546 1442 2622 1500 ut
2685 1433 2878 1513 alias,
2942 1457 3057 1521 pro

667 1540 969 1606 adverbio
1019 1543 1298 1626 ponitur.

754 1646 1236 1733 Interpolatoris
1276 1651 1719 1712 commentum
1759 1646 1855 1726 (2)
1893 1648 2132 1731 partim
2175 1645 2412 1712 falsum
2451 1654 2549 1713 est
2589 1650 2826 1733 partim
2859 1655 3064 1714 trans-

664 1757 978 1839 scriptum
1045 1775 1078 1819 e
1129 1754 1289 1819 Don.
1341 1753 1438 1831 (1)
1487 1752 1850 1837 dividitque
1899 1754 2281 1816 continuum
2327 1752 2678 1834 scholium,
2728 1756 2912 1819 cuius
2963 1776 3062 1819 ar-

662 1859 1072 1946 gumentatio
1139 1859 1292 1924 haec
1352 1866 1482 1924 est:
1543 1861 1694 1945 quia
1745 1858 2241 1936 „commodum”
2285 1866 2384 1924 est
2425 1860 2802 1925 adverbium
2848 1863 3064 1945 („ipso

664 1968 1012 2053 eodemque
1076 1966 1470 2052 tempore”),
1539 1964 1866 2045 „interea”
1918 1964 2106 2031 debet
2154 1987 2288 2031 esse
2333 1969 2717 2033 coniunctio.
2797 1966 3063 2032 Etenim

666 2077 999 2139 interea
1077 2080 1456 2139 numeratur
1530 2074 1702 2139 inter
1772 2073 2250 2138 coniunctiones
2319 2071 2602 2139 causales
2665 2071 2772 2153 (G.
2832 2072 2906 2139 L.
2972 2072 3061 2137 IV

669 2179 820 2245 389.
853 2180 921 2261 6)
982 2186 1048 2245 et
1108 2183 1278 2246 inter
1338 2179 1643 2245 adverbia
1705 2180 1932 2258 (Prisc.
1998 2177 2093 2243 ΙΙΙ
2157 2178 2264 2246 43.
2297 2177 2428 2260 12).
2524 2176 2829 2245 Ceterum
2893 2178 3061 2245 Don.

667 2286 876 2352 denuo
925 2287 1003 2352 ad
1050 2286 1309 2352 Phorm.
1361 2285 1447 2349 IV
1498 2285 1560 2350 3.
1589 2285 1627 2349 9
1655 2285 1789 2366 (2);
1844 2283 2362 2363 „Commodum”
2403 2291 2660 2351 tantum
2703 2287 2893 2371 quod,
2936 2286 3066 2351 Lu-

666 2392 889 2471 cilius,
934 2399 1120 2472 cett.;
1169 2394 1388 2478 ibique
1427 2391 1526 2455 IP
1568 2391 1665 2471 (l)
1710 2390 2052 2469 ,‚Gomm.''
2103 2395 2467 2458 aestimatio
2515 2400 2612 2458 est
2659 2395 2986 2478 temporis.

667 2498 823 2564 Sab
844 2500 905 2564 b.
954 2520 1285 2584 perperam
1335 2499 1667 2563 damnavit
1714 2497 1810 2579 (l)
1858 2504 1924 2564 et
1969 2498 2089 2579 (3).

755 2604 917 2670 Ibid.
970 2603 1055 2671 57
1121 2605 1473 2682 Parmen0,
1538 2626 1689 2672 cum
1753 2624 1832 2669 ex
1896 2626 2023 2670 uno
2087 2604 2412 2690 alteroque
2474 2606 2668 2670 verbo
2739 2602 3063 2671 Chaereae

666 2714 889 2776 statim
928 2710 1318 2777 intellexerit
1358 2732 1551 2796 quam
1590 2709 1878 2795 puellam
1917 2711 2021 2775 hic
2067 2714 2134 2776 in
2173 2711 2388 2796 platea
2432 2711 2703 2790 viderit,
2751 2712 3068 2797 praecidit

664 2816 1029 2905 longiorem
1090 2820 1229 2882 eius
1290 2819 1722 2881 narrationem
1785 2816 2059 2882 dictione
2105 2816 2418 2903 figurata,
2467 2840 2592 2904 qua
2634 2824 2783 2904 post
2828 2819 3069 2903 perfec-

667 2931 813 2990 tum
862 2926 1055 2990 funus
1103 2925 1393 2989 homines
1441 2924 1892 2989 dimittuntur:
2179 2990 2186 2999 ,

756 3031 970 3109 llicet;
1020 3031 1270 3108 desine;
1319 3033 1452 3097 iam
1497 3029 2034 3097 conclamatumst
2063 3030 2132 3110 ¹).
2183 3028 2299 3097 Oh.
2352 3030 2530 3097 Alias
2579 3052 2680 3096 res
2726 3033 2867 3117 agis

757 3139 853 3219 (1)
919 3137 1098 3216 „Iam
1162 3136 1405 3203 concl.''
1461 3142 1854 3203 transactum
1904 3158 1975 3201 ac
2023 3136 2319 3216 finitum,
2372 3143 2445 3202 ut
2491 3138 2887 3204 conclamata
2934 3160 3069 3204 cor-

666 3267 819 3332 pora
886 3245 1050 3310 nihil
1098 3244 1329 3330 reliqui
1374 3246 1507 3310 iam
1555 3244 1793 3310 habent
1835 3242 1914 3307 ad
1961 3245 2133 3308 vitae
2180 3243 2402 3308 officia.
2587 3243 2694 3309 Sic
2742 3245 2903 3310 Don.
2955 3244 3067 3310 Se-

667 3355 889 3439 quitur
951 3353 1027 3417 de
1090 3351 1312 3417 eadem
1374 3371 1477 3416 re:
1564 3350 1675 3432 (2)
1745 3348 2029 3428 „concl.''
2095 3350 2654 3415 manifestum
2701 3350 3064 3436 significat,

667 3462 817 3544 quia
881 3458 1131 3523 dixerat
1194 3463 1320 3539 (vs.
1374 3456 1440 3538 7)
1508 3479 1587 3534 „0
1654 3458 2060 3522 fortunatum
2124 3477 2375 3532 senem,
2439 3458 2496 3521 si
2556 3462 2621 3522 et
2684 3457 2787 3522 hic
2840 3478 3060 3523 amare

667 3566 1014 3651 coeperit’',
1079 3556 1413 3648 tamquam
1476 3564 1681 3643 dicat,
1745 3566 1879 3627 iam
1941 3566 2226 3628 occisum
2281 3569 2530 3648 patrem
2580 3568 2766 3628 tuum
2819 3567 3063 3629 scimus

666 3675 926 3756 iamque
974 3670 1375 3736 deflevimus.
1516 3668 1692 3734 Haec
1741 3672 1953 3755 primo
1999 3674 2260 3755 aspectu
2307 3690 2497 3735 nemo
2546 3673 2690 3756 quis
2739 3670 2923 3736 facile
2971 3674 3063 3735 in-

667 3778 1027 3855 tellexerit,
1098 3798 1327 3862 nempe
1397 3775 1742 3861 explicat-io
1813 3777 1939 3840 huc
2007 3776 2209 3841 redit:
2279 3779 2436 3845 novi
2499 3796 2747 3842 amores
2793 3775 3063 3843 alterius

668 3884 788 3949 filii
834 3881 1149 3951 Chaereae
1194 3882 1483 3948 occident
1529 3888 1776 3967 patrem
1799 3929 1815 3960 ,
1865 3883 2048 3947 cuius
2093 3882 2289 3947 funus
2344 3882 2650 3948 Parmeno
2693 3888 2826 3948 iam
2873 3905 3063 3961 nunc,

670 4013 819 4057 cum
881 3989 1054 4055 filius
1116 3987 1401 4075 puellam
1460 3991 1749 4074 primum
1794 3986 2065 4065 viderit,
2115 3991 2297 4073 quasi
2343 3988 2698 4073 perfectum
2747 3992 3063 4075 proponit.

667 4097 844 4162 Haec
928 4097 1245 4161 enarratio
1329 4094 1519 4180 longe
1607 4096 1885 4177 repetita
1961 4096 2074 4159 vix
2154 4094 2422 4179 quadrat
2493 4115 2643 4159 cum
2713 4115 2820 4173 eo,
2895 4093 3071 4180 quod‘

668 4204 983 4268 Parmeno
1035 4205 1104 4267 in
1143 4222 1313 4288 seqq.
1354 4200 1534 4266 illam
1577 4202 1777 4286 patris
1826 4202 2204 4265 occisionem
2250 4201 2386 4286 ipse
2432 4206 2735 4286 provocat
2780 4207 2842 4266 et
2891 4222 3064 4287 prae-

736 4469 787 4530 l)
821 4471 951 4518 Serv.
989 4470 1049 4517 ad
1083 4470 1201 4518 Aen.
1240 4469 1309 4516 VI
1344 4468 1457 4517 216.
1496 4468 1609 4526 218,
1650 4466 1728 4515 ubi
1762 4465 1842 4515 hic
1875 4466 2005 4515 locus
2039 4466 2235 4516 citatur.
2271 4466 2345 4516 Cf.
2379 4466 2476 4516 alia
2505 4483 2548 4517 v.
2583 4467 2920 4533 interpretatio
2943 4470 3062 4516 Don.

669 4552 726 4601 ad
765 4554 880 4602 Aen.
918 4550 971 4601 11
1006 4552 1122 4602 233.
