3392 5384
775 413 904 479 134
1820 432 2103 483 smnus.

773 595 920 661 kins
965 598 1030 661 in
1081 598 1401 684 Postgatii
1445 595 1725 682 Corpore
1771 602 2092 663 recensuit
2138 605 2203 664 et
2252 601 2445 664 ceteri
2486 599 2762 664 editores
2800 603 2947 664 ante
2982 619 3141 664 eum.

863 702 1000 769 Iam
1062 707 1501 770 annotationes
1561 710 1919 790 sequuntur
1978 726 2219 790 paucae
2239 753 2255 784 ,
2306 706 2538 791 quibus
2585 707 2722 790 ipse
2766 705 2904 770 sive
2952 725 3146 768 emen-

772 808 1024 875 datione
1084 813 1409 897 proposita
1469 813 1606 876 sive
1664 831 1831 877 nova
1879 811 2047 897 quod
2095 814 2291 877 sciam
2337 806 2861 897 interpretatione
2891 810 3145 895 'prolata

772 915 850 980 ad
897 936 1163 980 manum
1212 922 1433 1000 poetae
1477 917 1945 982 restituendam
1989 916 2096 982 vel
2143 917 2222 983 ad
2270 907 2465 984 uerba
2511 913 2651 983 eius
2697 918 2935 982 rectius
2973 915 3146 981 intel-

770 1019 1042 1107 legenda
1086 1019 1330 1106 aliquid
1378 1021 1658 1087 conferre
1708 1021 1999 1087 conabor.
2372 1015 2377 1022 ’
2459 1016 2465 1024 ’
2521 1014 2528 1020 ..
2817 1022 2824 1029 ’

860 1232 1082 1300 Thetis
1125 1239 1467 1320 postquam
1516 1234 1626 1298 diu
1676 1233 2059 1301 deliberavit
2104 1256 2229 1321 quo
2276 1235 2416 1301 loco
2465 1231 2677 1300 filium
2725 1233 3144 1313 absconderet,

769 1336 1027 1405 tandem
1075 1338 1321 1425 Scyron
1363 1339 1642 1405 insulam
1690 1339 1879 1427 eligit
1896 1361 1911 1419 ;
1962 1343 2254 1425 sequitur
2299 1342 2453 1406 haec
2501 1335 2927 1427 comparatio:

1042 1444 1249 1531 qualis
1295 1448 1507 1512 vicino
1555 1445 1843 1512 volucris
1889 1450 2021 1511 iam
2070 1446 2291 1513 sedula
2336 1452 2565 1532 partu,

1039 1553 1295 1636 iamque
1341 1554 1611 1631 timens,
1661 1573 1787 1638 qua
1832 1552 2054 1618 fronde
2104 1552 2370 1618 domum
2417 1553 2763 1638 suspendat
2799 1555 3089 1632 inanem,

1039 1657 1333 1742 providet
1379 1657 1485 1722 hic
1533 1663 1792 1737 ventos,
1842 1659 1947 1723 hic
1994 1661 2187 1723 anxia
2235 1661 2477 1746 cogitat
2523 1661 2789 1745 anguis,

860 1759 990 1826 215
1039 1762 1146 1827 hic
1193 1763 1519 1828 homines:
1567 1763 1829 1829 tandem
1877 1763 2163 1829 dubiae
2208 1761 2419 1849 placet
2466 1765 2729 1843 umbra,
2776 1759 3087 1848 novisque

1041 1871 1155 1934 vix
1201 1871 1385 1933 stetit
1429 1871 1495 1932 in
1542 1872 1743 1934 ramis
1791 1875 1856 1934 et
1902 1872 2195 1955 protinus
2244 1870 2433 1936 arbor
2471 1876 2743 1936 amatur.

768 1973 1173 2061 Quamquam
1234 1973 1348 2039 diu
1411 1996 1514 2040 me
1574 1978 1861 2042 veritum
1922 1997 2056 2041 esse
2116 1997 2196 2041 ne
2252 1979 2470 2062 ipsum
2516 1982 2776 2062 poetam
2821 1976 3144 2060 proposito

767 2101 913 2146 meo
975 2080 1404 2158 emendarem,
1464 2084 1751 2167 ingenue
1810 2081 2129 2167 profiteor,
2194 2081 2466 2167 denique
2512 2084 2805 2146 animum
2850 2080 3144 2144 inducere

765 2208 890 2252 non
935 2189 1119 2272 potui
1165 2192 1242 2252 ut
1288 2207 1550 2253 versum
1586 2183 1855 2253 num'ero
1896 2208 2012 2252 suo
2049 2191 2348 2253 notatum
2387 2208 2423 2252 a
2459 2186 2664 2253 Statio
2700 2189 2793 2252 ita
2833 2189 3143 2271 scriptum

767 2298 1084 2378 putarem.
1149 2292 1464 2358 Umbram
1526 2314 1641 2378 pro
1707 2292 1928 2358 arbore
1991 2312 2028 2357 a
2090 2295 2297 2378 poetis
2362 2292 2533 2357 haud
2598 2312 2741 2358 raro
2788 2293 2916 2357 dici
2960 2291 3144 2378 probe

767 2400 936 2477 scie,
1018 2397 1126 2464 sed
1189 2401 1477 2483 primum
1539 2401 1653 2464 vix
1698 2397 2005 2463 credibile
2053 2405 2183 2477 est,
2231 2402 2572 2484 postquam
2620 2403 2717 2463 tot
2762 2400 2895 2462 iam
2942 2397 3144 2463 verbis

768 2525 989 2570 curam
1055 2507 1226 2583 eius,
1275 2507 1615 2582 timorem,
1665 2504 2132 2569 dubitationem
2179 2493 2367 2590 poeta
2414 2505 2745 2589 expressit,
2803 2506 2946 2589 ipso
2993 2509 3145 2568 tem-

766 2630 918 2695 pore
990 2631 1116 2694 quo
1187 2610 1445 2675 tandem
1512 2609 1857 2675 consilium
1918 2611 1976 2673 ei
2044 2613 2361 2675 constaret
2424 2615 2617 2693 atque
2676 2616 2926 2675 remota
2988 2611 3146 2673 esset

767 2718 974 2781 omnis
1020 2715 1371 2792 dubitati0,
1414 2737 1601 2781 avem
1641 2715 1959 2781 adiectivo
2001 2716 2213 2779 dubiae
2250 2715 2675 2801 significatam
2715 2735 2881 2794 esse;
2928 2713 3145 2780 deinde

764 2820 882 2885 hoc
939 2818 1078 2884 loco
1142 2821 1554 2905 vehementer
1613 2819 1911 2906 displicet
1973 2819 2362 2886 vocabulum
2424 2822 2627 2884 umbra
2675 2819 2858 2885 nullo
2904 2819 3145 2885 adiecto

766 2925 1053 3011 epitheto
1125 2946 1250 3010 quo
1319 2929 1678 2991 accuratius
1749 2926 1935 2990 arbor
2003 2925 2342 2990 definiatur
2410 2947 2572 3011 quae
2646 2931 2778 2991 tam
2841 2946 2878 2991 a
2940 2927 3145 2992 ventis

766 3050 963 3115 quam
1032 3030 1110 3096 ab
1170 3032 1492 3116 anguibus
1551 3032 2046 3116 hominibusque
2111 3031 2337 3095 nidum
2408 3051 2479 3096 ac
2541 3017 2755 3118 pullos
2812 3031 3143 3096 defendere

763 3137 985 3221 possit.
1049 3134 1226 3201 Haec
1285 3135 1452 3200 nihil
1512 3135 1693 3202 dubii
1756 3136 1926 3222 apud
1983 3159 2089 3202 me
2150 3140 2281 3201 iam
2345 3136 2745 3222 reliquerunt
2790 3139 2949 3222 quin
2996 3155 3139 3203 vere

764 3242 1086 3326 scripserit
1132 3245 1352 3327 poeta:
1399 3241 1658 3307 tandem
1709 3242 1953 3308 tiliae
1999 3241 2209 3327 placet
2255 3242 2507 3308 umbra.

851 3451 927 3517 In
989 3474 1063 3519 eo
1123 3457 1256 3519 iam
1317 3459 1413 3520 est
1465 3458 1542 3519 ut
1583 3457 1653 3519 in
1701 3453 1946 3541 Scyron
1990 3454 2269 3520 insulam
2316 3452 2540 3521 'I'hetis
2586 3477 2736 3521 cum
2783 3455 2916 3521 filio
2960 3454 3140 3542 profi-

763 3545 1059 3637 ciscatur,
1109 3579 1267 3643 quos
1313 3559 1390 3624 ad
1435 3580 1613 3624 mare
1660 3581 1863 3645 usque
1910 3563 2257 3626 comitatur
2301 3559 2574 3639 Chiron,
2678 3605 2683 3611 -

1474 3668 1883 3751 prosequitur
1926 3667 2142 3732 divam
2190 3666 2536 3753 celerisque
2576 3687 2867 3732 recursus

855 3769 988 3835 233
1035 3791 1296 3835 securus
1340 3769 1557 3857 pelagi
1606 3769 1845 3837 Chiron
1894 3778 2121 3838 rotat
2167 3773 2418 3858 udaque
2464 3771 2627 3838 celat

1032 3875 1283 3941 lumina
1330 3880 1395 3941 et
1439 3876 1734 3962 abreptos
1781 3877 1995 3943 subito
2040 3879 2170 3942 iam
2215 3879 2473 3963 iamque
2516 3876 2779 3942 latentis

1031 3986 1239 4048 erecto
1284 3987 1643 4068 prospectat
1688 4004 1850 4068 equo
1868 4030 1884 4061 ,
1937 4003 2063 4068 qua
2107 3997 2261 4048 cana
2306 4003 2652 4069 parumper

1033 4093 1337 4175 spumant
1383 4090 1568 4174 signa
1613 4089 1807 4176 fugae
1855 4093 1918 4155 et
1962 4088 2209 4174 liquido
2256 4091 2424 4175 perit
2468 4090 2673 4155 orbita
2718 4095 2929 4175 ponto.

758 4192 861 4259 Ita
923 4194 1228 4273 editores,
1291 4197 1660 4260 auctoritati
1729 4195 2034 4260 Puteanei
2088 4195 2321 4261 codicis
2368 4216 2616 4261 morem
2664 4196 2819 4261 dum
2864 4199 3131 4282 gerunt,

765 4305 1086 4366 recensent
1125 4302 1400 4386 ascripta
1437 4300 1568 4366 fere
1608 4303 1926 4385 scriptura
1964 4301 2257 4366 codicum
2300 4299 2494 4382 EKQ
2530 4309 2703 4383 royac
2726 4307 2791 4367 et
2812 4300 3135 4367 Schenklii

761 4407 1124 4471 coniectura
1168 4413 1356 4485 notat,
1404 4407 1638 4492 quibus
1687 4404 1932 4474 Garrod
1978 4409 2175 4472 etiam
2224 4409 2650 4493 suspicionem
2700 4407 2979 4486 addidit,
3016 4406 3134 4471 for-

689 4535 694 4540 ·
759 4514 929 4576 tasse
970 4509 1316 4598 legendum
1354 4532 1489 4578 esse
1535 4512 1711 4596 reqit.
