3392 5384
652 374 788 442 370
1439 390 1521 440 nn·
1569 392 1885 444 nummme
1933 394 2253 443 mammo.

652 567 836 626 natae
897 566 1048 625 sunt
1110 580 1236 645 qua
1297 559 1659 639 Pirithous,
1724 582 1919 649 quam
1966 560 2251 626 fabulam
2299 559 2379 625 ad
2426 562 2804 626 recentiores
2853 561 3053 644 perti-

651 688 801 733 nere
847 665 1174 753 probabile
1223 671 1339 731 est.
1389 665 1489 731 Ita
1535 666 1684 733 Hel.
1742 667 1821 732 16

927 774 1070 847 ἡμῖν
1119 772 1179 836 δὲ
1230 779 1316 850 γῆ
1367 772 1480 848 μὲν
1530 772 1755 853 πατρὶς
1802 774 1908 838 οὐκ
1956 773 2265 851 ἀνώνυμος

929 878 1226 957 Σπάρτη·
1278 880 1479 957 πατὴρ
1530 878 1590 942 δὲ
1640 878 2019 958 Τυνδάρεως,

653 990 909 1073 propter
954 1005 1027 1051 ea
1072 991 1290 1050 autem
1339 1006 1501 1071 quae
1544 987 1611 1050 in
1659 984 1950 1051 Pirithoo
1998 990 2355 1071 sequuntur

928 1093 1053 1172 ἐμῷ
1102 1096 1226 1170 γὰρ
1277 1088 1418 1166 ἦλθε
1468 1091 1650 1172 μητρὶ
1703 1092 1904 1157 κεδνὸν
1950 1092 2035 1163 εἷς
2085 1093 2271 1172 λέχος

926 1198 1115 1277 Ζεύς,
1165 1201 1243 1270 ὡς
1292 1197 1587 1264 λέλεκται
1635 1206 1749 1274 τῆς
1796 1200 2090 1273 ἀληθείας
2139 1196 2293 1292 ὅπου,

652 1289 1024 1374 conferenda
1071 1325 1324 1391 quoque
1371 1309 1523 1371 sunt
1569 1326 1730 1392 quae
1778 1305 1957 1370 addit
2003 1304 2254 1371 Helena

1387 1414 1397 1421 '⁴
2104 1409 2269 1476 ἔστιν
2316 1412 2379 1477 δὲ
2429 1412 2497 1485 δὴ

926 1519 1115 1597 λόγος
1161 1541 1255 1591 τις
1301 1518 1380 1591 ὡς
1429 1518 1584 1591 Ζεὺς
1635 1518 1849 1600 μητέρ’
1900 1517 2129 1583 ἔπτατ’
2179 1519 2267 1591 εἷς
2319 1518 2494 1595 ἐμήν,

648 1646 761 1691 nec
809 1627 1025 1690 minus
1073 1630 1216 1711 apte
1263 1624 1552 1691 eiusdem
1598 1624 1851 1691 fabulae
1899 1624 2183 1690 Helenae
2219 1646 2313 1691 vs.
2361 1623 2446 1690 87
2474 1644 2601 1708 seq.
2644 1623 2770 1688 huc
2811 1621 3043 1687 afferas

923 1730 1112 1810 ὄνομα
1161 1733 1274 1809 μὲν
1323 1734 1468 1809 ἡμῖν
1514 1731 1821 1811 Τευκρός,
1871 1732 1897 1795 ὁ
1948 1732 2010 1796 δὲ
2059 1730 2269 1813 φύσας
2324 1731 2526 1812 πατὴρ

923 1836 1256 1916 Τελσέμων,
1309 1838 1606 1913 Σαλαμὶς
1653 1837 1718 1902 δὲ
1767 1840 1991 1919 πατρὶς
2044 1840 2077 1912 ἦ
2129 1836 2409 1918 θρέψασά
2460 1862 2562 1914 με.

651 1943 726 2009 In
773 1945 1040 2010 Bacchis
1088 1942 1220 2009 464
1270 1950 1365 2009 est
1414 1943 1615 2010 Λυδία
1665 1943 1730 2008 δέ
1777 1968 1878 2021 μοι
1929 1944 2178 2025 πατρίς,
2225 1948 2291 2010 in
2337 1946 2487 2011 Ione
2534 1943 2669 2009 260

928 2049 1196 2132 Κρέουσα
1245 2051 1360 2127 μέν
1406 2074 1507 2127 μοι
1558 2049 1840 2129 τοῦνομ’·
1894 2052 1963 2115 ἐκ
2012 2051 2065 2115 δ’
2114 2052 2452 2134 Ἐρεχθέως

923 2158 1218 2239 πέφυκα·
1272 2157 1496 2236 πατρὶς
1544 2166 1627 2234 γῆ
1679 2156 1732 2221 δ’
1784 2158 2116 2233 Ἀθηναίων
2166 2160 2365 2238 πόλις,

648 2267 713 2327 et
758 2263 827 2326 in
872 2261 1012 2349 Iph.
1064 2263 1136 2327 Τ.
1189 2261 1228 2327 3
1279 2268 1384 2328 τοῦ
1435 2262 1486 2327 δ’
1538 2261 1690 2346 ἔφυν
1745 2264 1886 2342 ἐγώ.

737 2368 914 2434 Haec
961 2371 1207 2447 omnia,
1259 2375 1574 2454 quantum
1620 2375 1832 2455 potest
1870 2368 2237 2455 Euripideis
2275 2368 2550 2447 similia,
2593 2370 2803 2454 magis
2843 2368 3047 2432 etiam

647 2473 921 2541 colorem
983 2481 1323 2541 assumunt
1384 2475 1847 2562 Euripideum,
1913 2497 2063 2541 cum
2102 2496 2359 2561 prorsus
2408 2474 2780 2553 εὔριπιδίζων
2826 2475 3049 2560 pergit

648 2579 960 2647 Hercules
1001 2579 1164 2661 »ἥκω
1204 2582 1264 2647 δὲ
1310 2581 1476 2663 δεῦρο
1519 2582 1686 2650 etc.''
1728 2582 1869 2647 Iam
1910 2604 2183 2669 agnosco
2212 2620 2295 2631 —
2323 2585 2413 2649 sic
2454 2583 2584 2647 fere
2609 2580 2924 2647 exclames
2952 2614 3042 2629 -

654 2684 864 2769 „onam
908 2691 1000 2761 τίς
1040 2687 1099 2754 εἶ
1134 2691 1239 2754 καὶ
1283 2688 1524 2755 πόθεν”.
1575 2690 1732 2769 Quis
1773 2692 1946 2754 enim
1998 2692 2320 2776 originem
2368 2688 2785 2774 Euripideam
2834 2686 3043 2753 celare

652 2794 914 2860 studens
955 2816 1239 2881 unquam
1280 2798 1487 2881 coepit
1527 2816 1564 2861 a
1603 2796 1801 2861 verbo
1844 2794 2007 2872 ἤκωὶ)
2052 2833 2135 2844 -
2177 2796 2267 2861 Ut
2290 2817 2368 2861 ex
2391 2797 2704 2860 sexcentis
2728 2792 3043 2880 exemplis

654 2922 858 2986 pauca
900 2899 1157 2967 afferam
1204 2903 1437 2966 notabo
1486 2901 1591 2967 Or.
1649 2900 1843 2968 1323.
1897 2902 2090 2967 Andr.
2142 2900 2295 2967 309.
2351 2901 2544 2967 1111.
2600 2898 2795 2965 1126.
2848 2897 3045 2965 1232.

657 3007 911 3073 Heracl.
964 3006 1115 3073 389.
1166 3008 1271 3074 Or.
1322 3007 1430 3073 82.
1480 3007 1633 3073 893.
1684 3008 1773 3073 Ιο.
1829 3006 1888 3073 5.
1942 3009 2171 3074 Bacch.
2223 3003 2373 3073 661.
2426 3006 2578 3073 664.
2633 3005 2786 3072 666.

749 3114 820 3179 In
865 3117 1090 3180 ceteris
1138 3116 1520 3201 fragmentis
1565 3116 1859 3180 iambicis
1908 3137 2032 3181 non
2080 3115 2281 3181 habeo
2330 3135 2489 3200 quae
2530 3119 2789 3200 propter
2827 3112 3051 3178 dictio-

657 3241 807 3285 nem
876 3221 1149 3286 notanda
1216 3224 1366 3285 sint.
1436 3220 1861 3307 Anapaestica
1923 3227 2143 3287 autem
2208 3241 2535 3298 sermone,
2607 3221 2705 3284 uti
2752 3241 2867 3304 par
2912 3225 3049 3298 est,

663 3327 873 3393 multo
912 3327 1171 3393 elatiore
1218 3334 1511 3408 utuntur,
1562 3350 1687 3413 quo
1737 3328 1811 3393 fit
1858 3335 1932 3393 ut
1970 3328 2232 3393 facilius
2276 3330 2343 3393 in
2392 3330 2483 3393 eis
2532 3324 2713 3404 ἅπαξ
2762 3327 3049 3405 εἰρημένα

662 3434 1112 3520 deprehendas.
1177 3434 1250 3499 In
1299 3438 1572 3501 transitu
1621 3456 1771 3501 cum
1838 3456 2024 3500 versu
2074 3435 2284 3515 χάσμ’
2340 3434 2634 3512 εὐφήμως
2687 3431 3047 3511 προχέωμεν

662 3541 737 3606 fr.
805 3540 936 3606 592
998 3542 1248 3607 confero
1309 3542 1386 3606 fr.
1438 3541 1568 3606 912
1634 3541 1805 3616 δέξαι
1871 3545 2068 3619 πλήρη
2134 3542 2563 3623 προχυθεῒσαν.
2622 3538 2744 3605 Sed
2802 3539 3047 3604 detinet

662 3668 777 3712 nos
834 3650 1210 3732 praesertim
1271 3648 1346 3713 fr.
1399 3647 1550 3713 593.
1613 3649 1837 3712 Prima
1901 3648 2097 3713 verba
2160 3647 2228 3711 σὲ
2277 3648 2378 3711 τὸν
2427 3648 2710 3724 αὐτοφυῆ
2759 3651 3049 3732 (propter

661 3755 945 3818 sonitum
1007 3773 1078 3818 ac
1139 3774 1440 3819 numeros
1501 3753 1872 3819 conferenda
1919 3774 2067 3818 cum
2116 3752 2313 3838 Hipp.
2371 3751 2543 3818 1283
2593 3752 2659 3815 σὲ
2709 3752 2811 3815 τὸν
2859 3753 3055 3815 εὐπα-

663 3858 896 3939 τρίδαν)
958 3859 1351 3925 adiectivum
1413 3860 1718 3925 exhibent
1769 3860 1887 3925 hac
1936 3860 2197 3945 quidem
2246 3861 2503 3924 notione
2551 3857 2721 3945 apud
2768 3860 3051 3923 scenicos

660 3968 1102 4051 incognitum,
1167 3987 1295 4031 non
1355 3969 1514 4031 item
1579 3966 1750 4052 apud
1812 3964 2180 4051 theologos,
2244 3963 2757 4050 quandoquidem
2818 3968 2882 4028 et
2909 3964 3053 4028 «αὗ-

663 4076 869 4151 τοφυέἑ
912 4076 976 4136 et
1015 4071 1362 4146 ἀκάμαντα
1402 4077 1589 4158 poeta
1629 4072 1945 4158 Orphicus
1987 4072 2088 4135 τὸν
2130 4072 2341 4152 χρόνον
2381 4071 2545 4135 dixit
2584 4070 2829 4156 hymno
2874 4068 2979 4133 12.
3007 4068 3050 4133 9

667 4214 752 4228 —
801 4177 970 4263 quod
1028 4177 1348 4243 undenam
1410 4181 1714 4243 sumserit
1767 4178 2005 4242 frustra
2043 4198 2328 4263 quaeraS.
2391 4176 2521 4243 Nec
2569 4182 2783 4241 tamen
2830 4177 3052 4261 ipsum

662 4284 1055 4350 adiectivum
1093 4284 1460 4350 inauditum
1501 4291 1614 4350 aut
1647 4286 2000 4350 novicium.
2050 4284 2223 4349 Deus
2266 4286 2378 4369 qui
2406 4282 2600 4347 δεῖται
2630 4283 2857 4354 οὐδενὸς
2882 4280 3055 4347 haud

662 4391 889 4456 absone
927 4389 1327 4476 significatur
1366 4391 1680 4457 adiectivo
1722 4412 1847 4475 quo
1889 4390 1958 4455 Io
1998 4396 2184 4475 poeta
2224 4390 2299 4455 fr.
2341 4390 2372 4453 1
2420 4391 2751 4469 αὐτοφυεῖς
2781 4386 3048 4467 καρποὺς

663 4495 828 4559 dixit
889 4498 999 4581 qui
1065 4495 1305 4561 nullius
1367 4495 1575 4560 adiuti
1635 4502 1771 4560 arte
1832 4505 2157 4573 crescunt5
2234 4497 2609 4580 praesertim
2672 4492 3047 4579 Euripidem
