3392 5384
713 400 846 471 278
1751 350 2067 469 pommus.

800 587 1092 674 Denique
1147 588 1358 655 eidem
1420 565 1891 675 adsignandum
1953 591 2052 653 est
2114 586 2210 668 (1)
2277 585 2499 668 „Quod
2562 586 2717 653 ille”
2780 587 2960 653 docte
3013 586 3087 652 ad

708 695 1106 782 singularem
1159 717 1505 762 numerum
1553 697 1785 762 transit
1834 715 1870 759 a
1916 692 2178 780 plurali.
2316 693 2490 785 Lege
2536 715 2761 762 versus
2804 714 3091 779 praecen-

711 802 930 867 dentes
992 808 1057 868 et
1117 803 1366 870 videbis
1425 824 1622 889 quam
1669 821 1967 887 perverse
2014 794 2389 886 expressum
2436 801 2523 865 sit
2569 800 2669 879 id,
2720 799 2888 886 quod
2936 799 3089 865 Don.

709 908 1092 995 simpliciter
1137 912 1226 975 sic
1273 908 1620 976 indicavit:
1671 908 1768 989 (2)
1816 907 2011 973 Redit
2057 908 2135 972 ad
2184 904 2438 973 Getam.
2492 940 2497 946 ·

799 1015 1024 1100 Itaque
1068 1015 1187 1081 Ed.
1236 1013 1478 1081 scholia
1525 1013 1772 1081 addidit
1810 1016 1888 1081 ab
1927 1016 2116 1079 initio
2157 1018 2222 1079 et
2262 1016 2331 1079 in
2372 1014 2532 1093 fine,
2572 1019 2765 1100 atque
2803 1012 3090 1099 exemplo

709 1124 892 1188 auxit
952 1121 1070 1204 (4).
1163 1121 1236 1187 In
1285 1121 1546 1197 scholiis
1592 1122 1917 1190 additiciis
1964 1120 2192 1208 copula
2239 1128 2315 1200 et,
2365 1142 2562 1207 quam
2607 1119 2911 1187 Wessn.
2960 1142 3095 1187 cur-

707 1230 918 1295 sivam
965 1249 1196 1315 ponere
1242 1228 1437 1307 solet,
1476 1228 1759 1294 Editoris
1800 1232 1931 1307 est,
1974 1229 2260 1312 quoties,
2302 1234 2379 1293 ut
2417 1228 2539 1295 hoc
2579 1228 2753 1309 loco,
2795 1228 3095 1303 Donateis

708 1334 824 1401 illa
869 1336 1377 1423 subiunguntur.

799 1441 958 1508 Ibid.
1011 1442 1091 1507 11
1164 1441 1387 1509 Davus
1436 1443 1529 1508 sic
1574 1443 1825 1529 pergit:

799 1548 872 1613 Id
931 1538 1046 1615 illa
1105 1551 1486 1615 universum
1549 1548 1856 1634 abripiet,
1922 1547 2096 1613 haud
2160 1549 2541 1616 existimans
2595 1553 2836 1636 quanto
2884 1548 3099 1614 labore

708 1660 989 1742 partum.
1069 1655 1266 1721 Porro
1349 1660 1569 1721 autem
1649 1652 1817 1722 Get-a
1898 1655 2166 1721 ferietur
2236 1653 2363 1720 alio
2436 1676 2700 1721 munere
2720 1704 2737 1734 ,
2807 1656 2925 1721 ubi
2995 1675 3096 1721 era

709 1763 1029 1848 pepererit

770 1867 898 1951 ’(2)
947 1866 1422 1946 „Universum”
1463 1874 1681 1934 contra
1719 1867 1883 1934 illud
1924 1865 2093 1954 quod
2136 1868 2538 1947 „unciatim”
2589 1868 2857 1936 dixerat.
3000 1867 3102 1935 Sic

709 1974 894 2054 Don.‚
958 1995 1151 2061 quem
1197 1974 1316 2041 Ed.
1365 1974 1729 2062 supplevit:
1779 1974 1874 2055 (3)
1922 1974 2167 2062 Magna
2212 1976 2419 2041 virtus
2467 1996 2663 2061 paene
2708 1978 2779 2040 in
2826 1974 3102 2063 singulis

711 2080 979 2167 syllabis
1009 2081 1089 2162 ¹):
1119 2076 1128 2079 ⁷
1155 2087 1373 2147 contra
1419 2080 1588 2147 illud
1633 2081 1805 2167 quod
1850 2083 1940 2147 ait
1988 2080 2191 2159 „ille”
2244 2081 2491 2160 „illa”
2541 2081 2833 2161 rettulit,
2884 2087 3100 2149 contra

714 2190 1070 2275 „unciatim
1117 2189 1271 2255 vix''
1314 2194 1378 2254 et
1419 2188 1540 2266 „de
1578 2187 1871 2254 dimenso
1912 2188 2071 2254 suo’'
2116 2187 2698 2266 „universum”
2740 2190 2846 2268 (cf.
2886 2187 3099 2267 Don.),

705 2300 928 2361 contra
969 2291 1132 2386 <id>
1174 2295 1344 2381 quod
1383 2297 1476 2361 ait
1525 2316 1807 2373 „munus
1844 2294 2241 2361 corraditur''
2286 2294 2743 2381 „arripiet”
2770 2296 2846 2377 ²),
2886 2300 3103 2361 contra

711 2422 951 2480 „suum
990 2400 1374 2467 defraudans
1414 2400 1727 2489 genium''
1771 2406 1837 2467 et
1878 2403 2273 2487 „comparsit
2315 2400 2557 2467 miser’'
2601 2401 2687 2479 „h
2707 2401 2858 2466 aud
2900 2404 3105 2467 exis-

711 2510 1022 2574 timans
1092 2512 1401 2595 quanto
1469 2508 1764 2575 labore
1834 2506 2243 2595 partum”.
2386 2507 2562 2574 Haec
2628 2510 2869 2593 partim
2946 2507 3102 2574 falsa

709 2617 946 2701 partim
993 2613 1243 2681 futtilia
1290 2621 1461 2681 sunt.
1495 2650 1498 2653 ⁴
2712 2628 2721 2633 ’

797 2721 978 2787 Idem
1018 2721 1301 2788 Donateo
1340 2719 1437 2805 (5)
1479 2722 1938 2801 „existimans”
1973 2742 2089 2807 pro
2129 2720 2701 2801 „aestimans''‚
2748 2720 3098 2787 Sallustius

711 2829 831 2905 „si‚
895 2828 1197 2908 Quirites,
1245 2848 1474 2914 parum
1515 2828 2041 2905 existimaretis”,
2082 2830 2454 2913 praeposuit
2491 2827 2587 2909 (4)
2630 2826 3097 2906 „existimans”

708 2932 816 2999 vel
852 2932 1378 3020 intelligens
1413 2933 1519 2999 vel
1557 2935 2041 3020 recogitans
2088 2954 2159 2998 ac
2202 2939 2633 3020 reputans.
2682 2932 2780 3000 Of.
2819 2932 3102 3000 Schlee

709 3062 772 3126 p.
827 3039 992 3105 128:
1057 3040 1202 3106 Non
1265 3042 1662 3127 recogitans,
1728 3062 1879 3105 cum
1941 3045 2184 3125 quanto
2246 3039 2462 3106 labore
2522 3042 2913 3127 acquisitum
2978 3042 3099 3120 sit,

708 3146 875 3232 quod
917 3148 1058 3232 ipsa
1102 3145 1441 3219 libidinose
1486 3145 1821 3234 expendet.
1870 3145 1964 3212 De
2014 3144 2212 3212 schol.
2261 3145 2586 3212 similibus
2632 3146 2713 3212 ad
2757 3169 2822 3214 v.
2874 3146 3099 3225 „ferie-

705 3252 858 3319 tur”
903 3253 1050 3321 vide
1097 3251 1290 3340 supra
1335 3276 1398 3339 p.
1447 3252 1556 3319 20.

718 3537 726 3545 ,
797 3468 828 3533 Ι
875 3468 937 3535 2.
967 3468 1006 3534 3
1051 3468 1148 3551 (1)
1197 3469 1512 3548 „Lectum
1561 3470 1699 3535 est’'
1749 3469 2098 3549 absolute„
2127 3490 2279 3534 nam
2326 3490 2453 3535 non
2494 3468 2650 3535 dicit
2686 3468 2861 3555 quid,
2900 3477 3097 3535 amm

706 3574 961 3640 debitum
1005 3600 1086 3640 an
1131 3583 1457 3659 amentum.
1553 3574 1842 3641 Wessn.
1901 3576 2416 3642 additamentum
2443 3578 2575 3641 iam
2605 3575 2785 3643 obelo
2820 3578 3094 3643 notavit.

794 3681 956 3749 lbid.
1006 3685 1048 3746 4
1117 3684 1285 3749 Amo
1333 3690 1398 3749 te
1444 3688 1509 3750 et
1552 3704 1681 3749 non
1729 3682 2091 3769 neglexisse
2138 3683 2339 3749 habeo
2386 3685 2669 3769 gratiam

796 3788 893 3870 (1)
954 3789 1194 3855 Amat
1256 3788 1425 3877 quod
1485 3787 1833 3856 reddiderit
1890 3791 2267 3876 pecuniam,
2316 3791 2499 3876 agit
2543 3790 2878 3875 gratias
2926 3789 3096 3876 quod

702 4066 910 4137 ferretur
943 4081 1077 4115 more
1109 4067 1340 4125 veterum,
1359 4078 1471 4115 ’non
1505 4068 1559 4116 ut
1579 4046 1721 4116 'nunc
1755 4064 2168 4125 adnumerantur,
2203 4064 2319 4114 assis
2353 4064 2528 4115 libra
2562 4067 2667 4114 erat
2704 4064 2900 4129 eiusque
2934 4067 3095 4131 partes

705 4148 896 4207 unciam
944 4163 1137 4198 rursum
1182 4147 1347 4198 unciae
1393 4146 1534 4197 unius
1577 4146 1855 4198 duodecima
1899 4162 2009 4213 pars
2056 4146 2283 4196 libella
2331 4145 2591 4196 dicebatur.
2629 4146 2815 4196 Merito
2849 4162 2962 4212 ergo
2998 4162 3093 4197 non

702 4245 788 4296 per
835 4228 1047 4295 singulos
1089 4230 1335 4281 sestertios
1381 4245 1531 4294 neque
1576 4246 1663 4296 per
1699 4229 1912 4294 singulos
1943 4227 2163 4279 denarios
2195 4244 2349 4295 neque
2382 4244 2469 4295 per
2503 4228 2716 4293 singulos
2751 4244 2893 4290 anses,
2928 4231 3009 4279 sed
3044 4230 3095 4280 id

701 4314 828 4378 quod
877 4311 1213 4376 ὑπερβολικῶς
1260 4311 1515 4363 minimum
1563 4312 1672 4372 fuit,
1715 4327 1801 4378 per
1847 4312 2060 4377 singulas
2104 4312 2268 4361 uncias
2318 4311 2612 4362 nunciati&
2649 4312 2787 4363 dixit.
2834 4312 2905 4363 Ec
2942 4313 3097 4364 Οἰσσνο

707 4395 893 4461 ,σαρκία
937 4396 1169 4456 Volcacio,
1204 4396 1250 4445 εἰ
1281 4411 1368 4445 sua
1401 4398 1564 4460 sponte
1597 4394 1797 4445 venisset
1832 4410 1976 4444 unam
2012 4395 2219 4445 libellam
2252 4394 2461 4445 dedisset
2473 4396 2504 4444 ?
2536 4396 2633 4457 (W.
2668 4398 2729 4453 c.)

773 4478 828 4541 1)
863 4477 937 4527 De
969 4478 1058 4527 hoc
1092 4477 1307 4527 encomio
1341 4476 1448 4527 vide
1480 4494 1624 4542 supra
1659 4494 1706 4541 p.
1748 4478 1811 4527 50
1846 4478 1904 4525 ad
1942 4478 2067 4528 Eun.
2101 4478 2153 4527 11
2190 4480 2236 4527 3.
2259 4478 2321 4527 69
2340 4480 2425 4539 (2).

771 4560 828 4626 2)
861 4561 920 4609 Iu
953 4560 1157 4609 citandis
1187 4559 1400 4611 versibus
1433 4558 1827 4625 orthographiam
1859 4559 2117 4610 commenti
2152 4560 2285 4624 aequi
2317 4560 2464 4621 soleo,
2498 4560 2591 4609 nisi
2625 4560 2770 4611 nimis
2802 4560 2919 4611 falsa
2952 4561 3032 4611 sit.
