3392 5384
681 394 814 460 138
1732 409 2016 459 sunus.

679 599 760 643 ac
803 581 1020 664 vigere
1059 598 1253 662 quam
1291 579 1574 642 maxime
1597 573 2002 641 ostendebat?
2041 575 2185 641 Non
2221 576 2406 641 credo
2430 597 2634 661 neque
2655 576 3065 642 crediderunt

677 683 792 748 alii
837 690 985 748 ante
1031 705 1172 759 me,
1216 703 1369 747 nam
1413 685 1481 746 in
1521 680 1702 747 codd.
1751 681 1888 760 KQ
1930 702 2045 765 pro
2080 682 2282 762 yloria
2327 690 2663 747 exaratum
2702 702 2836 747 esse
2875 680 3061 745 video

675 789 849 870 copia
867 837 884 866 ‚
933 789 1104 873 quod
1151 786 1399 854 Garrod
1441 791 1745 852 annotare
1793 784 2101 872 neglexit.
2160 787 2305 873 Ego
2352 793 2571 856 tamen
2612 809 2740 852 non
2785 788 3065 852 vocabu-

673 892 817 959 lum
872 894 1077 976 ιᾳίοντίιι
1135 893 1611 958 sollicitandum
1675 913 1812 957 esse
1876 895 2119 978 opinor,
2178 893 2289 958 sed
2333 914 2450 978 pro
2494 895 2644 957 data
2688 892 3060 979 ponendum

674 1005 857 1064 rata
917 1002 961 1063 i.
1004 1019 1058 1064 e.
1121 998 1283 1075 fixa,
1345 997 1691 1075 destinata,
1734 998 1815 1062 cf.
1864 1018 1957 1062 vs.
2008 998 2133 1063 81:
2182 1002 2361 1064 ratus
2406 998 2557 1063 ordo
2604 997 2739 1062 deis
2787 1000 3061 1062 miscere

673 1110 968 1169 cruentas
1023 1105 1477 1188 Europamque
1523 1104 1873 1188 Asiamque
1919 1124 2167 1167 manus.
2230 1101 2611 1170 Conferatur
2656 1123 2908 1189 quoque
2956 1123 3057 1167 ν8.

677 1208 833 1288 893,
880 1210 995 1275 ubi
1041 1207 1324 1274 Achilles
1369 1208 1800 1295 Lycomedem
1846 1207 2231 1294 alloquitur:

1774 1319 1839 1378 te
1884 1314 2133 1399 pridem
2178 1319 2359 1379 tanta
2402 1315 2699 1379 manebat

947 1419 1190 1506 gloria,
1237 1423 1602 1505 quaesitum
1648 1419 1888 1484 Danais
1933 1425 2009 1484 tu
2053 1423 2264 1485 mittis
2308 1419 2653 1486 Achillem.

675 1525 1004 1611 Scriptura
1049 1526 1221 1609 eopia
1265 1527 1558 1591 codicum
1604 1526 1741 1605 KQ
1784 1525 2055 1591 fortasse
2100 1532 2252 1590 nata
2298 1530 2397 1591 est
2444 1547 2479 1592 e
2524 1547 2621 1592 vs.
2674 1523 2837 1592 792:

946 1653 1073 1698 non
1119 1631 1277 1697 alias
1325 1653 1634 1716 umquam
1682 1636 1899 1697 tantae
1944 1631 2137 1696 data
2181 1635 2422 1717 copia
2467 1632 2675 1697 famae

946 1738 1220 1803 fortibus
1266 1742 1377 1802 aut
1425 1758 1652 1822 campo
1686 1740 1945 1826 ⁵maiore
1990 1740 2265 1803 exercita
2310 1740 2538 1804 virtue.

763 1950 882 2015 Est
927 1949 1071 2014 finis
1118 1949 1454 2014 Protesilai
1503 1951 1808 2015 orationis
1854 1948 1934 2015 ad
1980 1947 2395 2016 Calchantem
2412 1939 2727 2016 ‘habitaez

947 2055 1054 2120 sed
1102 2054 1259 2120 felix
1301 2076 1698 2140 numeroque
1747 2055 1985 2120 ducum
2030 2058 2456 2141 praestantior
2501 2059 2711 2133 omni,

771 2161 902 2226 513
949 2163 1001 2226 si
1050 2183 1361 2249 magnum
1413 2161 1650 2227 Danais
1697 2182 1841 2246 pro
1888 2166 1962 2226 te
2010 2161 2412 2246 dependis
2456 2161 2798 2227 Achillem.

677 2267 903 2333 Editor
960 2289 1108 2333 cum
1180 2266 1480 2334 Golinaeo
1541 2269 1862 2332 recensuit
1917 2288 2036 2349 per
2096 2274 2155 2330 te
2222 2273 2288 2332 et
2346 2288 2495 2331 cum
2556 2267 2689 2332 cod.
2752 2267 3064 2332 Etonensi

677 2373 997 2455 deprendis
1053 2373 1286 2438 addens
1304 2421 1320 2451 ,
1382 2372 1724 2438 lectionem
1783 2372 2072 2453 dependis
2131 2371 2358 2437 falsam
2403 2393 2540 2436 esse
2586 2375 2889 2456 quoniam
2936 2394 3063 2437 non

679 2483 825 2545 uter
883 2478 1153 2544 militari
1215 2479 1438 2544 debeat
1485 2478 1594 2543 sed
1643 2478 1759 2542 ubi
1800 2480 2099 2564 gentium
2146 2481 2232 2543 sit
2276 2476 2559 2543 Achilles
2604 2485 2856 2564 agatur.
2920 2477 3062 2543 Hoc

679 2584 939 2670 quidem
977 2605 1204 2650 verum
1223 2632 1239 2661 ‚
1287 2584 1396 2650 sed
1435 2605 1633 2668 aeque
1669 2604 1931 2662 verum,
1971 2583 2397 2648 Protesilaum
2438 2582 2769 2650 Calchanti
2787 2631 2803 2660 ‚
2841 2604 3061 2668 quam-

679 2692 781 2757 vis
843 2710 1028 2775 opere
1074 2688 1300 2755 bellico
1343 2692 1625 2754 immuni
1664 2689 1999 2774 solutoque
2018 2738 2033 2767 ‚
2081 2688 2358 2774 gloriam
2405 2688 2703 2754 bellicam
2750 2709 2885 2754 esse
2929 2687 3064 2774 pol-

675 2795 969 2872 licitum,
1017 2815 1168 2860 nam
1215 2800 1555 2880 postquam
1601 2815 1755 2858 eum
1798 2795 2091 2859 hortatus
2134 2799 2233 2859 est
2278 2816 2372 2860 ν8.
2426 2794 2592 2859 508;

951 2899 1127 2976 heia,
1177 2903 1476 2984 inrumpe
1524 2899 1670 2964 deos
1718 2904 1781 2964 et
1826 2900 1959 2965 fata
2001 2899 2272 2966 latentia
2319 2921 2513 2974 vexa,

949 3004 1604 3091 laurigerosque
1652 3007 1859 3090 ignis,
1908 3008 1964 3069 si
2010 3006 2289 3090 quand0,
2336 3006 2749 3071 avidissimus
2789 3003 3012 3070 hauri!

676 3109 908 3194 quibus
974 3113 1107 3175 iam
1174 3109 1486 3197 gloriam,
1572 3131 1733 3196 quae
1805 3131 1885 3175 ex
1947 3109 2200 3176 Achille
2259 3111 2572 3196 producto
2642 3109 3061 3178 Calchantem

679 3205 989 3281 secutura
1022 3218 1140 3294 sit,
1191 3216 1614 3302 significavit,
1664 3215 1843 3296 addit
1893 3216 2084 3281 haec:

947 3342 1125 3387 arma
1173 3322 1482 3388 horrenda
1527 3322 1647 3387 tibi
1693 3342 2042 3406 saevosque
2088 3324 2460 3387 remisimus
2508 3325 2710 3401 ensis,

945 3449 1302 3512 numquam
1346 3428 1462 3493 has
1505 3427 1791 3492 imbellis
1835 3426 2021 3513 galea
2071 3427 2385 3493 violabere
2432 3430 2668 3494 vittas:

950 3533 1086 3599 sed
1134 3533 1343 3598 felix
1389 3549 1873 3618 numeroque
1923 3533 2200 3598 ducum
2239 3537 2777 3619 praestantior
2812 3538 3055 3614 omni,

949 3641 1003 3702 si
1050 3659 1364 3724 magnum
1409 3659 1464 3703 e.
1491 3660 1548 3723 q.
1576 3659 1626 3702 s.
2128 3723 2139 3734 .

677 3743 853 3808 Haec
911 3765 1062 3809 vero
1123 3744 1276 3828 quid
1335 3744 1460 3808 sibi
1523 3742 1753 3809 volunt
1813 3747 1941 3808 nisi
2000 3745 2189 3810 haec:
2252 3744 2438 3809 Nunc
2484 3751 2741 3831 tempus
2787 3751 2883 3812 est
2930 3767 3057 3832 quo

675 3849 952 3936 gloriam
999 3847 1295 3914 bellicam
1344 3849 1464 3913 tibi
1509 3869 1729 3934 parare
1776 3847 2013 3935 possis!
2062 3850 2225 3914 Sane
2270 3871 2640 3916 concessum
2688 3851 2809 3916 tibi
2846 3857 2945 3916 est
2983 3859 3059 3916 ut

675 3975 897 4040 expers
943 3974 1231 4019 maneres
1278 3975 1606 4019 armorum
1652 3957 1990 4040 strepitus,
2040 3955 2150 4020 sed
2198 3958 2253 4019 si
2296 3958 2429 4020 iam
2475 3977 2621 4040 pro
2664 3964 2739 4021 te
2783 3956 3059 4023 Achil-

678 4059 831 4126 lem
883 4059 1489 4146 proeliatorem
1538 4059 1847 4126 Danais
1894 4061 2435 4146 dependeris,
2485 4061 2644 4128 felix
2690 4065 2815 4128 eris
2860 4067 3054 4148 atque

675 4164 833 4231 duce
879 4167 1110 4252 quovis
1155 4163 1610 4250 praestantior!

765 4270 1170 4355 Quamquam
1215 4273 1425 4357 igitur
1467 4271 1592 4336 fuit
1639 4293 1823 4337 cum:

946 4379 1002 4440 si
1050 4397 1361 4463 magnum
1407 4376 1639 4442 Danais
1683 4380 2058 4463 pretium
2106 4377 2407 4463 dependis
2454 4379 2775 4446 Achillem

668 4500 886 4547 veram
949 4501 1082 4547 esse
1144 4481 1490 4548 lectionem
1553 4485 1928 4568 suspicarer,
1998 4504 2248 4550 memor
2308 4505 2403 4552 vs.
2470 4485 2600 4551 385
2665 4485 3049 4572 'depositum
