3392 5384
661 404 794 468 416
1704 419 2018 470 nonnus,

660 591 815 654 bum
877 593 943 653 et
1000 589 1281 672 Asprum
1347 590 1761 674 praesertim,
1828 589 2070 673 hosque
2118 589 2291 653 viros
2338 588 2813 673 explanationes
2862 587 3059 651 tradi-

660 696 827 760 disse
866 694 1057 760 modo
1097 693 1402 760 Donateis
1441 694 1911 770 anteferendae,
1964 693 2150 759 modo
2199 715 2349 759 vero
2396 694 2881 779 postponendas.
2931 692 3058 759 Do-

658 807 848 866 natus
885 800 963 865 ad
1011 800 1599 866 Phormionem
1649 799 2114 886 explanandam
2164 800 2472 885 peculiari
2511 801 2685 867 fonte
2723 823 2878 866 usus
2918 821 3055 865 esse

660 907 1010 973 videbitur.

980 1151 1361 1230 Scholia,
1407 1154 1487 1217 in
1537 1153 1844 1239 quibus
1892 1153 2174 1218 fontes
2221 1153 2736 1219 indicantur.

750 1335 1152 1402 Nominatim
1199 1338 1482 1401 citantur
1528 1338 1595 1400 in
1644 1341 2003 1401 commento
2052 1337 2150 1399 uti
2198 1335 2403 1402 fontes
2449 1335 2520 1400 hi
2565 1341 2886 1402 auctores:

751 1443 1161 1528 Nigidius
1211 1447 1338 1508 ter:
1390 1443 1711 1509 Phorm.
1763 1442 1794 1506 Ι
1843 1442 1995 1516 4.4,
2028 1441 2131 1507 13.
2181 1441 2245 1506 ΙΙ
2300 1441 2449 1507 1.3.

751 1549 1007 1632 Varro
1064 1553 1321 1633 quater:
1394 1549 1512 1613 Ad.
1577 1548 1662 1613 IV
1725 1548 1787 1614 2.
1833 1546 1939 1627 37,
1991 1547 2096 1613 44.
2163 1547 2216 1611 V
2280 1547 2342 1613 8.
2392 1547 2496 1625 15,
2538 1547 2647 1614 29.
2722 1548 3061 1615 Praeterea

840 1653 1132 1740 exempla
1197 1658 1479 1720 citantur
1538 1656 1696 1720 tria:
1766 1677 1842 1720 ex
1910 1656 2058 1719 Ant.
2124 1676 2175 1719 r.
2238 1656 2303 1718 h.
2368 1655 2532 1720 Eun.
2599 1654 2660 1718 II
2712 1655 2773 1721 2.
2802 1655 2910 1733 25,
2974 1677 3057 1721 ex

839 1762 1058 1848 logist.
1107 1760 1261 1826 ibid.
1310 1760 1396 1827 IV
1449 1760 1510 1825 3.
1541 1759 1579 1827 ’7
1629 1767 1692 1825 et
1742 1762 2001 1827 Phorm.
2052 1760 2083 1824 I
2135 1761 2192 1825 1.
2225 1760 2327 1826 15.

750 1870 1068 1934 Probus
1129 1871 1382 1934 novies:
1455 1868 1648 1932 Andr.
1715 1867 1801 1932 IV
1852 1867 1912 1932 3.
1944 1868 2004 1933 5.
2072 1867 2124 1929 V
2176 1867 2326 1932 3.4.
2394 1867 2558 1932 Eun.
2626 1868 2656 1933 Ι
2725 1869 2871 1935 1.1.
2926 1869 3052 1936 Ad.

841 1974 933 2039 III
980 1974 1043 2039 2.
1072 1974 1179 2038 25.
1232 1975 1386 2039 Hec.
1437 1973 1597 2060 prol.
1643 1975 1673 2039 I
1724 1975 1785 2041 2.
1842 1975 2100 2041 Phorm.
2150 1974 2178 2038 I
2232 1973 2425 2053 1.15,
2471 1975 2531 2040 3.
2562 1974 2623 2040 3.
2675 1974 2736 2038 II
2780 1974 2819 2039 3
2860 1974 3049 2040 1325.

847 2080 900 2144 V
951 2079 1011 2144 9.
1047 2081 1164 2145 16.-

753 2191 1015 2274 Asper
1062 2194 1192 2253 ter:
1243 2188 1358 2253 Ad.
1406 2188 1501 2253 ΙΙΙ
1539 2189 1602 2254 2.
1633 2189 1717 2253 25
1761 2193 2003 2269 (contra
2042 2188 2374 2270 Probum).
2414 2188 2501 2254 IV
2542 2187 2604 2253 2.
2636 2187 2743 2253 20.
2785 2188 3048 2253 Phorm.

844 2294 875 2358 Ι
924 2294 986 2358 2.
1013 2293 1121 2359 24.

751 2401 844 2465 De
914 2400 1265 2486 Nigidio
1328 2403 1552 2465 statim
1616 2403 1903 2485 quaestio
1965 2401 2312 2479 suboritur,
2378 2422 2492 2465 cur
2556 2402 3046 2486 antiquissimus

659 2516 879 2578 auctor
936 2509 1170 2572 citetur
1231 2513 1488 2573 tantum
1553 2506 1632 2572 ad
1698 2507 2319 2592 Phormionem,
2382 2528 2699 2593 nusquam
2764 2507 2839 2570 ad
2903 2504 3051 2570 reli-

660 2635 816 2700 quas
875 2613 1141 2680 fabulas.
1207 2614 1346 2679 Hoc
1407 2621 1626 2679 autem
1685 2613 2026 2678 discrimen
2075 2635 2148 2679 eo
2196 2615 2407 2677 maius
2452 2619 2549 2678 est
2597 2613 2765 2699 quod
2810 2611 3045 2697 triplex

658 2720 908 2807 Nigidii
967 2723 1210 2785 mentio
1275 2742 1396 2785 usu
1457 2722 1650 2785 venit·
1699 2722 1765 2784 in
1830 2722 2041 2804 prima
2088 2722 2433 2785 commenti
2484 2726 2698 2805 parte,
2748 2740 2908 2804 quae
2955 2721 3048 2783 in-

659 2831 842 2912 tegra
908 2834 1159 2890 servata
1229 2831 1346 2891 est.
1416 2825 1654 2905 Quodsi
1724 2824 1925 2890 altera
1990 2847 2133 2911 pars
2198 2824 2591 2890 scholiorum
2620 2825 2689 2907 ¹),
2755 2845 2949 2910 quam
3010 2847 3047 2891 a

659 2931 1087 3017 Gompilatore
1149 2933 1454 2997 omissam
1519 2952 1652 2997 esse
1716 2932 2039 3009 vidimus,
2106 2937 2421 3010 exstaret,
2486 2930 2673 2997 valde
2721 2930 3049 3016 probabile

659 3043 757 3102 est
819 3040 882 3101 in
947 3057 1030 3101 ea⁴
1082 3058 1333 3121 quoque
1397 3040 1535 3103 eius
1598 3040 1995 3103 mentionem
2061 3036 2256 3103 semel
2318 3040 2684 3122 iterumque
2743 3039 3044 3102 iniectam

658 3144 876 3233 fuisse.
923 3142 1102 3207 Idem
1154 3141 1324 3208 valet
1373 3144 1448 3210 de
1497 3145 1801 3226 Probe,
1855 3147 1966 3229 qui
2013 3147 2081 3208 in
2127 3144 2324 3214 huius
2372 3145 2721 3209 commenti
2757 3142 3048 3227 reliquiis
3148 3193 3177 3206 ,

658 3251 848 3315 toties
909 3248 1038 3314 fere
1101 3251 1487 3325 nominatur,
1553 3252 1801 3336 quoties
1866 3251 1943 3314 ad
1993 3255 2231 3315 ceteras
2279 3249 2527 3314 fabulas
2576 3269 2815 3314 omnes.
2866 3248 3048 3328 Quod

659 3357 806 3422 hinc
866 3357 997 3420 iam
1062 3358 1448 3434 conicimus,
1513 3359 1835 3422 exstitisse
1884 3356 2219 3442 peculiare⁴
2251 3362 2694 3440 commentum
2741 3359 2807 3421 in
2856 3356 3047 3420 Phor-

657 3465 976 3538 mionem,
1047 3483 1172 3546 quo
1242 3484 1396 3528 usus
1467 3465 1552 3528 sit
1621 3462 1945 3540 Donatus,
2016 3463 2084 3527 id
2154 3484 2373 3528 revera
2436 3466 2725 3549 contigit.
2788 3460 3049 3528 Scilicet

659 3568 1105 3635 Charisius
1142 3571 1208 3631 in
1249 3571 1457 3654 capite
1500 3569 1574 3634 de
1615 3569 1917 3635 adverbio
1960 3592 2035 3634 ex
2076 3570 2397 3648 ἀφορμαῖς
2445 3568 2654 3634 Iulii
2696 3569 3046 3634 Romani

658 3696 768 3741 sex
831 3674 1368 3739 Phormionis
1431 3674 1602 3740 locos
1667 3674 1860 3756 (nihil
1924 3697 2002 3741 ex
2064 3674 2209 3740 aliis
2272 3675 2534 3756 fabulis)
2596 3679 2903 3752 asseruit,
2964 3674 3043 3739 ad

659 3802 821 3866 quos
883 3779 1298 3844 Romanus
1359 3783 1708 3846 sententias
1771 3784 2037 3867 ipsaque
2100 3781 2293 3846 verba
2358 3782 2753 3845 Arrun-tii
2815 3779 3043 3846 Celsi

657 3885 913 3952 rettulit
975 3885 1050 3950 de
1097 3884 1414 3951 adverbiis
1460 3889 1552 3951 ibi
1601 3908 1634 3952 a
1685 3887 1984 3952 Terentio
2032 3889 2387 3972 usurpatis,
2439 3907 2593 3951 usus
2642 3886 2861 3952 eadem
2907 3907 3048 3970 par-

728 4145 782 4212 1)
831 4148 1026 4210 Integra
1070 4161 1180 4211 pars
1223 4147 1496 4204 commenti,
1543 4147 1602 4193 ud
1639 4161 1703 4194 vs.
1745 4145 1956 4205 1—347,
1991 4144 2169 4194 scholia
2204 4144 2343 4194 habet
2382 4146 2498 4195 960.
2535 4145 2667 4194 Idem
2705 4161 2924 4195 versuum
2962 4162 3050 4196 nn·

657 4244 818 4278 merus
847 4228 941 4279 347
973 4228 1029 4276 ab
1061 4227 1202 4277 initio
1237 4227 1507 4276 Andriae
1543 4230 1591 4275 et
1622 4227 1915 4276 Eunuchi
1947 4227 2087 4275 habet
2116 4227 2299 4276 scholia
2328 4227 2425 4275 825
2446 4230 2495 4276 et
2514 4225 2637 4285 7833
2670 4230 2773 4276 tota
2813 4228 3050 4277 Andria

656 4315 743 4372 (vs.
779 4312 896 4372 981)
929 4311 1109 4360 scholia
1144 4310 1242 4359 fere
1279 4310 1426 4368 1990,
1460 4295 1799 4359 Eunuchus
1832 4313 1917 4370 (vs.
1958 4309 2106 4371 1094)
2141 4309 2239 4359 fere
2275 4311 2425 4360 2100.
2474 4309 2599 4359 Hinc
2634 4309 2770 4359 facile
2804 4313 3057 4374 computu·

655 4398 753 4452 tur,
788 4393 828 4442 si
867 4397 1104 4442 Donatum
1141 4392 1549 4442 Phormionis
1584 4395 1908 4441 commentum
1938 4391 2100 4441 eadem
2129 4408 2244 4440 cura
2273 4407 2367 4456 qua
2396 4392 2590 4442 initium
2621 4401 2667 4441 et
2693 4407 2786 4456 qua
2808 4391 3047 4441 Andriam

655 4482 705 4525 et
743 4476 1020 4525 Eunuchum
1057 4476 1115 4524 ad
1151 4477 1291 4524 finem
1325 4465 1598 4540 perduxisse
1631 4473 1880 4532 sumimus,
1918 4473 1969 4522 in
2004 4473 2094 4521 hac
2128 4472 2287 4522 fabula
2324 4475 2451 4524 1055
2488 4489 2714 4525 versuum
2750 4473 3045 4524 scholiorum

655 4573 908 4608 numerum
939 4557 1084 4606 fuisse
1121 4558 1219 4607 fere
1255 4557 1403 4606 2500.
1438 4549 1707 4622 Supersunt
1744 4559 1904 4606 autem
1943 4556 2097 4616 1430,
2132 4557 2295 4621 itaque
2332 4557 2581 4622 perierunt
2616 4556 2808 4608 circiter
2846 4557 2991 4606 1160.
