3392 5384
679 378 807 447 152
1207 341 1214 350 “
1421 414 1444 436 ·
1681 397 2057 446 rumorum.

671 566 902 627 ταῦτα.
975 561 1082 628 Sic
1149 562 1480 647 loquimur
1547 583 1698 626 cum
1767 561 2170 646 aliquatenus
2240 560 2647 627 concedimus
2707 583 2859 628 vera
2927 583 3064 628 esse

671 687 831 754 quae
901 666 1062 733 alter
1129 667 1396 746 dixerit,
1467 667 1657 732 modo
1720 669 1889 732 sinat
1957 670 2311 733 orationem
2373 668 2452 731 ad
2514 667 2644 733 alia
2708 667 3061 734 deflectere.

669 773 985 840 Similiter
1044 776 1358 860 corrigam
1423 772 1670 859 Cratyl.
1722 772 1960 838 431E:
2027 772 2168 841 ἔςω
2218 777 2428 836 ταῦτα
2476 794 2592 858 pro
2640 773 2761 841 ἔςι
2809 780 3063 852 ταῦτα,

669 881 862 945 sicuti
908 877 1210 965 Oratylus
1253 879 1481 944 itidem
1522 877 1851 964 respondit
1890 877 2018 942 431
2048 879 2120 955 A,
2168 897 2318 942 nam
2361 898 2486 942 non
2523 880 2647 942 nisi
2682 884 2953 964 gravate
2989 899 3066 943 ea

671 985 958 1052 concedit
1018 1006 1179 1071 quae
1241 988 1499 1050 omnino
1561 1004 1687 1049 non
1756 989 1971 1069 potest
2015 1003 2250 1069 negare
2297 989 2362 1048 et
2408 1004 2581 1050 nunc
2627 991 2797 1049 certe
2844 985 3066 1069 pergit

677 1089 959 1177 obloqui.

761 1307 922 1373 Ibid.
986 1306 1179 1373 43D:
1249 1305 1776 1385 ἀπαγγέλλουσιν
1849 1303 2094 1380 ἥκοντες
2163 1329 2322 1378 τινες
2400 1306 2523 1370 ἀπὸ
2600 1306 2842 1371 Σόυνίου
2918 1306 3061 1370 καὶ

672 1413 1131 1486 καταλιπόντες
1172 1414 1302 1478 ἐκεῖ
1336 1411 1510 1479 αὐτό.
1560 1411 1759 1478 Nullo
1793 1415 2052 1498 negotio
2088 1414 2402 1478 sentimus
2442 1415 2511 1476 in
2551 1416 2686 1477 tam
2725 1415 3066 1497 perspicuo

672 1521 1008 1586 enunciato
1055 1521 1469 1605 participium
1510 1519 1967 1590 καταλιπόντες
2007 1518 2276 1604 pendere
2317 1539 2395 1582 ex
2435 1520 2773 1603 participio
2816 1515 3065 1592 ἥκοντες

670 1628 888 1710 itaque
934 1627 1295 1691 coniunctio
1347 1624 1456 1689 καί
1503 1624 1929 1711 expungenda
1974 1629 2090 1689 est.
2140 1623 2247 1688 Sic
2293 1622 2532 1687 millies
2582 1629 2869 1688 erratum
2908 1623 3062 1703 fuit;

672 1731 988 1818 quomodo
1049 1729 1286 1798 Graece
1347 1731 1687 1797 dicendum
1736 1734 1855 1809 sit,
1905 1736 2053 1796 tum
2106 1728 2257 1795 alibi
2305 1750 2606 1815 persaepe
2657 1737 2754 1794 est
2804 1729 3063 1807 videre,

674 1843 818 1903 tum
862 1837 1020 1923 Rep.
1071 1837 1133 1903 II
1178 1858 1240 1923 p.
1291 1833 1532 1903 366A:
1602 1835 1948 1911 λισσόμενοι
2000 1835 2465 1915 ὑπερβαίνοντες
2518 1836 2621 1899 καὶ
2673 1835 3063 1915 ἀμαρτάνον-

674 1932 778 2018 τες
825 1945 1132 2016 πείθοντες
1180 1944 1406 2015 αὐτοὺς
1454 1942 1698 2024 ἀζήμιοι
1751 1940 2231 2020 ἀπαλλάξομεν.

763 2175 925 2244 Ibid.
974 2176 1164 2241 44B:
1227 2176 1333 2241 ἕάν
1397 2174 1486 2240 σὺ
1551 2174 1894 2256 ἀποθάνης,
1961 2178 2025 2241 οὔ
2091 2175 2210 2252 μία
2257 2172 2553 2254 ξυμφορά
2602 2175 2744 2243 ἔςιν.
2795 2173 3061 2259 Aliquid

674 2281 852 2348 deest
913 2281 1083 2368 quod
1142 2280 1224 2346 ad
1277 2279 1404 2347 loci
1467 2284 1850 2347 sententiam
1910 2285 2005 2346 est
2067 2301 2382 2367 perquam
2436 2282 2900 2345 necessarium:
2951 2281 3059 2344 ἐὰν

676 2387 754 2453 σὺ
804 2392 990 2468 (νῦν)
1037 2385 1367 2468 ἀποθάνῃς.

763 2621 927 2688 Ibid.
976 2621 1170 2686 44D:
1221 2617 1329 2686 οίοί
1374 2623 1430 2684 τ’
1480 2619 1627 2686 εἰσὶν
1675 2621 1728 2683 οἱ
1778 2619 1993 2684 πολλοὶ
2044 2621 2107 2686 οὐ
2150 2622 2235 2684 τὰ
2273 2618 2657 2698 σμικρότατα
2701 2625 2815 2684 τῶν
2858 2627 3063 2684 κακῶν

675 2727 1132 2808 ἐξεργάζεσθαι.
1183 2726 1363 2806 Quod
1410 2725 1803 2810 adscriptum
1852 2731 1945 2790 est
1994 2725 2167 2790 ἀλλά
2210 2725 2293 2789 τὰ
2332 2725 2582 2803 μάλιςα
2624 2725 2867 2804 σχεδόν,
2908 2725 3065 2791 facit

673 2840 750 2899 ut
811 2835 1128 2899 sententia
1184 2830 1510 2917 langueat.
1570 2830 1825 2894 Dicitur
1884 2828 2211 2916 eleganter
2256 2832 2323 2895 οὐ
2372 2831 2442 2896 τὸ
2490 2831 2899 2911 σμικρότατον
2946 2853 3065 2917 pro

675 2943 744 3005 τὸ
805 2940 1051 3004 πάντων
1110 2936 1400 3013 alyn-rov-
1473 2935 1693 3000 litotes
1758 2936 2055 3001 omnibus
2119 2938 2187 3001 in
2250 2958 2372 3001 usu
2437 2943 2532 3002 est
2592 2958 2707 3003 nec
2753 2939 3062 3023 cuiquam

675 3042 1097 3130 explicatione
1157 3063 1315 3127 opus
1378 3047 1494 3107 est.
1558 3040 1793 3106 Itidem
1852 3063 1914 3126 p.
1966 3039 2051 3106 52
2071 3042 2128 3106 A
2184 3044 2338 3106 satis
2387 3047 2519 3107 est:
2567 3044 2785 3122 φαμὲν
2834 3044 2937 3107 καὶ
2989 3045 3060 3106 σὲ

674 3159 821 3223 ταῖς
891 3150 1119 3219 αἲτίοιις
1196 3147 1499 3225 ἐνέξεσθαι
1564 3146 1666 3211 καὶ
1732 3147 1852 3224 οὐχ
1915 3144 2097 3220 ἤκιςα
2163 3148 2492 3222 Ἀθηναίων
2553 3147 2657 3226 σέ,
2707 3169 2820 3212 nec
2867 3147 3058 3214 Plato

675 3276 834 3341 opus
873 3255 1100 3319 habuit
1145 3252 1371 3318 addere
1417 3253 1597 3316 ἀλλ’
1649 3251 1723 3314 ἐν
1772 3259 1944 3323 τοῖς
1991 3245 2556 3338 admemquae
2592 3253 2786 3319 verba
2822 3252 3059 3318 sciolus

674 3362 978 3428 assumsit
1023 3380 1096 3425 ex
1146 3361 1229 3425 iis
1275 3378 1435 3445 quae
1482 3358 1773 3443 proxime
1820 3361 2194 3442 sequuntur.

766 3609 925 3675 Ibid.
976 3606 1166 3672 5513:
1218 3608 1252 3683 ἦ
1292 3605 1518 3676 εἴσοδος
1566 3612 1707 3679 τῆς
1758 3603 1982 3679 δίκης
2025 3603 2108 3676 εἰς
2150 3605 2220 3670 τὸ
2260 3604 2598 3685 δικαςήριον
2639 3607 2713 3676 ὥς
2758 3607 3058 3687 εἰσῆλθες,

677 3712 808 3790 ἐξὸν
876 3716 964 3791 μὴ
1035 3713 1348 3777 εἰσελθεῖν.
1419 3710 1599 3777 Duae
1666 3710 2211 3775 circumferuntur
2277 3709 2582 3777 lectiones
2656 3712 2929 3786 εἰσῆλθεν
2989 3718 3061 3778 et

677 3821 988 3896 είσῆλθες,
1037 3817 1146 3883 sed
1191 3818 1631 3901 unusquisque
1671 3814 1853 3881 videt
1894 3821 2211 3902 praestare
2252 3817 2523 3889 εἰσῆλθες
2548 3865 2563 3894 ,
2605 3838 2809 3903 quum
2840 3838 3065 3902 sequa-

677 3931 786 3991 tur
833 3925 961 4002 ἐξὸν
1007 3927 1094 4001 μὴ
1143 3924 1432 3988 εἷσελθεῒν
1478 3942 1676 4007 eaque
1722 3921 1913 3987 lectio
1954 3923 2151 3986 etiam
2192 3942 2268 3986 ex
2308 3925 2690 3989 correctione
2729 3922 3062 3989 Bodleiani

673 4030 828 4097 libri
874 4035 990 4096 est.
1040 4029 1278 4095 Verum
1325 4033 1592 4114 apparet
1630 4029 1872 4093 servari
1909 4048 2033 4092 non
2074 4027 2299 4092 debere
2337 4035 2443 4100 τῆς
2490 4028 2692 4107 δίκης,
2742 4048 2895 4093 nam
2932 4030 3063 4096 dici

678 4158 828 4202 sane
891 4140 1101 4222 potest
1163 4136 1196 4209 ἧ
1246 4133 1470 4205 εἴσοδος
1515 4141 1623 4206 τῆς
1677 4133 1843 4206 δίκης
1893 4135 1968 4205 ὥς
2021 4134 2314 4212 εἰσῆλθεν,
2363 4133 2471 4199 sed
2517 4135 2828 4200 absonum
2876 4140 2973 4200 est
3023 4136 3057 4209 ἦ

678 4240 901 4316 εἴσοδος
950 4249 1058 4316 τῆς
1107 4241 1274 4314 δίκης
1322 4241 1398 4312 ὥς
1450 4239 1747 4311 εἰσῆλθες.

772 4471 933 4538 Ibid.
977 4469 1161 4538 480:
1213 4471 1439 4537 ἐνθένδε
1481 4469 1805 4551 πειρᾶσθαι
1850 4467 2070 4547 ἐξιέναι
2108 4472 2221 4550 uis
2248 4470 2550 4555 ἀφιέντ’
2572 4495 2663 4536 ων
2703 4471 3062 4547 ’Λθηναίων.
