3392 5384
612 1109 757 1201 AD
827 1108 1491 1200 APOLLODORI
1563 1108 2403 1201 BlBLIOTHECAM.

1383 1345 1631 1388 SORIPSIT

1062 1528 1134 1598 G.
1184 1529 1379 1598 GUL.
1430 1529 1958 1598 VOLLGRAFF.

1319 1835 1712 1875 m

413 2093 600 2161 'Peste
659 2091 892 2159 Photio
953 2091 1115 2173 (cod.
1169 2091 1323 2172 186)
1369 2081 1760 2176 Apollodori
1786 2111 1945 2177 quae
1993 2092 2228 2160 dicitur
2271 2096 2706 2164 bibliothecae

318 2201 625 2268 versiculi
671 2199 933 2287 quidam
978 2198 1247 2283 praefixi
1294 2203 1473 2263 erant
1519 2199 1585 2261 in
1633 2197 1804 2262 hunc
1847 2199 2146 2266 modum:

596 2308 815 2378 Λῖῶνος
866 2304 1140 2383 πείρημοι
1192 2302 1637 2382 ἀφυσσάμενος
1686 2304 1802 2366 ἀπ’
1850 2305 2017 2381 ε’μεῖο

688 2410 971 2486 ποιιδείης
1018 2410 1238 2487 μύθους
1289 2412 1470 2486 γνῶθι
1520 2410 1984 2488 παλαιγενέας,

597 2517 741 2594 μηδ’
793 2518 851 2590 ἐς
907 2516 1237 2594 Ὁμηρείην
1284 2513 1480 2579 σελίδ’
1528 2513 1855 2593 ἔμβλεπε,
1905 2516 2049 2593 μηδ’
2099 2517 2398 2598 emmim,

687 2626 774 2701 μὴ
823 2624 1122 2702 τραγικὴν
1171 2625 1449 2699 Μοῦσαν,
1497 2619 1649 2696 μηδὲ
1696 2623 2155 2702 μελογροοφέην,

598 2732 685 2808 μῆ
734 2731 993 2792 κυκλίων
1042 2727 1209 2808 ζήτει
1259 2728 1585 2804 πολύθρουν
1635 2727 1888 2809 στίχον·
1939 2729 2026 2801 εἷς
2076 2729 2185 2806 ἐμὲ
2234 2729 2285 2794 δ’
2332 2731 2518 2812 ἀθρῶν

687 2835 955 2916 εὑρήσεις
1002 2834 1062 2896 ἓν
1112 2833 1241 2911 ἐμοὶ
1291 2833 1471 2897 πάνθ’
1518 2829 1633 2897 ὅσοι
1682 2833 1912 2910 κόσμος
1959 2833 2116 2917 ἔχει.

322 2941 745 3029 Epigramma
790 2940 1099 3005 habemus
1146 2959 1182 3004 a
1228 2960 1367 3005 sero
1407 2942 1833 3025 grammatico
1875 2941 2269 3021 confectum,
2313 2942 2420 3008 sed
2461 2948 2709 3024 tamen,

322 3057 401 3114 ut
460 3051 667 3134 ipsius
729 3046 949 3110 Photii
1012 3046 1226 3111 verbis
1274 3051 1438 3123 utar,
1486 3045 1593 3108 οὐκ
1640 3043 1945 3123 ἄκομψον.
2011 3045 2086 3110 In
2133 3068 2259 3132 quo
2306 3069 2455 3113 cum
2504 3055 2712 3116 cetera

325 3156 541 3219 omnia
586 3157 881 3238 apertum
922 3149 1329 3215 intellectum
1371 3150 1670 3228 habeant,
1721 3153 1917 3236 primi
1955 3150 2210 3217 distichi
2252 3154 2487 3218 tradita
2521 3155 2710 3222 lectio

325 3259 809 3324 difficultatibus
850 3247 1228 3343 quibusdam
1270 3259 1588 3342 premitur
1625 3260 1793 3320 natis
1831 3257 2003 3321 haud
2043 3257 2234 3322 dubie
2265 3280 2298 3323 e
2325 3261 2710 3345 corruptela.

323 3366 622 3431 Primum
698 3367 869 3430 enim
940 3364 1145 3434 οιῖῶνος
1217 3365 1526 3441 mimum,
1599 3363 1770 3447 quod
1838 3366 2261 3428 novissimum
2339 3364 2712 3451 Apollodori

322 3471 633 3537 editorem
680 3472 748 3533 in
795 3475 1097 3535 contextu
1142 3470 1481 3534 retinuisse
1528 3471 1682 3532 satis
1728 3470 1949 3533 mirari
1995 3490 2122 3534 non
2169 3491 2466 3555 possum,
2517 3471 2713 3537 nihili

324 3582 443 3642 est.
505 3577 666 3642 Rem
725 3597 841 3640 acu
888 3578 1111 3661 tetigit
1157 3573 1509 3639 Salmasius
1555 3573 1884 3660 eleganter
1931 3577 2271 3642 rescribere
2318 3595 2709 3663 proponens:

326 3683 677 3762 σπείρημοι,
724 3681 830 3748 vel
876 3684 1095 3767 potius
1143 3683 1538 3761 σπειρήματ’,
1588 3686 1664 3746 ut
1711 3681 1906 3746 simul
1954 3704 2212 3748 versum
2255 3683 2711 3750 molestissimo

325 3791 513 3854 hiatu
557 3787 877 3854 liberaret.
926 3787 1030 3852 Sic
1077 3793 1296 3852 autem
1342 3787 1419 3851 de
1467 3790 1782 3852 sententia
1825 3787 2004 3853 nulla
2051 3795 2260 3874 potest
2301 3810 2435 3854 esse
2474 3795 2714 3856 contro·

325 3899 554 3963 versia.
620 3893 933 3959 Videlicet
980 3895 1099 3959 hoc
1144 3893 1289 3960 vult
1332 3899 1552 3978 poeta:
1606 3894 1894 3972 „hauriri
1940 3900 2151 3980 potest
2198 3917 2290 3960 ex-
2322 3897 2439 3961 hac
2486 3894 2712 3961 biblio-

324 4003 513 4067 theca
576 4003 1067 4087 praeteritorum
1117 3998 1516 4064 saeculorum
1564 4006 1629 4064 et
1673 4003 1916 4085 priscae
1962 4003 2366 4087 antiquitatis
2413 3999 2710 4067 notitia.'’

698 4103 999 4188 Temporis
1042 4104 1141 4168 hie
1186 4105 1451 4186 releqens
1495 4104 1736 4168 sinuosa
1784 4105 2106 4185 volumina,
2156 4105 2381 4171 chartis

554 4287 564 4299 κ
780 4211 940 4274 disce
983 4209 1126 4274 meis
1171 4209 1466 4296 quidquid
1494 4210 1730 4294 sabula
1761 4210 1977 4292 prisca
2023 4213 2243 4298 refert,

324 4313 712 4384 Salmasium
774 4321 1030 4381 secutus
1092 4319 1290 4382 vertit
1349 4315 1549 4402 Hugo
1598 4314 1902 4395 Grotius3
1952 4320 2097 4401 qui,
2143 4323 2220 4382 ut
2264 4315 2449 4383 facile
2496 4315 2711 4384 videre

326 4433 456 4504 est,
506 4431 780 4490 ceteram
826 4423 950 4488 loci
997 4421 1439 4487 difficultatem
1488 4425 1686 4489 sensit
1727 4429 1792 4488 et
1833 4421 2045 4488 elusit.
2093 4421 2351 4488 Etenim
2396 4425 2508 4486 ἀπ’
2542 4425 2712 4499 ἐμεῖο

328 4531 642 4610 παιδείης,
692 4530 893 4616 quod,
942 4532 997 4594 si
1041 4532 1417 4615 interpretes
1464 4531 1641 4615 sequi
1688 4536 1946 4615 paratus
1993 4551 2091 4609 es,
2134 4530 2569 4616 accipiendum
2615 4539 2711 4596 est
