3392 5384
1391 431 1702 480 nonnus
2613 412 2749 478 213

451 599 548 682 (5)
601 600 754 677 „ubi
805 605 871 663 tu
926 597 1146 663 voles’'
1197 620 1319 664 non
1373 597 1709 676 „amator”
1758 597 1867 662 sed
1919 598 2105 675 „tu'’.
2242 597 2518 664 Puerile.

449 706 609 771 Ibid.
665 705 750 771 38
812 705 867 770 E
913 705 1175 770 flamma
1219 713 1433 790 petere
1480 710 1545 770 te
1594 705 1812 769 cibum
1859 725 2041 789 posse
2090 705 2362 770 arbitror

445 812 565 893 (l),
603 811 787 877 Unde
835 796 1247 877 sine¹damno
1294 817 1411 876 aut
1459 811 1632 876 malo
1684 809 1848 875 nihil
1896 815 2106 896 potest
2162 812 2431 890 auferri;
2502 849 2585 860 —-
2650 799 2745 894 (2)

359 940 434 997 „e
481 918 786 984 flamma”
835 919 940 984 hic
987 918 1394 1004 intellegitur
1438 939 1562 982 non
1611 938 1645 982 e
1695 918 1869 992 foce,
1904 904 2027 982 'sed
2076 939 2150 982 ex
2193 917 2406 983 medio
2440 921 2592 1005 igne
2632 926 2745 984 aut

353 1046 430 1090 ex
493 1026 804 1091 incendio.
868 1062 950 1073 -—
1014 1025 1183 1090 Nam
1247 1027 1591 1110 antiquum
1656 1025 1928 1089 verbum
1992 1032 2087 1090 est
2138 1027 2401 1101 „cibum
2447 1031 2660 1111 petere
2710 1047 2743 1090 e

352 1131 680 1197 flamma'’.
820 1131 915 1213 (3)
953 1132 1282 1196 Mordicus
1321 1137 1692 1216 utrumque.
1733 1129 1943 1196 Simu]
1986 1141 2051 1196 et
2090 1135 2331 1197 nescias
2368 1122 2559 1218 quem
2598 1132 2744 1219 plus

350 1241 852 1324 vituperaverit,
916 1240 1193 1304 huiusne
1247 1239 1488 1304 famem
1537 1259 1613 1303 an
1658 1237 1838 1303 illius
1883 1241 2359 1304 immanitatem
2410 1239 2518 1305 vel
2563 1261 2743 1306 vora-

348 1347 590 1431 ginem.
754 1345 849 1427 (4)
909 1345 996 1410 Et
1054 1345 1252 1411 simul
1314 1345 1460 1412 vide
1525 1344 1692 1409 unde
1748 1347 2105 1410 convitium
2163 1345 2525 1423 redditum,
2576 1346 2743 1411 unde

349 1459 727 1537 congestum
775 1456 908 1529 est,
957 1452 1024 1516 id
1072 1459 1168 1517 est
1217 1453 1292 1516 de
1341 1457 1628 1538 egestate
1676 1446 1868 1537 atq'ue
1917 1454 2241 1537 pauperie.

441 1559 673 1624 Marx
720 1558 798 1623 ad
847 1559 1001 1624 Luc.
1045 1557 1176 1625 657
1217 1559 1401 1624 docet
1441 1559 1858 1644 proverbium
1902 1558 2347 1624 verisimiliter
2386 1561 2503 1625 hoc
2544 1561 2741 1627 fuisse

351 1665 620 1742 „Petere
691 1686 922 1730 aurum
995 1686 1028 1729 e
1098 1659 1359 1730 flamma
1429 1686 1463 1729 e
1533 1686 1727 1730 coeno
1792 1666 2008 1729 cibum
2071 1665 2459 1743 mordicus'',
2523 1669 2740 1753 itaque

347 1773 634 1856 suspicor
695 1776 992 1856 exempto
1052 1773 1232 1836 inani
1293 1770 1716 1847 emblemate,
1785 1770 2111 1836 Donatum
2177 1793 2305 1837 uno
2371 1779 2586 1838 tenore
2649 1776 2739 1839 sic

347 1877 626 1943 dedisse:
696 1877 920 1955 „Unde
1130 1878 1400 1957 auferri;
1466 1899 1616 1942 nam
1663 1883 1795 1942 ant.
1861 1900 1927 1944 v.
1992 1884 2089 1943 est
2140 1900 2233 1957 „c.
2284 1901 2346 1965 p.
2396 1900 2430 1944 e
2478 1879 2737 1946 flamma

349 1982 505 2060 <vel
553 1984 860 2062 caeno>'',
912 1985 1234 2050 mordicus
1283 1985 1696 2071 utrumque.''

438 2089 604 2158 Cum
667 2090 764 2171 (3)
827 2096 892 2156 et
952 2091 1047 2173 (4)
1108 2093 1221 2157 vix
1282 2090 1480 2156 simul
1543 2091 1791 2157 Donato
1854 2091 2127 2157 adscribi
2186 2095 2463 2178 possint,
2514 2095 2575 2158 ei
2619 2095 2737 2160 hoc

348 2199 567 2282 potius
633 2216 823 2282 quam
888 2196 1054 2262 illud
1097 2199 1596 2283 imputaverim,
1646 2197 1819 2282 quod
1862 2196 2089 2262 Editor
2134 2201 2446 2283 superiori
2493 2198 2736 2266 scholio

344 2302 420 2368 de
467 2304 803 2389 proverbio
851 2303 1156 2368 adnexuit
1202 2325 1316 2390 per
1359 2304 1574 2381 simul,
1625 2305 1751 2380 sic,
1799 2310 1993 2389 puto,
2043 2303 2453 2390 intelligens:
2512 2326 2546 2369 e
2599 2327 2736 2391 pro·

342 2410 560 2475 verbio
610 2409 806 2475 simul
846 2410 1152 2474 discimus
1192 2409 1452 2496 perinde
1495 2412 1851 2495 vituperari
1893 2408 2206 2488 militem,
2249 2413 2401 2495 quia
2439 2410 2735 2478 flammae

341 2518 812 2582 immanitatem
854 2516 1104 2593 habeat,
1151 2537 1220 2581 ac
1269 2519 1626 2601 parasitum
1677 2521 1943 2602 propter
1990 2517 2115 2581 cibi
2163 2517 2404 2582 famem
2450 2525 2513 2583 et
2559 2539 2735 2584 vora-

342 2624 564 2708 ginem
597 2622 643 2704 ¹)
689 2621 1141 2688 insatiabilem.

431 2728 592 2795 Ibid.
644 2729 730 2793 42
756 2729 850 2811 (3)
899 2735 962 2795 et
1007 2729 1102 2812 (5)
1150 2729 1227 2795 cf.
1280 2749 1473 2816 supra
1521 2751 1582 2814 p.
1629 2727 1737 2792 22.

431 2834 593 2900 Ibid.
643 2835 729 2900 46
778 2835 873 2917 (1)
921 2842 984 2902 et
1031 2836 1127 2917 (2)
1182 2858 1380 2901 unum
1428 2834 1747 2900 scholium
1795 2833 1957 2899 Don.
2007 2834 2284 2901 effecisse
2331 2796 2652 2903 videntur.

428 2941 588 3007 Ibid.
631 2941 716 3006 48
757 2941 879 3007 Fac
918 2964 1134 3020 cures,
1177 2945 1230 3006 si
1275 2943 1433 3008 forte
1473 2942 1599 3007 huc
1638 2938 1945 3007 Chremes
1984 2939 2348 3019 advenerit,
2377 2947 2451 3007 ut
2478 2964 2652 3008 ores.

431 3050 763 3124 Οἷκονομίκ
828 3048 906 3114 ad
964 3048 1148 3114 litem
1211 3050 1497 3114 futuram
1562 3053 1627 3114 et
1685 3050 1937 3114 exitum
1986 3048 2274 3126 fabulae,
2325 3056 2390 3114 et
2436 3050 2553 3115 hoc
2601 3073 2727 3116 non

213 3235 218 3238 ¹
337 3156 517 3222 audit
578 3155 786 3221 miles.
926 3155 1058 3223 Gur
1116 3177 1240 3221 non
1303 3153 1529 3221 audit?
1577 3157 1890 3219 nimirum
1939 3177 2018 3220 ne
2067 3159 2433 3221 oeconomia
2480 3164 2727 3242 pertur-

335 3264 612 3328 baretur.
674 3263 898 3348 Itaque
945 3261 1574 3360 Interpolatoris'est
1631 3262 1801 3347 quod
1859 3260 2027 3326 male
2084 3265 2408 3347 sequitur:
2468 3285 2616 3329 nam
2672 3269 2727 3330 si

335 3369 620 3447 audiret,
671 3372 864 3435 nimis
909 3373 1307 3436 irasceretur.

429 3586 521 3652 III
573 3585 634 3652 3.
662 3585 748 3653 27
797 3588 932 3653 Rus
982 3608 1055 3652 eo

430 3694 553 3760 Pro
614 3697 856 3780 potiore
916 3696 1179 3781 negotio
1231 3692 1426 3772 „rus”
1478 3695 1716 3777 posuit.
1829 3691 2136 3769 Addidit,
2188 3695 2430 3778 opinor,
2483 3693 2613 3758 IP:
2664 3702 2729 3760 et

339 3803 544 3867 maior
590 3804 849 3887 negatio
897 3807 1026 3880 est,
1076 3821 1268 3887 quam
1316 3803 1373 3864 si
1422 3799 1658 3865 diceret
1711 3821 1879 3877 „non
1930 3791 2121 3866 venio
2163 3798 2355 3865 huc’'.
2419 3799 2725 3866 Eiusdem

337 3907 580 3972 farinae
624 3913 755 3972 est:

424 4014 585 4079 Ibid.
639 4014 725 4079 28
793 4014 975 4092 „Non
1024 4035 1321 4099 possum,
1370 4003 1678 4098 inquam’''
1729 4011 1877 4098 plus
1922 4019 2020 4078 est
2067 4034 2260 4098 quam
2313 4012 2572 4090 „nolo’'.

425 4227 540 4292 III.
591 4227 652 4293 4.
683 4227 881 4314 4sqq.
960 4230 1243 4314 Antipho
1306 4230 1554 4315 quaerit
1619 4227 2009 4306 Chaeream,
2075 4231 2185 4314 qui
2247 4250 2398 4295 mox
2463 4228 2726 4315 adparet
2792 4219 2797 4224 ⁸

334 4336 610 4401 eunuchi
658 4341 838 4401 veste
885 4336 1188 4401 indutus:

402 4570 454 4635 1)
474 4569 596 4619 Tum
613 4569 764 4634 igitur
781 4569 831 4619 in
848 4572 918 4633 (3)
935 4569 1297 4632 corrigendum:
1321 4568 1492 4618 ‚huius
1509 4568 1683 4618 famem
1699 4568 1777 4618 vel
1795 4567 2068 4632 voraginem
2088 4583 2149 4617 an
2167 4567 2301 4618 illius
2319 4568 2721 4621 immanitatem?
