3392 5384
714 433 795 498 14
943 423 952 430 ’
1745 443 2054 496 nomm.

810 614 897 680 IV
956 613 1023 681 ¹7.
1050 612 1136 680 37
1187 613 1283 696 (2)
1350 614 1519 679 Bene
1593 612 2101 690 ‚‚iracundiam’',
2169 633 2316 677 nam
2384 615 2510 676 ira
2577 611 2653 676 de
2716 633 2904 678 causa
2964 620 3060 679 est
3079 662 3095 692 ,

710 723 735 783 i
761 741 953 784 racu
972 719 1165 784 ndia
1226 719 1301 784 de
1362 721 1524 784 vitio
1579 717 1866 783 multum
1914 719 2262 782 irascentis.
2447 715 2501 780 V
2549 715 2609 781 3.
2637 716 2678 782 8
2705 717 2800 798 (2)
2847 719 2971 783 ira
3017 718 3095 782 de

715 845 907 889 causa
954 829 1075 902 est,
1127 826 1199 888 ir
1217 844 1254 887 a
1271 844 1303 887 c
1318 844 1360 887 u
1378 846 1419 886 n
1438 822 1477 886 d
1493 825 1518 886 i
1533 844 1570 887 a
1617 823 1692 887 de
1739 822 2045 887 moribus.
2182 821 2368 886 Item.

808 1011 996 1077 Hec.
1046 1010 1109 1075 II
1163 1011 1219 1077 1.
1252 1011 1328 1074 11
1360 1009 1456 1091 (3)
1503 1009 1996 1089 Resciscere
2035 1015 2130 1074 est
2169 1019 2417 1088 (cum)
2457 1011 2628 1094 quod
2668 1009 2742 1076 de
2779 1011 3096 1075 industria

717 1117 959 1182 celatur
1004 1119 1117 1182 vix
1164 1121 1693 1201 argumentorum
1735 1118 1806 1179 vi
1843 1117 2233 1200 agnoscitur.
2371 1114 2466 1180 III
2508 1114 2566 1180 1.
2594 1114 2632 1179 5
2676 1115 3094 1192 „resciscere”

723 1229 941 1288 autem
993 1228 1091 1286 est
1134 1224 1244 1286 vix
1294 1223 1603 1306 reperire,
1651 1220 1819 1304 quod
1869 1223 2108 1303 (quis)
2160 1220 2236 1284 de
2279 1219 2596 1285 industria
2642 1226 2904 1305 quaerat
2943 1219 3100 1284 cela-

714 1334 886 1393 tum.
1077 1326 1132 1390 V
1180 1327 1241 1390 4.
1270 1324 1355 1391 27
1405 1325 1501 1408 (4)
1544 1329 2000 1390 resciscere
2046 1330 2143 1389 est
2201 1345 2648 1410 recognoscere
2708 1331 2774 1390 et
2832 1327 2944 1389 vix
3007 1327 3103 1388 in-

715 1436 944 1499 venire
964 1481 979 1509 ,
1030 1432 1197 1516 quod
1264 1435 1407 1516 quis
1467 1433 1780 1496 nescierit.
1964 1430 2106 1497 Hoc
2150 1433 2416 1496 tertium
2463 1431 2678 1516 prodit
2722 1432 3102 1515 imperitum

704 1541 1121 1603 imitatorem.

797 1724 1111 1790 Phorm.
1161 1723 1223 1788 11
1264 1722 1303 1787 3
1334 1724 1385 1787 B
1416 1722 1451 1788 7
1478 1724 1575 1804 (1)
1624 1725 1888 1808 „Neque
1936 1726 2074 1788 eius
2120 1729 2367 1809 patrem
2416 1745 2483 1788 se
2531 1723 2734 1788 scire’'
2775 1724 3094 1808 ambigui-

704 1835 833 1906 tas,
898 1850 1057 1913 quae
1119 1835 1335 1894 tamen
1399 1829 1781 1894 discernitur
1826 1849 2040 1893 censu.
2179 1827 2339 1893 Ibid.
2390 1829 2442 1892 B
2491 1827 2574 1892 19
2603 1828 2699 1907 (1)
2751 1828 2872 1906 „Se
2919 1829 3091 1892 hunc

705 1933 1076 2020 negligere’'
1125 1935 1515 2012 ἀμφιβολία,
1568 1934 1676 1998 sed
1724 1954 1885 2017 quae
1923 1955 2112 1999 sensu
2154 1933 2548 2000 dissolvitur.
2688 1933 2810 1997 Vix
2844 1940 3093 1998 utrum-

706 2060 828 2123 que
893 2038 970 2103 D.
1035 2038 1210 2103 dedit
1270 2039 1427 2104 locis
1488 2045 1621 2103 tam
1680 2042 2090 2125 propinquiS,
2141 2060 2294 2124 ergo
2340 2040 2595 2104 attende
2642 2042 3091 2124 repetitionem

705 2147 982 2209 inveniri
1028 2146 1093 2208 in
1140 2144 1361 2209 eadem
1408 2143 1689 2208 serie*B.

793 2249 1009 2315 Habes
1048 2253 1457 2334 repetitiones
1500 2270 1720 2314 omnes
1764 2249 1899 2327 vel,
1940 2252 1996 2313 si
2037 2270 2191 2334 quas
2234 2251 2396 2315 forte
2437 2253 2662 2327 omisi,
2703 2251 2832 2315 fere
2867 2271 3089 2315 omnes

703 2376 863 2439 quae
909 2355 1069 2420 locis
1115 2341 1357 2419 dissitis
1404 2358 1822 2440 reperiantur.
1871 2355 2041 2420 Satis
2086 2376 2263 2420 rarae
2303 2363 2454 2420 sunt
2491 2361 2554 2420 et
2593 2362 2855 2421 naturae
2895 2364 3090 2440 atque

705 2462 973 2545 originis
1035 2461 1353 2537 diversae,
1420 2482 1569 2526 cum
1628 2461 1819 2526 modo
1883 2461 1960 2526 D.
2024 2463 2162 2546 ipse
2211 2482 2276 2525 se
2324 2469 2608 2546 repetat,
2656 2460 2849 2526 modo
2893 2460 3087 2526 illum

703 2568 1032 2651 magister,
1096 2566 1284 2630 modo
1338 2586 1567 2630 manus
1613 2573 1995 2652 agnoscatur
2040 2566 2163 2643 IP,
2211 2569 2394 2632 cuius
2440 2566 2680 2631 scholia-
2726 2574 2946 2652 postea
2992 2587 3088 2630 ac-

706 2675 989 2736 curatius
1046 2673 1483 2736 tractabimus,
1547 2671 1844 2736 Duorum
1897 2677 2345 2757 excerptorum
2399 2672 2750 2749 industria,
2808 2693 3085 2757 quorum

705 2798 893 2861 opera
953 2777 1241 2842 Donatus
1298 2779 1435 2861 ipse
1497 2779 1864 2853 evanuerit,
1928 2797 2245 2861 nusquam
2306 2777 2830 2861 deprehenditur;
2877 2780 3086 2842 immo

702 2885 886 2946 iuxta
948 2888 1245 2966 excerpta
1300 2883 1736 2966 cuiuscunque
1783 2885 2061 2947 auctoris
2107 2888 2172 2946 et
2217 2885 2471 2967 generis
2518 2904 2842 2968 semper
2887 2904 3090 2947 com-

704 2994 945 3072 paret
987 2993 1545 3052 commentum
1592 2986 1930 3072 plenum
1978 2994 2056 3052 et
2101 3009 2606 3073 germanum.

796 3189 856 3254 b.
903 3188 1141 3253 Schobia
1185 3188 1415 3253 similia
1457 3189 1540 3252 ad
1582 3190 1810 3254 eosdem
1853 3211 2074 3255 versus.

793 3355 1033 3419 Andr.
1096 3355 1126 3419 I
1188 3354 1438 3437 2.2(1)
1502 3355 1642 3421 Non
1687 3359 1960 3421 ‘recessit
2010 3356 2085 3420 de
2127 3355 2268 3421 loco
2314 3377 2505 3422 senex
2521 3376 2538 3434 ς
2593 3355 2842 3433 „sensi”
2891 3376 3082 3442 ergo:

703 3465 1044 3545 antequam
1090 3482 1241 3526 cum
1286 3459 1465 3525 Sosia
1508 3460 1686 3545 loqui
1728 3465 2052 3546 coepisset.
2186 3462 2290 3527 Sic
2330 3461 2406 3526 D.
2517 3460 2680 3526 Ibid.
2707 3463 2802 3544 (3)
2848 3462 3079 3540 „modo

701 3564 1010 3644 <sensi>''
1076 3570 1418 3648 antequam
1478 3586 1626 3629 cum
1672 3564 1854 3630 Sosia
1898 3565 2078 3650 loqui
2123 3555 2451 3652 coepisset.
2613 3567 2934 3653 Repetitio
2982 3589 3085 3632 eo-

698 3670 969 3735 rundem
1015 3670 1359 3735 verborum
1406 3669 1483 3734 ad
1528 3670 1800 3734 eundem
1852 3692 2108 3736 versum
2148 3693 2405 3756 prorsus
2445 3692 2617 3750 rara,
2662 3693 2852 3756 quam
2895 3669 3088 3738 Com-

698 3773 933 3859 pilator
998 3777 1069 3838 iu
1133 3777 1424 3860 margine
1496 3774 1876 3859 exemplaris
1949 3778 2282 3841 inventam
2353 3777 2702 3862 dormitans
2772 3783 2914 3862 post
2982 3778 3084 3858 (1)

698 3884 936 3944 iterum
982 3879 1230 3945 intulit.

790 3984 853 4049 ΙΙ
903 3985 962 4050 6.
990 3985 1076 4050 26
1124 3985 1440 4065 Quidnam
1488 3986 1606 4052 hoc
1654 3989 1748 4051 rei
1796 3983 1932 4051 est?
1980 3986 2147 4065 Quid
2195 3986 2342 4051 vult
2388 3993 2708 4052 veterator
2755 3985 2920 4052 sibi?

698 4091 793 4171 (1)
860 4090 1219 4169 „Quidnam
1282 4090 1399 4154 hoc
1460 4093 1553 4154 rei
1610 4091 1752 4155 est''
1817 4092 2010 4156 verba
2058 4096 2208 4154 sunt
2253 4112 2470 4156 secum
2519 4095 2862 4177 cogitantis
2911 4095 3080 4156 senis

697 4203 811 4261 aut
875 4196 951 4260 de
999 4197 1099 4260 his
1148 4216 1309 4280 quae
1356 4216 1523 4259 nunc
1571 4196 1827 4261 locutus
1874 4202 1971 4260 est
2018 4195 2273 4273 Davus,
2323 4203 2436 4260 aut
2485 4197 2560 4261 de
2607 4198 3083 4285 adventu-mu-

696 4301 967 4378 lierum,
1032 4321 1190 4385 quae
1250 4303 1318 4363 in
1380 4321 1670 4366 scaenam
1737 4302 2026 4365 veniunt.
2211 4300 2305 4380 (2)
2367 4301 2672 4366 Pulsatus
2733 4308 2831 4366 est
2889 4323 3082 4366 senex

696 4411 1077 4492 argumento
1141 4405 1446 4469 falsarum
1509 4408 1882 4490 nuptiarum
1945 4404 2327 4490 „paululum
2376 4407 2662 4471 obsonii''
2714 4406 2803 4484 (II
2848 4407 2921 4493 2.
2941 4407 3080 4486 23),

697 4517 1027 4595 tamquam
1078 4531 1142 4574 se
1189 4511 1492 4580 illuderet
1536 4510 1778 4575 Davus.
1919 4511 2015 4590 (4)
2063 4511 2148 4573 Et
2194 4511 2264 4574 hi
2311 4510 2434 4576 duo
2477 4533 2700 4576 versus
2737 4512 3088 4577 ostendunt
