3392 5384
661 411 748 479 ¹72
1517 432 1775 481 Minoes
1819 432 2204 481 mromnus.

754 595 920 660 Ibid.
970 595 1079 661 21.
1144 595 1434 661 Perlecto
1496 600 1632 661 toto
1696 598 1901 682 capite
1949 603 2219 682 apparet
2266 599 2535 662 minime
2584 598 2885 664 tentanda
2922 620 3060 667 esse

661 700 856 767 verba
904 705 1124 765 παῦλα
1168 703 1269 765 καὶ
1315 696 1427 765 οἷον
1471 702 1767 778 θάνατος,
1811 704 2042 787 quibus
2082 702 2270 768 solito
2310 725 2485 769 more
2524 711 2787 769 excusat
2833 712 3058 771 auctor

656 809 832 872 vocis
894 806 1155 878 θάνατος
1223 807 1556 872 audaciam
1615 812 1841 893 utpote
1898 830 2127 893 parum
2189 812 2444 894 proprie
2493 809 2568 874 de
2614 811 3052 875 intentionum

657 912 764 977 vel
836 913 1211 996 opinionum
1280 914 1624 977 cessatione
1689 912 2033 978 adhibitae.
2104 914 2302 979 Porro
2364 917 2623 979 omnino
2686 916 3049 1001 recipienda

659 1024 794 1082 erat
854 1016 1048 1083 lectio
1106 1017 1284 1082 codd.
1337 1018 1473 1097 AD,
1522 1021 1636 1103 qui
1681 1021 1749 1082 in
1800 1019 2013 1083 verbis
2062 1020 2309 1091 πολλὰς
2358 1021 2659 1098 διαφοράς
2710 1022 2813 1085 καὶ
2861 1046 3056 1098 μετα-

659 1122 858 1199 βολὰς
911 1124 1012 1186 καὶ
1070 1122 1402 1197 άπολήξεις
1457 1124 1737 1201 εὑρίσκων
1787 1129 1933 1208 apte
1981 1125 2311 1202 διαφθορὰς
2361 1125 2681 1190 exhibent.
2756 1124 3046 1212 Denique

659 1250 809 1293 cum
845 1249 1027 1293 suam
1066 1231 1273 1314 ipsius
1314 1232 1518 1295 vitam
1559 1229 2033 1314 contempletur
2073 1236 2287 1295 noster
2326 1230 2431 1309 (cf.
2476 1231 2575 1294 ἐπὶ
2617 1231 2753 1307 βίον
2794 1237 2894 1297 τὸν
2935 1233 3051 1296 ὑπὸ

659 1338 742 1413 τῷ
816 1336 1095 1415 πάππῳ,
1168 1330 1308 1398 εἶτα
1377 1336 1479 1399 τὸν
1546 1337 1659 1401 ὑπὸ
1722 1345 1798 1415 τῇ
1863 1336 2048 1412 μητρί
2114 1336 2318 1420 usui.)
2381 1338 2648 1401 minime
2695 1338 3043 1422 spernenda

660 1439 1006 1505 eorundem
1051 1439 1228 1505 codd.
1276 1440 1468 1507 lectio
1513 1447 1546 1518 ἡ
1594 1445 1701 1505 τοῦ
1752 1437 1890 1505 ὅλου
1937 1444 2042 1505 σοῦ
2091 1440 2257 1517 βίου.

751 1657 913 1723 Ibid.
963 1657 1071 1723 29.
1137 1660 1223 1732 μὴ
1289 1660 1396 1733 τὴν
1461 1657 1789 1729 Πλάτωνος
1842 1658 2163 1723 πολιτείαν
2215 1657 2464 1739 ἔλπιζε,
2513 1658 2689 1722 άλλα
2743 1660 2946 1737 άρκοῦ,
2997 1660 3049 1724 εἰ

660 1764 729 1828 τὸ
792 1764 1202 1844 βραχύτατον
1264 1763 1492 1842 πρόεισι
1559 1765 1660 1828 καὶ
1714 1763 1929 1827 τούτου
1978 1765 2166 1828 αὐτοῦ
2216 1766 2325 1839 τὴν
2373 1763 2655 1842 ἔκβασιν,
2708 1764 2779 1834 ὥς
2834 1766 2901 1828 οὐ
2948 1787 3049 1840 μι-

661 1871 794 1948 κρόν
841 1870 906 1934 τί
951 1871 1118 1946 ἐστι,
1169 1868 1423 1933 διανοοῦ.
1471 1870 1686 1945 δόγμα
1737 1869 1862 1948 γὰρ
1914 1870 2113 1932 αὐτῶν
2155 1871 2247 1941 τίς
2290 1869 2690 1948 μεταβαλεῖς
2747 1868 2931 1949 χωρὶς
2984 1870 3048 1933 δὲ

661 1976 993 2052 δογμάτων
1055 1974 1418 2050 μεταβολῆς
1485 1976 1548 2038 τί
1610 1973 1770 2038 ἄλλο
1837 1974 1870 2048 ἢ
1920 1975 2167 2039 δουλεία
2211 1975 2538 2039 στενόντων
2587 1974 2689 2037 καὶ
2740 1974 3053 2039 πείθεσθαι

662 2078 1199 2157 προσποιουμένων.
1262 2078 1471 2144 Locus
1532 2078 2024 2157 celeberrimus,
2086 2083 2155 2145 in
2218 2102 2341 2165 quo
2407 2083 2606 2145 animi
2653 2079 2935 2145 dolorem
2986 2086 3051 2145 et

661 2186 1165 2270 desperationem
1227 2184 1496 2249 effundit
1558 2189 1797 2262 auctor,
1864 2191 2005 2249 tum
2069 2186 2335 2251 demum
2398 2192 2564 2251 recte
2626 2186 2945 2271 procedit,
2996 2189 3054 2251 si

661 2293 970 2376 recipitur
1031 2290 1210 2356 codd.
1260 2288 1390 2353 AD
1451 2289 1641 2354 lectio
1691 2292 1769 2362 ὥς
1816 2292 2024 2371 μικρόν
2072 2293 2135 2355 τί
2182 2294 2313 2355 ἐστι
2359 2295 2401 2356 i.
2430 2313 2483 2356 e.
2532 2291 2791 2374 sufficiat
2839 2291 2950 2354 tibi
2995 2292 3053 2354 si

659 2397 756 2459 vel
813 2396 1051 2459 minime
1111 2417 1206 2459 res
1255 2396 1613 2477 processerit
1676 2403 1734 2459 et
1768 2395 1954 2481 ,illius
1997 2396 2194 2477 ipsius
2239 2398 2460 2460 eoeitwm
2506 2420 2683 2482 quam
2730 2398 2855 2460 leve
2902 2398 3052 2481 quid

660 2503 742 2564 sit
806 2501 1135 2565 considera.
1209 2502 1368 2564 Nam
1429 2502 1705 2583 doyma-ta
1766 2501 2061 2565 hominum
2123 2502 2259 2587 quis
2318 2504 2638 2567 mutaverit
2654 2504 2690 2567 .?
2766 2503 3051 2583 doqmati-

661 2608 764 2669 bus
811 2613 1005 2670 autem
1049 2629 1167 2670 non
1213 2608 1458 2670 mutatis
1505 2606 1655 2691 quid
1702 2613 1788 2669 est
1831 2608 2008 2669 aliud
2044 2607 2168 2670 nisi
2206 2608 2464 2672 servitus
2512 2609 3013 2689 inqemiscentium
3028 2656 3044 2686 ,

661 2718 940 2797 etqseqq.

751 2914 916 2980 Ibid.
967 2913 1072 2979 39.
1124 2915 1156 2989 ἢ
1208 2912 1424 2989 ἄτομοι
1476 2914 1578 2976 καὶ
1629 2913 1793 2978 οὐδὲν
1843 2914 2005 2979 ἄλλο
2055 2915 2088 2990 ἢ
2141 2918 2364 2981 κυκεὼν
2412 2916 2514 2980 καὶ
2558 2917 2942 2994 σκεδασμός·
2986 2918 3053 2982 τί

660 3014 757 3084 οὖν
799 3020 1112 3100 rapaton-323
1156 3022 1238 3098 τῷ
1283 3020 1624 3098 ἡγεμονικῷ
1666 3020 1911 3097 λέγεις·
1957 3020 2285 3099 τέθνηκας,
2317 3021 2641 3101 ἔφθαρται,
2669 3024 3046 3099 τεθηρίωσαι.

662 3125 908 3203 „Locus
967 3127 1309 3211 insigniter
1371 3125 1800 3209 depravatus''
1870 3124 2018 3191 Grat.
2084 3127 2433 3193 Memorari
2478 3134 2647 3193 certe
2694 3128 2962 3194 debebat
3008 3150 3047 3193 a

657 3232 902 3297 Stichio
966 3234 1327 3296 coniectura
1385 3230 1718 3308 Salmasii,
1775 3234 1919 3317 qui,
1984 3234 2137 3317 quid
2199 3236 2337 3318 ipsa
2399 3235 2714 3299 sententia
2758 3233 3040 3321 flagitet,

657 3343 823 3403 recte
862 3340 1218 3422 perspexit,
1268 3336 1423 3401 dum
1471 3339 1694 3402 scribit
1744 3339 1995 3415 (μήτι)
2045 3340 2130 3417 τῷ
2182 3340 2519 3419 ἡγεμονικῷ
2569 3339 2812 3418 λέγεις;

751 3554 834 3617 X.
888 3554 947 3618 1.
998 3554 1211 3617 πάντα
1254 3578 1342 3617 σοι
1387 3555 1556 3633 παρὰ
1599 3561 1717 3617 τῶν
1766 3556 1903 3619 θεῶν
1945 3555 2207 3632 πάρεστι
2251 3559 2353 3620 καὶ
2395 3556 2610 3622 πάντα
2650 3582 2738 3623 σοι
2791 3553 2857 3623 εὖ
2903 3558 3041 3639 ἔχει

659 3662 762 3724 καὶ
830 3656 894 3724 εὖ
956 3656 1116 3737 ἕξει,
1182 3654 1298 3724 ὅσα
1359 3661 1543 3738 Φίλον
1601 3661 1810 3733 αὐτοῖς
1863 3660 1965 3724 καὶ
2016 3656 2133 3725 ὅσα
2177 3662 2475 3737 μέλλουσι
2527 3662 2733 3728 δώσειν
2782 3666 2882 3728 ἐπὶ
2934 3690 3047 3728 σω-

659 3764 835 3848 τηρία
885 3770 987 3829 τοῦ
1036 3766 1271 3829 τελείου
1320 3762 1462 3846 ζῴου
1514 3769 1619 3829 τοῦ
1668 3766 1908 3841 άγαθοῦ
1958 3766 2061 3829 καὶ
2105 3766 2335 3831 δικαίου
2378 3767 2481 3831 καὶ
2525 3774 2720 3832 καλοῦ
2763 3769 2865 3832 καὶ
2909 3794 3045 3846 γεν·

658 3877 866 3941 νῶντος
915 3870 1130 3934 πάντα
1179 3870 1283 3935 καὶ
1333 3871 1690 3951 συνέχοντος
1743 3872 1845 3934 καὶ
1898 3872 2279 3950 περιέχοντος
2323 3874 2425 3935 καὶ
2470 3874 3042 3951 περιλαμβάνοντος

659 3975 1038 4050 διαλυόμενα
1102 3978 1184 4045 εἷς
1250 3975 1487 4053 γένεσιν
1554 3975 1765 4053 ἐτέρων
1827 3976 2059 4052 ὁμοίων.
2122 3977 2291 4057 Quid
2350 3977 2583 4043 ultima
2631 3980 2755 4044 sibi
2802 3979 3041 4059 velint,

655 4080 826 4146 haud
888 4079 1070 4146 facile
1132 4081 1402 4157 dixeris3
1451 4083 1698 4167 corrige
1747 4084 2356 4160 παραλαμβάνοντος
2408 4082 2783 4158 διαλυόμενα
2836 4087 2919 4157 εἰς
2972 4111 3041 4163 γ.

657 4188 706 4250 ἑ.
756 4187 803 4251 ὅ.
867 4187 908 4250 i.
935 4207 989 4251 e.
1054 4187 1251 4251 omnia
1313 4209 1440 4249 eum
1498 4187 1621 4249 iam
1685 4187 1752 4248 in
1813 4208 1877 4250 eo
1938 4194 2097 4269 sunt,
2160 4195 2228 4251 ut
2273 4188 2700 4266 dissolvantur,
2749 4190 3038 4255 adhibens

657 4293 740 4353 ad
791 4291 1226 4372 ymerationem
1287 4291 1551 4354 aliarum
1611 4313 1825 4355 remam.
1895 4292 2281 4357 Praecedens
2346 4315 2471 4359 vox
2537 4294 2919 4374 περιέχοντος
2968 4296 3045 4361 li-

656 4398 864 4461 brario
911 4396 1198 4461 fraudem
1244 4396 1466 4461 fecisse
1508 4394 1798 4472 videtur;
1849 4401 2133 4460 ceterum
2179 4401 2723 4483 praepositionum
2764 4400 2933 4476 παρά
2978 4410 3043 4466 et

659 4503 795 4578 περί
830 4503 898 4563 in
933 4500 1108 4565 codd.
1151 4501 1459 4564 Antonini
1495 4500 1791 4583 frequens
1831 4508 1927 4565 est
1966 4506 2374 4585 permutatio,
2422 4504 2500 4569 cf.
2550 4503 2665 4569 III.
2698 4504 2801 4571 16.
2840 4504 2945 4571 VI.
2976 4504 3037 4571 3.
