3392 5384
1236 418 1321 464 nn
1368 415 1690 467 nummus
1733 416 2049 464 Pimruoo.
2688 396 2817 465 357

433 604 580 648 nam
644 605 873 668 parum
931 582 1094 647 lucis
1148 582 1417 647 afferunt
1479 583 1837 667 quaestioni
1890 583 2003 665 qui
2054 581 2304 661 dicunt,
2354 580 2823 660 „Alexandrina

430 688 680 755 aetate’'
723 689 799 755 de
838 689 954 754 hac
992 687 1208 753 fabula
1250 688 1622 754 dubitatum
1663 708 1819 753 esse.
1871 686 1944 752 Id
1984 689 2156 752 enim
2193 690 2409 773 ipsum
2441 688 2817 774 ambigitur.

520 793 688 862 Cum
735 797 1000 881 omnino
1040 795 1296 859 fortuna
1335 815 1567 879 parum
1606 792 1881 858 secunda
1921 794 2046 858 fuit
2080 795 2161 858 iis
2199 795 2337 861 sive
2378 793 2649 881 Didymi
2683 796 2820 859 sive

429 900 703 966 aliorum
750 902 1323 987 grammaticorum
1370 900 1554 965 libris
1617 902 1731 983 qui
1784 894 2198 989 continebant
2243 898 2424 965 Vitas
2484 905 2819 985 poetarum

429 1009 863 1093 tragicorum,
905 1013 1050 1070 tum
1087 1009 1464 1092 praesertim
1503 1008 1571 1070 in
1610 1005 1759 1071 Vita
1798 1004 2128 1091 Euripidis
2168 1006 2431 1071 adversa
2469 1006 2817 1071 admodum

428 1135 561 1179 sors
609 1114 755 1179 fuit.
805 1111 1231 1190 Conturbata,
1283 1117 1609 1197 corrupta,
1649 1113 1719 1176 in
1756 1113 2146 1198 farraginem
2182 1117 2514 1198 congesta,
2556 1115 2819 1198 antiqua
2893 1180 2894 1183 ,

427 1221 788 1286 recentibus
829 1221 1180 1285 commixta
1219 1219 1323 1284 hic
1362 1219 1666 1303 praebent
1699 1218 1945 1283 codices
1964 1239 1981 1297 3
2023 1220 2093 1283 in
2119 1239 2191 1284 ea
2216 1225 2433 1284 autem
2458 1218 2819 1284 conditione

425 1334 762 1393 versantur
823 1327 976 1391 haec
1018 1328 1233 1391 omnia
1281 1333 1355 1389 ut
1403 1326 1641 1390 frustra
1687 1324 2039 1409 disquirere
2088 1328 2365 1403 coneris,
2417 1330 2817 1391 contractans

427 1436 591 1512 sint,
655 1453 816 1518 quae
877 1432 1172 1497 breviora
1235 1436 1419 1509 sunt,
1471 1453 1549 1497 ex
1594 1430 2163 1519 longioribus,-an
2210 1431 2523 1517 producta.
2568 1429 2818 1517 prolixa

426 1538 698 1623 quadam
742 1536 1131 1623 loquacitate
1169 1537 1462 1623 longiora
1499 1536 1617 1601 illa.
1655 1558 1733 1601 ex
1772 1537 2205 1617 brevioribus;
2247 1539 2341 1602 ita
2381 1540 2437 1603 si
2476 1536 2631 1622 quid
2654 1538 2817 1603 forte

425 1665 502 1710 ex
550 1643 820 1730 Didymi
866 1646 1344 1708 commentariis
1394 1646 1765 1737 provenisse
1812 1650 2090 1741 constat,
2141 1666 2265 1709 non
2311 1649 2527 1709 tamen
2576 1646 2816 1729 poteris

425 1751 773 1816 diiudicare
813 1756 1035 1814 utrum
1083 1750 1386 1815 adiecerit
1434 1750 1590 1835 quid
1635 1750 1712 1815 de
1761 1771 1826 1815 se
1865 1752 2142 1815 narratio
2189 1749 2483 1835 amplior,
2534 1771 2614 1815 an
2660 1753 2819 1816 omi-

422 1860 577 1921 serit
626 1855 780 1941 quid
826 1858 1165 1941 antiquum
1214 1854 1640 1941 Didymeum,
1686 1858 1892 1921 immo
1942 1855 2484 1941 Aristophaneum
2526 1857 2817 1923 Dicaear-

420 1963 733 2028 cheumve
773 1964 944 2026 vitae
981 1963 1296 2027 enarratio
1337 1963 1740 2027 succinctior.
1790 1963 2095 2027 Attamen
2137 1984 2262 2028 non
2304 1983 2564 2048 prorsus
2588 1965 2815 2029 incerti

422 2088 648 2132 sumus
685 2069 754 2131 in
794 2067 1236 2152 comparandis
1273 2070 1365 2133 eis
1389 2088 1548 2153 quae
1574 2069 1642 2131 in
1669 2066 1860 2145 „Vita
1884 2067 2176 2133 Minore’'
2204 2066 2550 2149 (Schwartz
2576 2066 2812 2134 Scholl.

419 2174 487 2236 in
526 2171 680 2237 Eur.
724 2171 773 2237 Ι.
817 2195 878 2257 p.
908 2170 968 2238 3.
1002 2171 1241 2237 14—4.
1273 2172 1356 2237 12
1395 2179 1584 2258 atque
1622 2176 1688 2237 in
1733 2173 1925 2250 „Vita
1963 2173 2256 2238 Maiore'“
2290 2173 2470 2254 (ibid.
2497 2196 2558 2259 p.
2590 2173 2651 2237 1.
2682 2173 2809 2238 l—

423 2277 484 2343 3.
518 2278 629 2358 14)
692 2278 769 2343 de
830 2277 1192 2344 fabularum
1254 2300 1520 2343 numero
1581 2279 1859 2362 fatisque
1922 2279 2219 2344 adnotata
2264 2278 2579 2344 videmus.
2640 2279 2811 2345 Nam

423 2386 723 2448 universe
785 2384 1040 2449 brevior
1104 2385 1256 2449 haec
1321 2383 1469 2448 Vita
1532 2386 1743 2469 magis
1790 2384 2067 2448 abstinet
2114 2384 2162 2448 a'
2196 2385 2390 2469 nugis
2440 2390 2501 2449 et
2550 2386 2812 2469 ineptiis

419 2495 485 2555 et
553 2492 906 2555 accuratior
965 2489 1227 2555 videtur
1289 2495 1422 2555 tam
1488 2488 1749 2554 iudiciis
1806 2510 2001 2575 quam
2030 2549 2036 2561 ,
2065 2489 2314 2555 dicendi
2359 2492 2623 2556 ratione.
2675 2489 2807 2570 Ita,

367 2611 372 2617 ·
418 2597 640 2675 fateor,
704 2595 879 2661 haud
926 2616 1114 2681 aegre
1162 2596 1378 2661 abesse
1426 2595 1612 2660 video
1658 2598 1727 2659 in
1774 2596 1892 2660 hac
1942 2594 2089 2662 Vita
2135 2618 2197 2681 p.
2248 2595 2309 2661 4.
2337 2596 2377 2660 2
2425 2601 2570 2682 post
2613 2598 2810 2663 verba

420 2700 687 2781 »ἤρξατο
754 2702 812 2766 δὲ
863 2698 1167 2767 διδάσκειν
1215 2702 1384 2766 κατὰ
1437 2704 1546 2775 τὴν
1593 2707 1687 2767 π-οι
1736 2699 2099 2778 ὅλυμπιοὶδοι
2150 2702 2248 2766 ἐπὶ
2298 2686 2593 2783 ἄρχοντος
2642 2712 2810 2768 Καλ-

415 2809 589 2873 λίου”
655 2829 728 2873 ea
791 2828 950 2893 quae
1013 2808 1188 2873 addit
1239 2808 1388 2873 Vita
1435 2808 1645 2873 Maior
1694 2814 1965 2889 ,,πρῶτον
2018 2806 2079 2871 δὲ
2128 2806 2367 2883 ἐδίδαξε
2417 2808 2529 2879 τὰς
2583 2807 2811 2874 Πελιά-

412 2913 563 2993 δοις,
613 2912 714 2978 ὅτε
763 2914 865 2979 καὶ·
918 2914 1112 2994 τρίτος
1165 2914 1490 2993 ἐγένετο”;
1541 2936 1666 2979 non
1716 2913 1885 2998 quod
1933 2913 2009 2979 de
2058 2912 2399 2979 Peliadum
2446 2913 2807 2980 didascaliis

412 3018 668 3085 videam
705 3040 963 3084 causam
1002 3020 1366 3100 dubitandi,
1409 3020 1520 3086 sed
1563 3019 1771 3085 forma
1818 3019 2240 3085 additamenti
2285 3020 2478 3085 habet
2522 3022 2804 3106 profecto

413 3124 585 3209 quod
622 3127 1051 3208 suspicionem
1094 3132 1378 3191 moveat:
1424 3121 1568 3201 „i'rs
1612 3125 1743 3199 κοε)
1789 3125 1987 3205 τρίτος
2020 3125 2330 3203 estrei-0⁹2
2372 3111 2804 3192 Credamusne

408 3231 502 3295 ita
539 3230 810 3294 scribere
849 3232 1130 3314 potuisse
1157 3232 1495 3314 antiquum
1520 3228 2033 3295 Didascaliarum
2060 3236 2389 3295 auctorem
2413 3235 2797 3316 tamquamsi

409 3337 735 3401 nesciisset
777 3326 921 3400 'non
966 3333 1248 3421 gloriam
1297 3356 1430 3400 esse
1479 3335 1588 3400 sed
1636 3335 1803 3399 cladi
1849 3337 2222 3420 proximum
2269 3337 2464 3414 τρίτον
2515 3336 2803 3413 γενέσθαι

409 3445 479 3507 in
537 3442 884 3507 certamine
949 3438 1240 3506 scenico?
1304 3439 1442 3520 Qua
1504 3446 1766 3526 propter
1826 3440 1997 3506 haud
2041 3440 2286 3505 nullius
2334 3426 2498 3505 mihi
2548 3441 2805 3508 videtur

411 3550 724 3613 momenti
769 3545 939 3632 quod
983 3549 1123 3632 ipsa
1167 3567 1242 3612 ea
1286 3547 1480 3613 verba
1520 3552 1684 3631 quae'
1722 3546 1798 3612 de
1839 3549 2048 3632 primo
2088 3547 2415 3633 Euripidis
2456 3552 2803 3617 certamine

413 3660 611 3741 agant
671 3675 795 3718 non
856 3657 924 3719 in
987 3655 1285 3719 omnibus
1342 3652 1536 3719 Vitae
1588 3654 1856 3720 Maioris
1916 3655 2243 3720 codicibus
2300 3654 2631 3742 leguntur,
2693 3658 2804 3723 sed

411 3762 832 3826 inveniuntur
894 3764 1151 3824 tantum
1212 3762 1279 3825 in
1337 3760 1628 3824 Vaticano
1675 3760 1750 3825 V.
1805 3761 2193 3826 Ambrosiam
2242 3761 2315 3842 Q.
2368 3768 2433 3827 et
2478 3765 2546 3827 in
2592 3763 2804 3830 codice

412 3866 696 3930 Parisino
759 3866 1168 3929 Bibliothecae
1229 3866 1285 3932 S.
1359 3867 1699 3931 Genovevae
1752 3864 1909 3949 (G.),
1980 3868 2194 3933 abesse
2242 3873 2462 3933 autem
2508 3890 2545 3934 a
2592 3869 2803 3936 codice

426 3972 711 4037 Urbinate
753 3973 831 4038 U.
880 3972 1228 4037 Hauniensi
1274 3971 1360 4037 H.
1426 3972 1481 4038 V
1475 3973 1865 4038 vindobonensi
1919 3973 2017 4039 W.

501 4080 770 4145 Prorsus
823 4078 1043 4144 eadem
1079 4070 1258 4145 'ratio
1307 4084 1405 4145 est
1450 4082 1519 4143 in
1568 4101 1640 4146 eo
1685 4078 1824 4145 loco
1871 4102 1997 4165 quo
2046 4082 2267 4167 agitur
2314 4081 2391 4146 de
2439 4080 2801 4147 fabularum

407 4206 696 4251 numero.
749 4184 896 4250 Vita
940 4188 1112 4250 enim
1161 4188 1371 4252 minor
1416 4187 1643 4251 habet:
1694 4186 1777 4250 τὰ
1821 4187 2033 4251 πάντα
2076 4186 2137 4251 δὲ
2180 4182 2244 4260 ἦν
2284 4188 2473 4252 αὑτοῦ
2500 4189 2798 4267 δράματα

407 4292 545 4382 φβ’,
594 4290 853 4373 σῴζεται
904 4291 963 4355 δὲ
1017 4292 1206 4356 αὐτοῦ
1256 4290 1552 4370 δράματα
1602 4291 1696 4373 ξζ’
1749 4291 1853 4355 xa)
1906 4296 1971 4370 γ’
2024 4292 2167 4374 πρὸς
2218 4292 2452 4364 τούτοις
2501 4294 2585 4358 τοὶ
2635 4295 2801 4359 ἅντι-

405 4397 760 4477 λεγόμενοι,
822 4398 1125 4477 σατυρικοὶ
1175 4398 1236 4462 δὲ
1287 4398 1365 4475 η’,
1414 4398 1820 4476 ἀντιλέγεται
1870 4399 1933 4465 δὲ
1982 4398 2086 4463 καὶ
2137 4398 2363 4464 τούτων
2413 4400 2481 4465 τὸ
2530 4405 2593 4465 α’
2641 4404 2802 4486 (qui-

407 4505 680 4572 buscum
741 4506 1038 4571 convenit
1097 4503 1379 4571 Thomas
1441 4504 1780 4593 Magister,
1848 4515 1911 4573 et
1975 4504 2207 4573 Suidas
2270 4543 2354 4557 --
2417 4507 2522 4575 hic
2570 4506 2802 4576 saltem
