3392 5384
649 386 783 454 422
1691 405 2002 454 nonnus.
2026 386 2035 394 ’

753 572 888 638 Iam
943 572 1425 639 Wessnerus
1472 573 1638 639 vidit
1683 575 1950 638 initium
1998 577 2063 637 et
2109 572 2298 637 finem
2351 592 2553 636 unum
2593 570 2831 636 Donati
2870 571 3047 636 scho-

650 679 818 744 lium
855 680 1122 758 referre,
1163 683 1268 746 cui
1305 682 1544 746 inserta
1581 686 1678 744 est
1721 680 2081 745 observatio
2130 679 2462 764 magistri3
2512 678 2619 742 hic
2666 682 2887 743 autem
2931 699 3048 762 per

650 792 844 866 errat,
907 786 1013 871 qui
1069 786 1476 871 reprehendit
1536 786 1863 852 Donatum
1927 787 1995 849 in
2057 785 2153 865 (1)
2202 784 2536 869 aliumque
2584 786 2698 869 qui
2746 784 3045 848 distinxit

639 893 922 979 plerique
967 915 1193 974 omnem
1243 915 1366 979 qua
1416 894 1490 958 de
1538 914 1604 959 re
1651 893 1731 958 cf.
1782 891 1963 958 Serv.
2014 891 2093 957 ad
2142 893 2297 957 Aen.
2351 890 2381 955 Ι
2433 890 2583 955 181.

743 1059 805 1124 ΙΙ
856 1059 912 1125 1.
942 1059 1027 1124 24
1099 1061 1195 1126 Ne
1241 1063 1360 1126 iste
1408 1060 1580 1125 haud
1629 1081 1887 1125 mecum
1934 1061 2147 1123 sentit.

744 1166 840 1247 (6)
890 1166 1072 1244 ,,Νο”
1124 1166 1368 1232 valde
1417 1172 1562 1246 aut,
1612 1173 1688 1231 ut
1737 1165 2001 1251 quidam
2047 1165 2307 1242 volunt,
2358 1187 2395 1230 0
2435 1185 2702 1250 quam,
2745 1163 3039 1228 Lucilius

655 1276 717 1337 in
765 1273 1011 1338 decimo
1063 1273 1231 1351 ‚‚,Ne
1281 1274 1534 1352 Marce,
1583 1275 1817 1338 bovem
1868 1272 2173 1357 descripsi
2218 1269 2627 1357 magnifice”,
2676 1272 2907 1357 inquit.

743 1379 1116 1444 Wessnerus
1162 1401 1222 1465 p.
1269 1379 1352 1445 33
1378 1401 1469 1466 sq.
1518 1379 1850 1445 Luciliana
1890 1400 1966 1443 ex
2009 1380 2201 1463 Aspri
2242 1379 2719 1443 commentariis
2751 1377 3043 1442 derivata

651 1507 786 1553 esse
834 1492 1048 1551 censet
1077 1487 1144 1565 ¹).

741 1652 805 1718 II
855 1652 914 1718 3.
945 1653 984 1718 6
1054 1653 1324 1733 Quidvis
1370 1655 1577 1738 patiar

742 1760 837 1841 (6)
897 1758 1062 1824 Sunt
1121 1761 1232 1845 qui
1296 1758 1639 1846 „quidvis”
1703 1780 1817 1844 pro
1885 1756 2293 1843 quicquid
2340 1758 2741 1822 evenerit
2790 1753 3043 1820 intelle-

652 1872 844 1952 gant,
911 1867 1060 1950 quia
1121 1864 1370 1930 dixerat
1436 1865 1631 1944 „adeo
1693 1886 1798 1929 me
1859 1867 2173 1950 ignavum
2223 1859 2481 1949 putas?'’
2532 1862 2590 1940 (I
2655 1859 2715 1926 5.
2744 1861 2878 1941 42),
2928 1860 3045 1925 alii

651 1974 1098 2056 pronuntiant,
1162 1978 1238 2036 ut
1298 1975 1384 2037 sit
1445 1992 1699 2037 sensus:
1768 1970 1966 2055 „quid
2026 1992 2131 2035 me
2195 1973 2294 2035 vis
2362 1970 2563 2035 facere
2628 1990 2708 2034 an
2772 1969 2912 2046 hoc,
2964 1976 3039 2032 ut

651 2077 747 2158 (ll.
799 2099 878 2142 au
928 2085 1002 2142 ut
1048 2079 1204 2156 1100,
1251 2084 1432 2159 corr.)
1479 2081 1684 2163 patiar
1732 2078 1894 2142 mihi
1941 2098 2209 2142 uxorem
2256 2073 2501 2142 dari?''.

741 2183 965 2248 Denuo
1012 2183 1174 2250 Don.
1224 2182 1390 2248 nihil
1437 2185 1752 2261 decernit,
1804 2184 1911 2249 sed
1940 2177 2103 2269 quid
2143 2183 2265 2247 sibi
2304 2181 2621 2259 videatur,
2664 2188 2739 2246 ut
2779 2179 3035 2300 assolet,

647 2291 937 2374 primum
984 2293 1222 2376 posuit.
1271 2291 1559 2355 Alterius
1605 2293 1919 2375 opinionis
1968 2295 2258 2356 auctores
2303 2296 2615 2354 errarunt.

739 2395 900 2461 Ibid.
951 2398 1032 2461 21
1107 2398 1276 2462 Nam
1325 2397 1493 2482 quod
1542 2404 1614 2462 tu
1659 2419 1938 2482 speres,
1938 2396 2350 2482 ,propulsabo
2396 2394 2583 2461 facile
2629 2417 2895 2460 uxorem
2933 2395 3037 2460 his

652 2502 960 2579 moribus,
1011 2502 1185 2568 dabit
1231 2503 1463 2568 nemo”

739 2609 838 2689 (l)
893 2608 1060 2674 Sunt
1105 2611 1282 2694 qui,
1281 2609 1559 2695 ,’speres'
1610 2631 1724 2695 pro
1772 2612 2069 2674 timeas
2117 2609 2410 2674 habeant.
2506 2609 2849 2693 Perperam
2896 2576 3035 2685 illi,

651 2714 816 2780 unde
864 2717 1062 2780 etiam
1107 2715 1557 2802 Eugraphius:
1606 2718 1649 2780 i.
1677 2738 1732 2780 e.
1785 2718 2069 2791 times,
2120 2714 2518 2796 ozxvpomyioe.

739 2820 898 2885 Ibid.
948 2820 1036 2884 22
1108 2820 1397 2886 Inveniat
1442 2824 1702 2906 inopem
1751 2824 1967 2906 potius
2018 2843 2211 2906 quam
2258 2827 2320 2885 te
2370 2823 2697 2905 corrumpi
2742 2822 2909 2884 sinat

737 2925 834 3006 (3)
880 2925 1046 2991 Sunt
1092 2930 1202 3011 qui
1249 2929 1418 2990 κατὰ
1469 2913 1895 3006 ἆνθυποφορὰν
1941 2928 2070 2993 (1101
2113 2933 2343 3013 putant
2387 2931 2713 3006 „inveniet
2749 2928 3033 3010 inopem,

646 3033 862 3116 potius
910 3054 1103 3117 quam
1153 3039 1216 3097 te
1264 3036 1589 3119 corrumpi
1635 3034 1867 3100 sinat''.

736 3136 898 3203 Don.
959 3142 1097 3223 ipse
1157 3141 1221 3203 in
1287 3139 1383 3220 (1)
1449 3141 1731 3222 ὑποφορὰ
1801 3140 2121 3219 εὔστοχος.
2186 3141 2463 3227 Figurae
2527 3142 2641 3206 vix
2690 3139 3025 3216 differunt;

643 3251 1034 3329 usurpantur
1096 3246 1171 3311 de
1220 3267 1291 3312 eo
1341 3250 1452 3331 qui
1498 3249 1918 3313 obiectionem
1966 3247 2312 3313 adversarii
2358 3249 2489 3311 iam
2536 3249 2674 3332 ipse
2722 3246 3027 3330 praeripit

642 3360 706 3416 et
745 3355 834 3417 sic
876 3353 1203 3437 praecidit.
1245 3353 1495 3432 (Voss.
1541 3355 1703 3419 rhet.
1732 3351 1845 3420 Gr.
1880 3376 1943 3440 p.
1972 3354 2079 3432 24,
2109 3352 2262 3419 369.
2305 3353 2447 3419 Lat.
2476 3351 2655 3432 377).
2695 3349 2902 3476 Schol.
2929 3349 3027 3431 (3)

642 3459 846 3544 Aspro
894 3459 1147 3524 concedi
1193 3464 1420 3544 potest.

731 3624 795 3688 II
843 3623 1093 3706 4.·7(5)
1163 3625 1302 3712 Ego
1367 3631 1524 3711 puto
1590 3632 2031 3703 „commutare
2093 3625 2328 3692 verba’'
2395 3647 2529 3692 esse
2588 3646 2731 3711 pro
2782 3626 3025 3690 bonis

641 3731 898 3796 dictis
945 3731 1116 3796 mala
1159 3735 1484 3818 ingerere,
1534 3733 1654 3798 hoc
1702 3739 1799 3798 est
1848 3732 2171 3798 iracundia
2209 3735 2275 3796 in
2318 3731 2662 3798 maledicta
2702 3730 3025 3817 compelli.
3112 3733 3117 3738 ’

730 3835 870 3901 Ηο0
931 3836 1279 3917 scholium,
1345 3837 1515 3922 quod
1579 3837 1952 3923 obloquitur
2015 3838 2263 3903 Donato
2326 3841 2393 3902 in
2456 3838 2574 3917 (4),
2638 3838 3026 3922 iampridem

638 3941 892 4007 Editori
939 3943 1330 4009 reddendum
1379 3965 1513 4017 esse
1559 3944 1749 4010 docui
1796 3945 2070 4026 (Mnem.
2118 3944 2375 4010 XXXII
2421 3967 2481 4031 p.
2532 3943 2711 4025 223).

709 4203 760 4267 1)
795 4202 962 4252 Utitur
998 4203 1073 4252 W.
1107 4202 1388 4268 praesertim
1422 4202 1511 4252 1100
1543 4203 1645 4253 1000
1678 4207 1731 4253 111
1762 4203 1881 4253 illud
1908 4202 2077 4270 probet
2108 4204 2165 4253 de
2185 4202 2403 4255 omnibus
2420 4203 2725 4254 citationibus
2740 4204 3030 4265 Lucilianiu

635 4289 684 4334 et
713 4300 825 4334 sane
859 4285 891 4335 11
913 4285 1028 4335 11111
1045 4301 1068 4334 0
1099 4284 1269 4334 scholii
1297 4286 1563 4350 exemplum
1600 4286 1785 4336 invenit
1816 4287 1876 4336 D.
1906 4287 2031 4351 apud
2066 4302 2096 4351 q
2117 4303 2146 4336 11
2166 4302 2191 4336 0
2210 4302 2240 4336 11
2259 4287 2288 4335 d
2308 4301 2337 4336 a
2354 4302 2431 4346 m,
2460 4286 2669 4336 dicamus
2699 4288 2927 4352 Asprum,
2948 4289 3035 4338 0οᾶ

636 4383 742 4417 cum
794 4368 870 4416 W.
919 4367 988 4416 ita
1035 4367 1216 4432 pergit:
1269 4367 1414 4416 „Was
1459 4367 1565 4417 hier
1609 4367 1659 4417 in
1708 4368 1863 4418 01110111
1906 4368 2040 4418 Faue
2075 4368 2235 4417 direkt
2264 4367 2462 4433 bezeugt
2498 4368 2577 4428 ist,
2616 4369 2645 4418 d
2663 4373 2695 4418 ii
2713 4385 2739 4418 r
2756 4369 2780 4418 f
2792 4385 2817 4418 0
2836 4385 2867 4418 n
2903 4386 2945 4419 w
2964 4371 2981 4419 i
3000 4385 3029 4419 1·

635 4448 793 4498 wohl
830 4447 1355 4499 unbedenklich
1389 4450 1561 4499 auch
1597 4450 1712 4498 fiir
1746 4451 2050 4499 anderen
2085 4449 2281 4499 Falla
2318 4449 2713 4510 ennehmen,”
2742 4451 3027 4502 mihioffam

632 4531 835 4596 logicam
866 4532 1109 4597 proponit,
1144 4547 1287 4596 quam
1325 4533 1402 4582 vel
1435 4535 1632 4582 centeno
1665 4536 1863 4598 gutture
1898 4549 2064 4584 vorare
2100 4548 2349 4598 nequeam.
