3392 5384
1352 412 1702 462 1101100101.
2187 425 2196 438 ·
2623 400 2713 467 47

327 578 602 655 lescens,
649 577 929 643 tardiora
969 577 1131 643 fiunt
1168 597 1415 665 genua:
1453 581 1671 664 itaque
1708 579 2004 644 laborum
2043 579 2429 645 Martiorum
2463 587 2712 666 partem

329 686 643 748 maiorem
700 684 1060 749 iunioribus
1118 704 1285 748 nunc
1340 683 1679 769 relinquit,
1743 721 1829 732 --
1891 684 2066 749 idem
2128 692 2342 751 tamen
2406 684 2582 751 πόνου
2647 686 2715 751 οὔ
2765 699 2782 720 ’

330 814 478 854 ποτε
522 792 731 866 λήγων
764 787 809 870 ¹)
848 791 1126 876 satisque
1164 792 1361 854 etiam
1398 795 1698 855 strenuus
1723 790 1803 856 ad
1823 791 2212 856 invadendos
2235 791 2712 877 repellendosve

331 897 573 974 hostes,
638 899 694 960 si
755 917 855 960 res
898 895 966 960 id
1013 897 1193 961 fera-t.
1257 894 1693 981 Compositam
1743 903 2015 962 aetatem
2038 946 2056 975 ,
2106 900 2215 972 τὴν
2264 899 2710 974 καθεστηκυῖαν

331 1004 573 1076 ἡλικίαν
635 1004 835 1067 etiam
894 1004 1065 1088 agit:
1129 985 1413 1066 nondum
1475 1023 1697 1069 versus
1763 1024 2097 1088 vesperam
2158 1005 2218 1068 ei
2278 1006 2494 1090 vergit
2541 1007 2711 1070 vitae

325 1107 475 1186 11111,
540 1107 650 1174 sed
708 1110 904 1172 etiam
964 1111 1032 1171 111
1091 1107 1303 1172 medio
1351 1114 1593 1194 perstat
1639 1108 1830 1174 caelo.
1879 1109 2023 1176 Non
2073 1109 2454 1188 ,,κατέχειν”
2505 1113 2713 1196 igitur

329 1213 546 1278 ἑαυτὸν
606 1213 674 1277 τὸ
738 1219 972 1292 γῆρας,
1036 1235 1161 1278 11011
1220 1214 1543 1277 subiectum
1603 1214 1721 1277 sibi
1780 1221 2132 1278 senectutem
2176 1237 2240 1279 se
2287 1216 2504 1280 habere
2559 1217 2716 1281 dicit

322 1303 492 1404 ipse,
536 1319 646 1384 sed
686 1317 1020 1397 ,,ἱκοὶνειν”,
1062 1319 1547 1404 appropinquare
1582 1319 1702 1384 sibi
1727 1319 1780 1400 ²)
1822 1358 1908 1368 —
1949 1320 2112 1386 dona.
2149 1321 2516 1388 afferentem
2540 1321 2714 1387 haud

320 1425 803 1491 contemnenda.
852 1425 1123 1491 Numeri
1169 1427 1231 1504 si¹
1269 1428 1704 1510 requiruntur,
1754 1427 2041 1492 dicamus
2090 1431 2714 1515 quinquagenarium

320 1536 468 1609 aut,
508 1533 906 1608 maximum,
951 1533 1474 1618 sexagenarium,
1516 1527 1623 1595 ἕνα
1664 1535 1783 1596 τῶν
1823 1533 2150 1612 τριάκοντα
2188 1535 2374 1614 μεχρὶ
2416 1535 2717 1613 τετταρά-

324 1661 513 1702 κοντα
561 1639 679 1716 ἀφ’
731 1633 924 1715 ἥβης,
976 1635 1519 1723 quemadmodum
1557 1641 1798 1722 posteri
1833 1639 2016 1724 loqui
2050 1639 2341 1706 solebant
2366 1639 2436 1720 3).
2488 1640 2715 1707 'Palem

322 1742 618 1809 videmus
679 1745 747 1807 in
808 1745 1031 1808 castris
1092 1747 1238 1808 ante
1284 1742 1539 1810 Troiam
1558 1794 1574 1825 ,
1627 1744 1825 1810 talem
1871 1745 2024 1832 Pyli
2069 1746 2366 1812 videmus
2412 1749 2482 1810 in
2530 1751 2710 1833 regia

327 1871 442 1915 sua
481 1854 623 1935 post
659 1848 907 1914 bellum
954 1848 1216 1914 finitum
1259 1850 1559 1915 reducem
1606 1857 1671 1915 et
1716 1854 1898 1937 genti
1943 1873 2094 1917 suae
2137 1855 2596 1938 imperantem,
2627 1893 2710 1904 —

324 1977 451 2020 11011
496 1959 589 2020 ita
638 1956 1020 2043 diuturnum
1064 1957 1273 2041 igitur
1318 1954 1482 2020 illud
1529 1955 1776 2023 bellum
1820 1958 2015 2023 fuisse
2065 1962 2406 2024 sentientes
2433 1958 2506 2040 4).

286 2061 295 2072 ’
416 2061 687 2127 Summa
732 2065 951 2126 autem
996 2064 1062 2124 in
1102 2060 1270 2126 bello
1308 2062 1367 2126 ei
1398 2067 1501 2126 est
1540 2066 1920 2141 auctoritas,
1961 2067 2246 2130 maxima
2283 2069 2457 2130 enim
2495 2087 2710 2132 rerum

324 2167 704 2233 bellicarum
766 2171 864 2231 est
922 2169 1177 2250 peritia.
1238 2164 1460 2231 Verbis
1520 2167 1654 2232 iam
1714 2166 1861 2253 plus
1926 2169 2098 2234 valet
2162 2190 2356 2254 quam
2417 2171 2707 2250 lacertis,

320 2273 551 2359 lingua
610 2293 801 2358 quam
864 2270 1135 2357 pedibus
1195 2275 1574 2338 manibusve
1634 2277 2014 2358 promptior,
2080 2275 2211 2338 dux
2272 2279 2479 2362 igitur
2534 2284 2709 2342 tanto

322 2400 494 2444 1111110
555 2399 747 2463 quam
808 2377 964 2443 olim
1025 2377 1248 2443 utilior
1311 2384 1548 2462 quanto
1594 2399 1776 2443 mens
1822 2386 2103 2464 praestat
2153 2384 2418 2466 corpori.
2481 2381 2711 2461 Quam-

324 2506 519 2572 quam
567 2487 933 2550 etiamnunc
977 2487 1246 2549 minime
1292 2491 1547 2569 torpent
1595 2487 1654 2549 ei
1684 2502 1950 2564 manus,
1991 2491 2056 2552 01,
2095 2485 2247 2551 licet
2284 2509 2408 2552 non
2449 2491 2708 2553 omnino

323 2591 587 2668 ἔμπεδος
634 2593 695 2656 01
741 2593 1164 2675 permanserit
1208 2591 1318 2666 βίη
1347 2591 1420 2671 ³),
1469 2593 1685 2677 pergit
1732 2596 1947 2657 tamen
1993 2595 2060 2657 in
2106 2613 2327 2678 pugna
2364 2597 2464 2659 uti
2504 2594 2707 2681 clipeo

318 2697 471 2776 illo,
523 2717 647 2782 quo
694 2696 912 2762 nullus
960 2717 1033 2762 ea
1077 2703 1285 2762 aetate
1331 2696 1459 2760 fuit
1495 2695 1725 2762 clarior
1750 2696 1822 2778 ὃ),
1865 2703 1927 2762 et
1964 2705 2108 2783 post
2147 2720 2436 2786 pugnam
2474 2701 2705 2784 poculo

318 2801 466 2879 1110,
530 2801 699 2888 quod
759 2803 1079 2868 auditores
1140 2805 1250 2868 vix
1311 2801 1447 2868 1000
1508 2807 1795 2868 moturos
1855 2803 2053 2868 fuisse
2115 2807 2208 2869 ait
2251 2810 2438 2890 poeta
2467 2804 2515 2886 ⁷)
2532 2826 2549 2883 ;
2598 2806 2707 2870 sed

320 2928 571 2973 currere
640 2913 707 2972 et
772 2909 995 2986 ferire,
1067 2908 1323 2988 αἰχμὰς
1387 2908 1752 2992 αιῐχμ,αιὶζέ111ι
1794 2908 1897 3002 καὶ
1964 2909 2316 2986 μέλπεσθαι
2369 2910 2574 2992 ’‘Apn'e',
2637 2911 2707 2976 id

318 3015 649 3079 iuniorum
710 3020 840 3078 est:
902 3017 1227 3078 seniorum
1293 3018 1390 3079 est
1450 3013 1715 3079 consilia
1758 3016 1954 3092 inire,
2003 3018 2214 3100 copias
2262 3016 2594 3103 disponere
2640 3025 2705 3082 01,

316 3120 639 3185 exhortari
656 3168 673 3198 ,
721 3125 923 3185 castra.
966 3122 1188 3184 tutari.

407 3225 493 3290 Et
554 3247 693 3290 rem
754 3229 1103 3316 provisam¹
1129 3228 1431 3311 quoniam
1479 3226 1651 3291 haud
1698 3229 1907 3292 invita
1955 3233 2324 3314 sequuntur·
2356 3230 2585 3306 verba,
2633 3232 2703 3293 in

314 3333 533 3418 paucis
580 3339 677 3397 est
722 3332 1028 3398 disertus:
1076 3334 1213 3416 ipse
1260 3333 1429 3396 enim
1480 3334 1652 3398 vitae
1701 3353 1856 3397 usus
1903 3332 2215 3397 disertum
2261 3335 2430 3399 fecit.
2477 3334 2701 3419 Itaque

311 3440 381 3502 in
428 3459 661 3523 regum
704 3437 999 3514 consiliu,
1064 3459 1214 3503 cum
1260 3437 1538 3502 Achivos
1584 3459 1620 3502 a
1668 3436 1958 3502 Troianis
2005 3438 2376 3525 profligatos
2429 3440 2698 3505 domum

312 3542 519 3608 redire
563 3545 756 3608 iussit
799 3544 1245 3629 Agamemnon
1290 3545 1580 3608 animum
1628 3543 2018 3628 despondens
2038 3593 2054 3622 ,
2094 3545 2435 3611 Diomedes
2476 3553 2696 3611 autem

386 3771 439 3834 1)
472 3777 514 3820 1(
533 3771 646 3821 164.

379 3854 434 3916 2)
707 3854 858 3902 ,τότε
890 3853 1057 3914 κοῦρος
1088 3849 1169 3909 ἴοι,
1204 3853 1283 3900 νῦν
1316 3845 1447 3902 αὖτέ
1481 3867 1545 3914 με
1578 3855 1736 3916 γῆρας
1775 3850 1965 3903 indus?

306 3940 351 3984 Δ
370 3937 485 3986 821.
530 3961 599 3974 -
643 3936 784 4001 Quod
828 3935 1022 3986 verbum
1068 3937 1173 3985 viro
1220 3935 1385 3985 multis
1432 3936 1567 3984 annis
1610 3940 1824 3999 gravato,
1859 3936 2015 4000 qualis
2048 3935 2164 4000 fingi
2197 3935 2316 3985 solet
2353 3936 2551 3996 Nestor,
2585 3951 2696 3988 cum

306 4033 477 4082 parum
522 4019 776 4068 convenire
824 4018 1024 4067 sentiret
1070 4017 1390 4078 Aristarchus,
1424 4017 1613 4082 scripsit
1648 4017 1848 4082 ὀπάζει,
1880 4018 1930 4067 id
1964 4019 2091 4082 quod
2129 4017 2310 4082 legitur
2343 4025 2390 4067 Θ
2410 4019 2510 4068 103
2545 4022 2610 4057 ’-
2644 4019 2700 4068 111

319 4100 477 4150 micis
508 4116 592 4150 ore
625 4101 691 4149 ibi
725 4100 1045 4166 aptissimum.

378 4183 434 4246 3)
468 4182 541 4232 Cf.
578 4198 619 4231 0.
654 4198 699 4246 g.
737 4180 854 4230 Xon.
892 4180 1025 4230 Hcll.
1062 4181 1133 4228 Vl
1168 4183 1201 4229 4
1235 4180 1361 4241 517.

372 4265 428 4324 4)
463 4263 535 4312 cf.
569 4268 727 4328 caput.
757 4263 906 4313 XXV.
934 4287 1004 4302 --·
1035 4262 1296 4312 Telemachi
1324 4277 1557 4313 annorum
1587 4262 1823 4313 rationem
1851 4279 1975 4313 1111110
2006 4263 2193 4314 nullam
2208 4262 2465 4313 habeamus
2483 4265 2699 4329 oportet.

378 4345 433 4408 5)
469 4345 631 4395 12314
670 4344 830 4397 1115?
866 4345 927 4392 sl.
1765 4330 1782 4344 '

376 4427 431 4487 6)
468 4431 515 4473 Θ
534 4427 629 4475 192
657 4441 727 4490 sq.

374 4506 429 4570 7)
462 4512 513 4556 A
552 4507 668 4560 037.
