3392 5384
1441 454 1730 504 monus.
2643 426 2773 503 ‘261

480 621 585 702 69,
618 620 701 687 19
746 660 827 686 -.
872 622 1108 688 Anecd.
1157 621 1360 687 Bekk.
1412 619 1702 699 365,18.
1748 656 1832 669 -
1875 618 2190 697 ἀκύμονα·
2231 618 2581 703 ἀτάραχον,
2623 619 2777 685 doat-

385 744 767 903 Assgg;}erri
846 834 1114 900 Suidam
1200 838 1266 900 et
1344 832 1758 920 Hesychium
1828 832 2011 898 iubet
2080 831 2543 915 Reitzenstein;
2617 831 2776 897 adde

384 942 832 1030 Phrynichum
879 940 1115 1007 Anecd.
1168 940 1371 1006 Bekk.
1426 939 1486 1018 6,
1517 939 1549 1004 1
1602 939 1889 1021 (Naber).

475 1191 583 1271 69,
610 1191 696 1257 26
742 1219 822 1244 =
868 1189 1374 1257 Anecd.‘Bekk.
1443 1186 1597 1268 374,
1628 1190 1689 1256 5.
1763 1228 1849 1239 —
1915 1186 2073 1255 ἅλα.
2141 1188 2488 1255 θάλασσαν.
2557 1190 2590 1263 ἢ
2653 1190 2771 1261 τὰς

379 1304 497 1363 τῶν
544 1297 779 1378 ὀνύχων
828 1296 1159 1374 ὀξύτητας.

466 1405 726 1471 Poetica
774 1426 897 1471 vox
946 1410 1041 1470 est
1088 1401 1249 1482 ἃλς,
1315 1405 1533 1488 itaque
1579 1424 1710 1469 non
1758 1401 1977 1468 solum
2027 1403 2358 1468 θάλασσαν
2406 1402 2612 1481 illud,
2662 1403 2771 1468 sed

382 1514 580 1577 etiam
640 1498 918 1576 alterum
978 1510 1147 1596 quod
1209 1510 1631 1596 subiungitur
1690 1510 2338 1595 interpretamentum
2387 1509 2770 1587 mirificum,

381 1618 458 1684 ad
518 1619 846 1703 poeticum
908 1616 1195 1702 aliquem
1258 1615 1477 1682 locum
1539 1620 1824 1701 spectare
1887 1622 2139 1681 certum
2186 1621 2304 1682 est.
2367 1614 2774 1682 Incredibilia

379 1730 597 1790 autem
646 1760 731 1771 —
781 1744 930 1789 nam
975 1723 1159 1788 salem
1208 1725 1406 1789 etiam
1453 1723 1746 1806 unquium
1791 1722 2053 1804 seqmina
2101 1723 2271 1788 dicta
2319 1744 2454 1789 esse
2500 1744 2628 1788 non
2675 1728 2773 1787 est

377 1831 543 1917 quod
591 1832 802 1897 cuivis
846 1829 1031 1895 facile
1080 1829 1295 1895 credas
1345 1868 1425 1877 —
1477 1828 1882 1896 incredibilia
1928 1832 2136 1916 igitur
2173 1851 2324 1895 cum
2361 1830 2772 1916 proferuntur

378 1938 455 2002 ab
514 1937 1007 2022 interpretibuS,
1072 1936 1147 2001 de
1212 1937 1603 2002 carminibus
1650 1938 1845 2021 epicis
1893 1939 2118 2002 statim
2164 1940 2546 2023 cogitamus·
2597 1936 2770 2016 Quae

378 2046 585 2130 igitur
644 2043 915 2111 Homeri
980 2044 1176 2109 verba
1224 2044 1341 2136 boc
1389 2042 1888 2109 deliramentum
1936 2046 2003 2107 in
2052 2043 2263 2109 lucem
2313 2064 2536 2109 vocare
2582 2050 2769 2129 potu-

378 2148 607 2217 erunt?
669 2148 810 2215 Aut
867 2153 1125 2237 egregie
1188 2149 1376 2215 fallor
1423 2158 1537 2215 aut
1584 2152 1709 2215 fuit
1755 2149 2076 2236 Odysseae
2126 2172 2347 2218 versus
2391 2152 2772 2217 innocentis-

382 2260 586 2322 simus
632 2259 928 2342 sanisque
974 2257 1345 2321 hominibus
1389 2255 1728 2323 intellectu
1776 2255 2123 2321 facillimus
2170 2264 2225 2335 (ρ
2273 2256 2466 2337 455);

646 2364 712 2427 οὔ
758 2364 833 2428 σύ
881 2367 946 2440 γ’
994 2361 1071 2427 ἂν
1120 2361 1189 2437 ἐξ
1237 2361 1398 2427 οἴκου
1448 2365 1530 2444 σῷ
1582 2363 1889 2443 ἐπιστάτῃ
1937 2362 2057 2427 οὐδ’
2107 2360 2237 2427 ἅλα
2288 2362 2466 2437 δοίης.

376 2468 505 2533 Ubi
568 2469 806 2533 οὐδάλα
869 2489 994 2534 una
1053 2489 1211 2534 voce
1270 2467 1517 2534 lectum
1578 2465 1989 2534 Callistratus
2055 2505 2140 2517 —
2203 2466 2614 2535 Callistratus
2676 2470 2769 2531 in·

377 2595 604 2659 quam,
668 2574 1022 2639 Aristarchi
1084 2572 1319 2639 sodalis
1380 2581 1445 2640 et
1490 2574 1943 2659 Aristophanis
1992 2582 2067 2639 ut
2114 2572 2226 2639 ille
2273 2572 2626 2659 discipulus
2675 2612 2761 2623 —

373 2682 914 2768 interpretabatur
959 2683 1178 2746 sordes.
1226 2680 1450 2766 Neque
1494 2680 1726 2747 melior
1772 2681 1890 2745 hac
1936 2680 2360 2767 explicatione
2406 2701 2610 2767 neque
2660 2680 2763 2746 de-

373 2788 570 2852 terior
621 2787 747 2851 fuit
792 2789 930 2852 eius
980 2790 1092 2873 qui
1139 2784 1273 2852 ἅλα
1321 2787 1609 2868 unquium
1654 2794 1926 2851 ramenta
1970 2785 2326 2865 intellexit,
2376 2791 2442 2852 et
2487 2792 2760 2874 cognato

371 2894 631 2979 ingenio
702 2893 916 2960 deberi
986 2894 1243 2959 videtur
1303 2894 1473 2980 quod
1535 2894 1706 2980 apud
1770 2892 2177 2980 Hesychium
2242 2915 2291 2959 s.
2332 2915 2396 2961 v.
2458 2895 2579 2959 οὐδ’
2625 2891 2757 2958 ἅλα

370 2998 651 3085 legitur:
717 3000 1096 3077 »Αἰγύπτιοι
1162 3000 1265 3079 δέ,
1327 3003 1445 3065 τῶν
1514 2998 1712 3079 ἄρτων
1776 3000 1860 3065 τὰ
1927 3000 2421 3080 Φλογίσματω”.
2503 3001 2633 3067 Ubi
2691 3003 2759 3065 in

371 3124 522 3171 voce
606 3106 941 3182 Αἰγύπτιοι
1020 3107 1391 3190 interpretis
1480 3105 1751 3171 alicuius
1834 3127 2064 3172 nomen
2148 3108 2407 3186 (Aa-lm
2426 3105 2478 3187 ἵ)
2559 3106 2760 3173 late-re

370 3214 677 3297 suspicor.
738 3211 1099 3278 Eorundem
1148 3211 1485 3277 hominum
1534 3212 1663 3277 fuit
1713 3213 1871 3290 κάρα
1924 3216 2324 3279 comminisci
2375 3212 2758 3280 vocabulum

370 3317 795 3383 Homericum
828 3318 1179 3400 pediculum
1225 3317 1593 3404 significans
1639 3325 1704 3383 et
1751 3321 1980 3393 στήτην
2015 3320 2314 3403 feminam
2365 3327 2428 3385 et
2474 3316 2607 3384 ἅλω
2656 3341 2760 3385 vo-

350 3444 512 3489 ·cem
560 3429 695 3489 tam
740 3426 956 3509 inepte
1001 3426 1431 3510 interpretari.

463 3531 551 3596 At
596 3528 764 3611 ἅλα,
814 3553 939 3597 non
978 3529 1218 3595 οὐδάλω
1263 3530 1434 3616 apud
1474 3530 1787 3596 Photium
1827 3528 2129 3596 affertur?
2157 3531 2425 3617 *Nempe
2467 3531 2586 3596 οὐδ’
2625 3531 2757 3596 ἅλα

373 3658 709 3723 perperam
770 3640 840 3703 in
902 3637 1228 3704 codicibus
1286 3638 1598 3703 tribuitur
1660 3635 2032 3704 Callistrato
2054 3687 2071 3717 ‚
2137 3638 2305 3703 unde
2352 3642 2579 3703 natum
2626 3660 2760 3705 esse

378 3746 773 3829 „pessimum
833 3742 1111 3810 Zonaras
1163 3748 1231 3810 in
1278 3744 1485 3812 lexico
1534 3765 1852 3822 errorem,
1901 3742 2038 3810 ἅλα
2086 3765 2276 3810 sensu
2323 3745 2572 3824 κοπρίων
2623 3768 2760 3832 pro-

371 3850 676 3917 ferentis''
724 3851 975 3937 pridem
1023 3851 1241 3917 docuit
1287 3849 1648 3917 Buttmann
1677 3850 1748 3931 ¹).

468 4097 573 4180 70,
624 4100 684 4165 5.
736 4138 820 4150 --
868 4100 942 4167 In
1004 4099 1240 4167 Anecd.
1310 4099 1514 4166 Bekk.
1565 4098 1718 4179 374,
1747 4100 1786 4167 7
1843 4098 1982 4167 loco
2028 4100 2333 4187 parallelo
2380 4123 2495 4187 pro
2539 4102 2756 4176 λίθινος

372 4206 407 4281 ἢ
470 4209 820 4287 ψήφινος
887 4207 1186 4287 μυροθῆκνι
1237 4205 1586 4293 legendum
1636 4226 1772 4272 esse
1820 4207 2167 4287 Φήγινος
2217 4213 2481 4273 annotat
2527 4209 2758 4276 Naber.

436 4496 489 4561 l)
527 4496 618 4555 cf..
652 4512 792 4578 quem
826 4496 1006 4546 indicat
1040 4495 1160 4546 mihi
1197 4495 1374 4559 Naber,
1410 4498 1467 4548 R.
1500 4497 1717 4549 Schmidt
1746 4498 1803 4549 de
1833 4497 2112 4551 Callistrato
2143 4502 2251 4567 poet
2284 4498 2757 4571 NauckiiArietopb.

372 4580 487 4647 Byz.
515 4597 563 4647 p.
600 4580 715 4640 321,
734 4581 812 4630 38.
