3392 5384
1348 403 1725 452 rnA'romoA.
2594 384 2721 451 123
2762 450 2766 454 .

341 567 632 633 clausula
679 568 727 632 εἴ
767 566 992 648 μέλλει
1031 567 1334 642 εὐδαίμων
1373 563 1556 646 εἶναι,
1598 589 1762 653 quae
1801 566 2245 654 magistellum
2286 569 2497 653 magis
2523 587 2717 653 quam

335 676 556 758 ipsum
601 673 1053 760 philosophum
1100 693 1317 759 sapere
1365 675 1530 739 mihi
1578 674 1856 741 videtur.

425 891 501 958 P.
556 890 686 957 508
705 891 783 957 D.
844 892 1116 957 Malim:
1179 892 1489 965 πολλάκις
1527 892 1640 969 μὲν
1693 892 1802 968 ἤδη
1852 889 2123 971 εἴρηται,
2175 890 2340 957 οὐδὲν
2389 892 2451 956 δὲ
2501 891 2717 957 κωλύει

333 997 440 1061 καὶ
497 1002 694 1076 (νῦν)
743 996 832 1062 ἔτι
875 998 1198 1076 λέγεσθαι.

427 1198 503 1263 Ρ.
555 1198 684 1264 513
703 1200 777 1265 Ε.
832 1209 982 1266 ΣΩ.
1023 1196 1167 1281 ςἎρ’
1215 1197 1311 1266 οὖν
1347 1199 1537 1274 οὕτως
1579 1199 1999 1281 ἐπιχειρητέον
2040 1207 2186 1277 ἡμῖν
2226 1199 2388 1263 ἔστιν
2424 1209 2521 1281 τῇ.
2543 1198 2724 1265 πόλει

334 1303 441 1368 καὶ
503 1312 631 1377 τοῖς
692 1307 979 1376 πολίταις
1031 1307 1412 1389 [θεραπεύειν
1463 1306 1586 1372 del.
1637 1305 1892 1390 Cobet]‚
1942 1309 2022 1378 ὥς
2072 1306 2445 1383 βελτίστους
2496 1307 2723 1379 αὐτοὺς

334 1410 522 1483 τοὺς
571 1412 931 1485 πολίταις
979 1417 1336 1494 ποιοῦντας;

424 1516 697 1601 Respuit
755 1517 952 1582 huius
1010 1517 1163 1583 loci=
1198 1521 1511 1584 sententia
1571 1518 1733 1610 ipcos
1796 1519 1985 1594 oivee,
2034 1520 2362 1603 requirens
2412 1540 2507 1581 eos
2554 1517 2717 1598 (scil.

335 1622 536 1703 cives).
588 1622 792 1702 Quare
839 1628 914 1688 ut
957 1623 1276 1710 glossema
1323 1623 1675 1690 deleverim
1723 1623 1865 1696 τοὺς
1913 1624 2199 1695 πολίτας.

420 1840 494 1905 Ρ.
547 1839 675 1907 527
696 1842 771 1906 A.
821 1840 1204 1927 Recipienda
1252 1845 1350 1907 est
1395 1863 1472 1907 ex
1519 1840 1705 1906 libris
1752 1841 1871 1906 BF
1922 1841 2127 1906 forma
2176 1843 2479 1906 sincerior
2525 1842 2721 1919 εἶλιγ·

340 1945 589 2023 >eedem
635 1968 750 2033 pro
800 1948 1208 2025 ἱλιγγιασεις.

420 2052 672 2118 Ibidem
716 2053 994 2141 legitur:
1045 2058 1143 2118 νῦν
1191 2054 1252 2119 δὲ
1301 2054 1444 2138 ὁρᾷς
1492 2050 1581 2120 ὅτι
1624 2061 1788 2135 τρεῖς
1836 2053 2005 2126 ὄντες
2055 2055 2267 2130 ὑμεῖς,
2318 2101 2333 2118 .
2364 2101 2378 2117 .
2410 2101 2425 2117 .
2457 2103 2471 2119 .
2522 2052 2598 2118 σύ
2641 2078 2712 2118 τε

334 2159 438 2222 καὶ
505 2165 715 2231 Πῶλος
781 2159 885 2223 καὶ
953 2160 1253 2240 Γοργίας,
1313 2161 1417 2225 οὐκ
1467 2159 1652 2239 ἔχετε
1702 2157 2025 2235 ἀποδεῖξαι
2074 2163 2150 2230 ὦς
2202 2159 2297 2223 δεῖ
2336 2157 2530 2222 ἄλλον
2579 2160 2718 2223 τινα

330 2263 466 2341 βίον
533 2263 638 2345 ζῆν
700 2268 733 2340 ἢ
800 2271 1033 2345 τοῦτον,
1097 2261 1286 2344 ὅσπερ
1349 2266 1453 2330 καὶ
1519 2268 1718 2330 ἐκεῖσε
1782 2268 1849 2347 (1.
1899 2287 1952 2330 6.
2002 2266 2091 2337 εἷς
2135 2263 2373 2345 Ἃιδου)
2418 2265 2717 2344 φαίνεται

332 2370 692 2450 συμφέρειν.

415 2476 649 2543 Nescio
695 2495 774 2542 an
820 2481 1130 2562 praestet:
1183 2473 1368 2556 ὅσπερ
1417 2477 1520 2542 καὶ
1572 2479 1770 2542 ἐκεῖσε
1821 2479 2072 2557 (ἰοῦσι)
2122 2478 2420 2556 φαίνεται
2469 2475 2716 2556 συμφέ·

327 2607 466 2661 ρειν.
517 2583 851 2648 Facillime
895 2589 1042 2670 post
1085 2583 1304 2651 literas
1350 2583 1594 2649 similes
1643 2592 1841 2649 ΕΙΣΕ
1892 2583 2058 2649 elabi
2102 2585 2316 2668 potuit
2361 2591 2617 2648 ΙΟΥΣΙ.

2014 2735 2040 2761 Ο

422 2795 704 2874 ΜΕΝΟΝ,
753 2816 816 2881 p.
862 2793 1040 2862 70A.
1094 2805 1242 2861 ΣΩ.
1281 2791 1386 2859 ‘³'ss
1439 2795 1670 2874 Μένων,
1722 2796 1830 2873 πρὸ
1878 2801 1983 2861 τοῦ
2034 2796 2146 2871 μὲν
2196 2795 2505 2860 Θετταλοὶ
2555 2795 2718 2860 εὐδό-

328 2924 490 2978 κιμοι
557 2898 713 2976 ἦσαν
777 2903 836 2966 ἐν
899 2909 1028 2992 τοῖς
1087 2897 1393 2974 ’Ἕλλησιν
1441 2901 1542 2965 καὶ
1595 2899 2009 2980 ἐθαυμάζοντο
2061 2901 2165 2981 ἐφ’
2214 2901 2439 2982 ἱππικῇ
2490 2925 2559 2966 τε
2609 2901 2715 2964 καὶ

329 3005 614 3088 πλούτῳ,
681 3011 784 3071 νῦν
847 3006 945 3086 δέ,
1008 3008 1088 3078 ὥς
1150 3005 1284 3084 ἐμοὶ
1332 3007 1528 3084 δοκεῖ,
1580 3007 1684 3070 καὶ
1737 3007 1835 3071 ε’πὶ
1886 3007 2119 3090 σοφίᾳ,
2170 3007 2269 3070 καὶ
2320 3008 2442 3088 οὐχ
2492 3007 2718 3082 ἥκιστα

328 3113 379 3176 οἱ
421 3116 550 3177 τοῦ
613 3116 720 3176 σοῦ
785 3112 1022 3191 ἑταίρου
1087 3114 1630 3193 Ἀριστίππου
1679 3121 1935 3178 πολῖται
1986 3122 2451 3195 Λαρισαῖοι.
2500 3112 2716 3178 τούτου

328 3218 392 3282 δὲ
432 3219 575 3294 ὑμῖν
618 3216 809 3288 αἴτιός
852 3219 982 3282 ἐστι
1025 3219 1317 3298 Γοργίας·
1363 3219 1742 3299 ἀφικόμενος
1782 3221 1908 3298 γὰρ
1952 3219 2039 3290 εἷς
2081 3223 2189 3292 τὴν
2230 3220 2408 3284 πόλιν
2450 3219 2715 3298 ἐραστὰς

331 3324 430 3388 ε’πὶ
475 3325 683 3426 σοφίᾳ
738 3321 997 3400 εἴληφεν
1043 3322 1394 3388 Ἀλευαδῶν
1445 3348 1515 3388 τε
1562 3325 1703 3395 τοὺς
1754 3325 2056 3402 πρώτους,
2108 3320 2183 3388 ὦν
2232 3325 2259 3388 ὂ
2307 3326 2407 3396 σὸς
2458 3326 2717 3404 ἐραστής

333 3430 494 3494 ἐστιν
542 3429 1112 3508 Ἀρίστιππος,
1166 3428 1266 3493 καὶ
1317 3435 1432 3494 τῶν
1505 3428 1716 3494 ἄλλων
1768 3435 2125 3494 Θετταλῶν.

418 3536 610 3600 Facio
674 3556 823 3601 cum
880 3535 1130 3600 Nabero
1177 3558 1303 3602 non
1350 3543 1624 3622 utroque
1671 3537 1811 3603 loco
1861 3538 2261 3618 Ἀρίστιππον
2310 3559 2444 3603 6886
2492 3540 2715 3624 genui-

333 3661 527 3720 num,
589 3641 700 3706 sed
743 3640 890 3706 data
935 3645 1190 3726 optione
1236 3645 1450 3727 potius
1494 3646 1564 3707 in
1609 3647 1962 3729 posteriore
2010 3643 2359 3710 deleverim
2406 3666 2598 3730 quam
2645 3647 2716 3709 in

333 3749 540 3832 priore
600 3768 751 3811 cum
808 3749 966 3832 ipso.
1033 3748 1434 3813 Retinuerim
1483 3758 1732 3827 contra,
1784 3750 1953 3835 quod
1997 3751 2171 3815 idem
2220 3751 2495 3829 delevit,
2544 3751 2716 3814 Lari-

329 3873 624 3918 saeorum
670 3874 937 3930 nomen,
988 3854 1156 3938 quod
1196 3876 1320 3920 non
1361 3857 1496 3920 sine
1538 3857 1923 3921 obscuritate
1965 3857 2239 3942 quadam
2280 3858 2495 3922 abesse
2538 3876 2719 3941 posse

330 3958 608 4038 videtur,
657 3980 772 4024 nec
817 3962 1033 4024 minus
1080 3963 1440 4046 genuinum
1479 3962 1755 4029 arbitror
1804 3971 2091 4041 πολῖται,
2142 3963 2309 4048 quod
2354 3964 2725 4048 proscripsit

327 4067 395 4130 in
443 4065 722 4131 editione
768 4087 884 4131 sua
929 4066 1192 4134 Burnet.

418 4286 491 4350 P.
547 4284 726 4349 94Β.
777 4285 1153 4363 Πάραλον
1199 4287 1304 4351 καὶ
1359 4285 1723 4354 Ξάνθιππον.

420 4390 756 4457 Constanti
818 4413 1025 4457 errore
1082 4394 1172 4457 sic
1219 4399 1285 4458 et
1330 4391 1486 4458 alibi
1533 4394 1703 4480 apud
1749 4393 2085 4459 Platonem
2131 4393 2377 4481 legitur
2424 4416 2536 4481 pro
2584 4405 2717 4460 Πα-

324 4496 565 4576 ραλιος,
619 4497 792 4582 quod
839 4519 1071 4566 verum
1115 4520 1348 4565 nomen
1395 4521 1529 4566 esse
1577 4498 2117 4580 testanturtituli
2166 4501 2389 4565 Attici.
