3392 5384
1187 429 1274 477 1111
1317 428 1637 479 summme
1681 429 2001 478 rmimoo.
2643 412 2777 480 361

386 593 469 659 41
516 593 784 661 Oeneus.
852 594 938 660 42
981 594 1364 661 Oenomaus.
1417 594 1502 660 43
1545 593 1847 681 Oedipus.
1898 594 1985 659 44
2026 594 2341 661 Peliades.
2399 594 2483 660 45
2525 596 2778 665 Peleus,

383 700 469 766 46
510 700 906 767 Palamedes.
956 699 1039 791 47
1079 702 1416 787 Polyidus,
1467 700 1553 766 48
1593 700 2008 789 Protesilaus.
2061 700 2146 765 49
2172 701 2439 767 Rhesus.
2490 700 2575 768 50
2598 703 2781 769 Sthe-

377 796 636 873 neboea:
685 807 767 872 51
812 807 1107 873 Troades.
1161 808 1246 872 52
1279 806 1618 894 Telephus,
1672 808 1757 872 53
1800 806 2185 894 Hypsipyle.
2238 808 2323 873 54
2368 810 2775 876 Phoenissae.

381 912 464 978 55
509 914 917 979 Philoctetes.
973 913 1059 978 56
1100 914 1410 978 Phoenix.
1464 914 1546 980 57
1588 914 1944 979 Phaethon.
1995 912 2080 977 58
2106 914 2409 978 Phrixus.
2464 914 2550 980 59
2577 914 2781 1002 Chry-

380 1041 628 1106 sippus.

467 1128 766 1193 Proxime
829 1121 1003 1192 hisce
1063 1126 1370 1192 accedunt
1427 1148 1506 1192 ex
1555 1126 2014 1192 recentioribus
2061 1131 2314 1191 tantum
2367 1148 2561 1212 quam
2612 1149 2774 1212 quae

375 1233 752 1299 scholiastae
813 1234 1208 1319 tragicorum
1257 1233 1830 1317 Aristophanisque
1880 1232 2186 1317 praebent
2234 1236 2622 1299 testimoniis
2669 1256 2777 1299 no-

381 1340 482 1405 bis
531 1342 862 1425 cognitae:

474 1445 560 1511 60
629 1446 858 1530 Alope,
923 1447 1106 1509 cuius
1169 1466 1398 1510 nomen
1460 1443 1639 1509 adest
1698 1447 1768 1509 111
1828 1465 2146 1509 marmore
2194 1442 2462 1510 Albano.
2523 1445 2776 1511 Laudat

379 1573 457 1617 ex
521 1573 593 1617 ea
654 1550 868 1616 fabula
929 1552 1370 1637 fragmentum
1436 1553 1686 1636 primus
1732 1536 2120 1615 Ammonius
2168 1551 2340 1635 quod
2386 1551 2574 1617 debet
2617 1551 2778 1640 Try-

376 1658 603 1744 phoni,
643 1663 1028 1744 quapropter
1065 1662 1206 1724 iure
1247 1663 1494 1723 statuas
1533 1662 1859 1742 receptam
1900 1678 2041 1722 eam
2074 1657 2273 1723 fuisse
2299 1656 2772 1724 Alexandrinis.

470 1764 549 1829 61
625 1764 980 1830 Plisthenes,
1045 1764 1304 1829 Titulus
1366 1770 1544 1829 extat
1602 1765 1669 1827 in
1714 1762 1927 1849 lapide
1972 1762 2258 1842 PiraicO,
2311 1801 2395 1812 —
2444 1763 2773 1829 Albanum

376 1893 656 1937 marmor
692 1872 970 1937 fractum
1010 1872 1297 1937 desinere
1336 1873 1404 1935 in
1446 1873 1658 1956 priore
1698 1868 1998 1935 columna
2036 1871 2104 1933 in
2129 1869 2367 1934 litteris
2393 1869 2491 1957 Ep
2518 1869 2769 1955 (Epeo),
2878 1942 2885 1953 ,

371 1981 441 2043 111
500 1978 698 2043 altera
762 1978 1019 2043 desiisse
1077 1975 1422 2062 lapicidam
1475 1979 1545 2042 in
1607 1978 1867 2041 nomine
1931 1973 2183 2040 Orestes
2231 1982 2457 2041 notum
2504 1983 2601 2042 est
2649 1997 2768 2056 -3

374 2092 655 2150 ceterum
720 2083 1103 2150 Eustathius
1152 2084 1236 2149 ad
1279 2083 1394 2148 Od.
1449 2081 1645 2149 1761.
1676 2082 1761 2147 69
1810 2081 1910 2146 ἐπὶ
1958 2082 2021 2147 δὲ
2070 2089 2229 2147 πᾶσι
2278 2081 2453 2160 λέγει
2502 2084 2529 2147 ὂ
2576 2084 2769 2156 αὐτὸς

375 2190 825 2269 γραμματικός
871 2190 1350 2274 (Aristophanes
1399 2188 1776 2274 Byzantius)
1825 2187 1928 2251 καὶ
1981 2188 2233 2267 μόμφον
2286 2190 2431 2265 παρ’
2475 2189 2769 2271 Εὐριπίδῃ

373 2297 482 2370 τὴν
523 2296 767 2375 μέμψιν
809 2297 1129 2374 λεχθῆναι.
1178 2294 1277 2359 Ex
1317 2295 1620 2359 Atticista
1659 2291 1904 2379 p.'107.
1936 2291 2019 2356 19
2060 2294 2339 2373 (μόμφον
2379 2285 2769 2372 τῆν’μέμψιν

375 2400 706 2480 Εὐριπίδης
771 2402 1145 2479 Πλεισθένει)
1194 2403 1333 2466 11116
1380 2399 1586 2464 effecit
1630 2398 1967 2489 Nauckius
2013 2399 2508 2484 Aristophanem
2554 2421 2772 2485 gram-

375 2510 691 2573 maticum
737 2507 901 2574 hanc
948 2505 1233 2571 fabulam
1280 2507 1757 2571 memoravisse.

469 2614 554 2680 62
623 2613 977 2696 Melanippe
1021 2614 1243 2679 vineta.
1295 2613 1366 2678 In
1405 2611 1730 2698 lapidibus
1768 2609 2024 2677 nullum
2068 2612 2463 2691 subsidium;
2509 2620 2771 2699 propter

370 2724 712 2787 marmoris
782 2721 1017 2785 Piraici
1086 2722 1260 2785 enim
1321 2718 1754 2785 conditionem
1815 2739 2173 2803 numquam
2238 2723 2456 2783 contra
2518 2719 2769 2785 fabulae

368 2831 767 2915 genuitatem
818 2834 1280 2914 argumentum
1328 2828 1461 2912 pet-i
1509 2832 1688 2913 potet
1736 2848 1813 2891 ex
1855 2847 1926 2891 eo
1968 2825 2136 2911 quod
2176 2826 2267 2891 ibi
2307 2826 2469 2890 desit
2510 2848 2765 2906 nomen,

371 2956 654 3000 marmor
728 2940 948 2999 autem
1010 2933 1334 2999 Albanum
1397 2934 1809 3019 cognomines
1876 2931 2122 2997 fabulas
2196 2953 2553 3017 numquam
2616 2932 2765 3018 plus

371 3061 565 3125 quam
613 3039 812 3104 semel
865 3041 1076 3104 habet.
1125 3039 1250 3105 Sed
1298 3041 1405 3103 vix
1456 3039 1748 3104 dubitare
1793 3042 2017 3123 possis,
2068 3041 2225 3124 quin
2276 3039 2549 3104 sufficiat
2587 3042 2765 3105 testi-

369 3146 664 3210 monium
729 3144 1062 3209 Athenaei.
1127 3144 1252 3223 Qui
1307 3166 1456 3209 cum
1501 3143 1648 3209 XII.
1672 3143 1810 3208 523
1861 3146 2081 3209 scribit
2128 3149 2203 3217 ὥς
2256 3146 2283 3208 o‘
2332 3147 2444 3221 μὲν
2490 3145 2759 3221 Τίμαιός

367 3259 523 3330 <pum
572 3250 676 3314 καὶ
726 3248 1052 3327 Εὐριπίδης
1103 3250 1159 3312 ἐν
1206 3248 1556 3324 Δεσμώτιδι
1601 3248 1632 3323 ἢ
1677 3250 2064 3329 Μελανίππῃ
2107 3250 2551 3336 (neglegenter
2592 3271 2764 3330 sane,

370 3358 426 3421 si
467 3354 728 3441 quidem
773 3356 927 3420 haec
973 3375 1098 3418 non
1146 3352 1394 3419 librarii
1441 3352 1629 3439 culpa
1676 3359 1797 3435 est)
1846 3354 2027 3419 docet
2073 3356 2140 3417 ni
2189 3353 2378 3419 fallor
2424 3354 2762 3421 Timaeum

376 3463 538 3528 hanc
585 3459 869 3526 fabulam
917 3459 1161 3545 duplici
1210 3458 1405 3525 titulo
1452 3479 1863 3524 memorasse.

467 3566 551 3631 63
622 3567 845 3648 Epeus.
906 3566 1312 3649 Quamquam
1369 3565 1564 3629 huius
1623 3563 1877 3629 fabulae
1938 3585 2257 3649 nusquam
2305 3567 2432 3630 nisi
2476 3568 2544 3630 in
2590 3567 2766 3633 Mar-

373 3673 660 3739 moribus
707 3672 956 3737 Albano
1005 3672 1381 3756 Piraicoque
1430 3668 1502 3735 fit
1548 3672 1828 3750 menti0,
1880 3676 2096 3735 tamen
2144 3673 2299 3737 reici
2348 3692 2447 3736 ex·
2473 3672 2765 3760 catalogo

371 3782 484 3847 vix
531 3781 788 3865 poterit.
840 3777 1008 3845 Nam
1055 3780 1182 3843 nisi
1225 3780 1396 3843 inter
1441 3776 1784 3858 σῳζομένας
1837 3778 2066 3842 fuisset
2112 3783 2365 3863 recepta
2418 3800 2547 3844 non
2596 3785 2765 3845 esset

364 3891 433 3953 in
494 3886 806 3952 eiusmodi
867 3885 1182 3972 catalogO.
1253 3884 1554 3971 Spuriam
1624 3890 1843 3949 autem
1904 3886 1970 3949 si
2029 3905 2168 3949 eam
2236 3886 2501 3951 fortasse
2564 3886 2761 3952 fuisse

365 3994 726 4072 contendas,
775 3993 929 4057 haec
975 3993 1253 4077 suspicio
1301 3994 1425 4057 erit
1471 4011 1631 4077 quae
1672 4011 1877 4076 neque
1918 3994 2279 4077 oppugnari
2315 3994 2516 4077 possit
2552 4013 2759 4077 neque

367 4101 640 4185 probari.

458 4206 542 4270 64
613 4205 978 4271 Temenidae.
1035 4205 1228 4270 Hunc
1289 4204 1561 4270 titulum
1622 4206 1793 4269 inter
1849 4206 2093 4290 priores
2139 4204 2381 4270 LVIIII
2427 4228 2759 4272 non-enu-

362 4315 638 4390 meravi,
695 4332 1088 4397 quamquam
1135 4331 1213 4376 ex
1262 4310 1525 4376 scholiis
1573 4311 1652 4376 ad
1696 4311 1855 4375 Ran.
1910 4310 2084 4376 1338
2134 4316 2382 4377 constat
2429 4316 2757 4399 cognitam

357 4440 499 4485 eam
548 4418 743 4483 fuisse
792 4416 1134 4501 Apollonio
1186 4418 1628 4495 Aristarcheo,
1680 4412 1983 4502 quoniam
2026 4417 2489 4483 dubitaverunt
2528 4418 2753 4501 multi,

358 4524 769 4604 Temenidae,
818 4522 1257 4591 Temenumve
1305 4544 1383 4588 an
1431 4526 1769 4610 utriusque
1812 4526 2091 4590 nominis
2140 4523 2423 4591 fabulam
2471 4528 2759 4613 scripsis-
