3392 5384
1185 422 1273 470 mi
1319 420 1640 470 suamms
1682 395 2008 469 murno&
2649 401 2783 470 379

474 587 600 653 Sed
663 593 816 652 sunt
879 592 1093 653 tamen
1152 608 1312 673 quae
1361 587 1605 653 nobiles
1653 608 1906 674 quoque
1953 588 2125 672 ipsos
2175 587 2280 651 hic
2327 585 2462 652 illic
2507 588 2783 652 incertos

379 694 648 760 reddant
718 701 782 760 et
853 693 1097 760 dubios.
1170 693 1310 758 Iam
1371 693 1638 760 lucescit
1702 696 1977 779 suspicio
2042 691 2389 778 quaedam,
2456 694 2586 757 iam
2649 715 2781 758 non

381 800 612 866 desunt
674 803 786 886 qui
859 801 1134 879 „referre
1198 808 1435 887 negent
1501 799 1676 886 quali
1742 803 1829 865 sit
1876 795 2147 886 quisque
2196 805 2458 885 parente
2507 799 2778 865 natus’'l

381 907 540 973 Ecce
583 907 836 973 Orestes
875 928 1061 986 cum,
1103 909 1171 972 in
1214 907 1502 986 Electra,
1543 928 1755 973 mores
1795 909 2081 992 Auturgi
2117 907 2604 971 honestissimos
2630 928 2779 971 cum

381 1034 613 1099 genere
652 1015 932 1079 hominis
973 1013 1449 1080 modestissimo
1488 1017 1692 1079 immo
1731 1012 1970 1078 humili
2008 1019 2336 1097 comparat
2377 1019 2499 1093 (vs.
2556 1011 2715 1093 367)

744 1122 849 1185 οὐκ
900 1118 1028 1184 ἔστ’
1075 1121 1326 1200 ἀκριβὲς
1379 1121 1544 1186 οὐδὲν
1593 1123 1680 1193 εἷς
1730 1120 2083 1199 εὐανδρίαν·

744 1226 953 1306 ἔχουσι
1002 1228 1126 1307 γὰρ
1177 1228 1502 1306 ταρκγμὸν
1554 1228 1620 1291 αἱ
1671 1227 1895 1306 φύσεις
1945 1225 2195 1304 βροτῶν.

475 1331 988 1420 Cogitationibus
1042 1333 1362 1399 eiusmodi
1409 1354 1638 1418 parum
1687 1354 1753 1398 se
1800 1340 2027 1418 aptum
2076 1333 2274 1398 sentit
2322 1321 2777 1411 Orestes3‘vix

379 1442 735 1526 ingressam
783 1440 1297 1525 disquisitionem
1347 1438 1663 1504 dimittit:

744 1546 1066 1628 κράτιστον
1114 1548 1244 1626 εἰκῇ
1293 1550 1476 1610 ταῦτ’
1529 1547 1637 1610 ε’ἱὶν
1687 1545 2044 1625 ἀφειμένα,

379 1651 488 1718 sed
557 1654 613 1718 si
681 1652 896 1718 adesse
966 1654 1280 1738 potuisset
1349 1650 1828 1737 disputantibus
1892 1655 1961 1716 in
2024 1651 2353 1736 Euripidis
2414 1649 2774 1716 Alexandro

377 1758 480 1838 (fr.
511 1757 806 1840 52—55)
833 1760 1118 1836 vidisset,
1156 1756 1484 1823 nonnullis
1511 1757 1773 1843 quidem
1799 1757 2048 1843 placere
2070 1759 2325 1844 generis
2350 1756 2775 1835 nobilitatem,

377 1866 726 1931 secundum
784 1865 943 1931 alios
1003 1870 1221 1930 autem
1286 1885 1505 1930 veram
1570 1870 1764 1950 atque
1812 1867 2067 1930 unicam
2118 1862 2524 1929 nobilitatem
2572 1868 2637 1928 et
2682 1864 2775 1928 in-

377 1974 777 2059 genuitatem
823 1975 1032 2058 ipsam
1078 1976 1366 2038 constare
1413 1970 1566 2037 solis
1613 1973 1828 2058 probis
1877 1973 2081 2037 animi
2126 1971 2448 2049 moribus,
2499 1972 2654 2056 quin

743 2078 985 2145 multos
1031 2099 1214 2163 saepe
1260 2081 1434 2144 viros
1479 2077 1676 2144 nullis
1724 2078 2076 2144 maioribus
2124 2084 2296 2144 ortos

377 2191 442 2252 et
494 2188 734 2252 vixisse
780 2186 1009 2270 probos
1057 2191 1122 2250 et
1163 2184 1465 2250 laudibus
1511 2185 1707 2271 digna
1755 2191 2167 2270 perpetrasse.
2220 2183 2475 2250 Diserte
2525 2183 2602 2248 de
2650 2183 2768 2248 hac

377 2291 566 2358 laude
615 2291 846 2379 Dictys
892 2292 967 2356 fr.
1018 2289 1186 2356 336:
2736 2302 2741 2308 '

739 2399 826 2471 εἰς
874 2399 926 2464 δ’
976 2397 1291 2475 εὐγένειαν
1340 2397 1504 2474 ὀλίγ’
1552 2395 1678 2479 ἔχω
1730 2395 1971 2477 φράσαι
2023 2397 2233 2462 καλά·

739 2505 767 2570 ὅ
816 2504 928 2581 μὲν
976 2503 1355 2582 γὰροέσθλὸς
1404 2503 1662 2580 εὐγενὴς
1711 2500 1915 2581 ἔμοιγ’
1963 2503 2130 2584 ἀνήρ,

741 2611 768 2675 ὃ
816 2611 868 2676 δ’
917 2612 979 2676 οὔ
1030 2609 1296 2688 δίκαιος,
1348 2607 1463 2674 κᾶν
1514 2610 1828 2686 ἀμείνονος
1876 2609 2108 2690 πατρὸς

739 2716 926 2792 Ζηνὸς
975 2715 1264 2796 πεφύκῃ,
1315 2716 1611 2794 δυσγενὴς
1662 2713 1816 2782 εἶναι
1866 2717 2049 2783 δοκεῖ.

426 2823 652 2904 vUltra
719 2824 1018 2910 progredi
1079 2845 1562 2910 nonnumquam
1628 2825 1922 2906 homines
1978 2825 2397 2910 Euripideos,
2447 2829 2522 2888 ut
2568 2825 2763 2888 etiam

373 2950 586 2996 servos
663 2952 1124 3016 servorumque
1192 2929 1358 2997 filios
1429 2933 1671 2996 virtute
1745 2930 2122 2998 antecellere
2199 2935 2534 3008 moneant,
2608 2931 2765 2994 satis

375 3040 600 3100 notum
646 3042 764 3101 est.

463 3140 1029 3208 Verumenimvero
1092 3146 1329 3228 poterit
1392 3142 1627 3228 aliquis
1692 3145 2105 3223 contendere,
2170 3147 2251 3209 iis
2314 3165 2475 3230 quae
2524 3142 2763 3208 adduxi

374 3269 602 3334 parum
651 3247 974 3314 debilitari
1019 3270 1245 3314 eorum
1295 3251 1662 3334 opinionem
1711 3253 1824 3334 qui
1872 3250 2130 3316 credant
2178 3251 2532 3316 secundum
2579 3250 2765 3314 Euri-

371 3355 586 3441 pidem
645 3354 924 3421 indolem
986 3356 1237 3421 homini
1301 3357 1561 3420 insitam
1614 3375 1730 3419 nec
1777 3358 2020 3421 mutari
2066 3376 2180 3421 nec
2230 3359 2500 3442 corrigi,
2552 3360 2618 3420 et
2661 3355 2765 3420 hic

371 3462 631 3548 quidem
672 3461 844 3527 haud
883 3463 1147 3527 obscure
1187 3463 1554 3546 opinionem
1595 3482 1780 3526 suam
1820 3460 2210 3548 significasse
2247 3467 2503 3548 poetam
2526 3461 2603 3526 fr.
2632 3459 2765 3526 810

737 3567 1033 3648 μέγιστον
1084 3567 1151 3645 ἦν
1201 3565 1297 3647 ἄρ’
1350 3571 1384 3644 ἧ
1433 3568 1657 3647 φύσις·
1711 3569 1778 3632 τὸ
1829 3569 1953 3647 γὰρ
2003 3567 2192 3634 κακὸν

732 3673 926 3746 οὐδεὶς
974 3672 1211 3753 τρέφων
1263 3669 1329 3739 εὖ
1376 3672 1644 3755 χρηστὸν
1697 3672 1773 3738 ἂν
1824 3674 1947 3750 θείη
1996 3675 2165 3739 viora.

367 3779 532 3847 Sane
578 3782 697 3847 hoc
744 3778 1051 3845 concedo:
1102 3779 1205 3844 his
1252 3781 1544 3845 versibus
1593 3782 1732 3846 sive
1773 3782 1911 3866 ipse
1949 3780 2329 3866 Euripides,
2373 3783 2509 3846 sive
2550 3783 2763 3846 nescio

369 3888 512 3970 quis
578 3908 655 3951 ex
713 3885 1016 3951 heroibus
1078 3883 1310 3951 diserte
1376 3889 1663 3964 monuit,
1731 3908 1864 3952 esse
1928 3887 2179 3953 malum
2244 3886 2413 3972 quod
2475 3886 2631 3952 adeo
2681 3887 2759 3952 ab

371 3994 547 4056 omni
607 3997 786 4077 parte
845 3993 1201 4076 pessimum
1262 3992 1379 4069 sit,
1447 4015 1573 4058 non
1639 3998 1715 4057 ut
1776 3991 1913 4058 ulla
1974 3999 2109 4059 arte
2163 3996 2363 4079 possit
2410 3993 2757 4059 emendari.

372 4093 673 4163 Ceterum
736 4096 858 4161 hoc
918 4118 1170 4183 quoque
1233 4097 1531 4183 Euripidi
1586 4097 1803 4164 visum
1852 4120 1987 4165 esse
2034 4121 2224 4165 nemo
2276 4100 2570 4186 negabit:
2621 4121 2756 4165 esse

367 4224 553 4288 porro
615 4202 935 4287 quandam
998 4205 1227 4288 cuique
1290 4207 1617 4290 propriam
1681 4207 1884 4271 animi
1946 4205 2226 4273 indolem
2276 4228 2435 4292 quae
2483 4209 2594 4272 vix
2632 4229 2755 4292 un-

361 4329 556 4394 quam
617 4329 879 4394 prorsus
941 4308 1278 4375 abolescat.
1364 4308 1490 4377 Sed
1557 4311 1716 4376 utile
1782 4319 1879 4377 est
1943 4311 2018 4378 de
2085 4314 2206 4379 hac
2265 4320 2495 4379 natura
2558 4316 2760 4382 animi

359 4414 703 4484 Hecubam
750 4415 972 4482 audire
1021 4416 1581 4502 philosophantem
1631 4418 1817 4499 (Hec.
1870 4418 2027 4500 596)

1317 4525 1424 4592 οὐκ
1471 4521 1566 4594 οὖν
1615 4525 1821 4607 δεινόν,
1871 4527 1921 4593 εἰ
1971 4533 2057 4607 γῆ
2104 4527 2219 4608 μὲν
2266 4528 2425 4604 κακὴ
