3392 5384
661 399 796 465 410
1708 415 2020 464 nolumus.

653 583 848 648 boni’'
911 587 1102 666 atque
1166 581 1525 668 longiorem
1575 581 1965 645 sententiam
2020 579 2219 658 „dicit
2265 582 2437 645 enim
2484 602 2562 646 ex
2606 581 2829 647 bonis'’
2880 587 3053 661 cett„

653 689 732 754 ad
779 693 1128 772 utrumque
1176 686 1452 754 rettulit.
1505 685 1715 754 Schol.
1766 683 1863 766 (7)
1914 685 2109 751 aliam
2159 685 2324 751 alius
2370 689 2672 772 magistri
2716 691 3057 754 enarratio-

655 815 808 860 nem
853 796 1160 860 continet.

743 899 1004 966 Scholia
1059 899 1276 981 (1)(2)
1341 921 1546 966 unum
1612 901 1993 965 continuum
2052 897 2289 964 Donati
2338 899 2621 965 efficiunt
2666 903 2723 966 si
2768 901 3053 966 demitur

647 1005 1061 1092 interpolatio
1109 1005 1393 1072 Editoris
1445 1006 1552 1083 „id
1595 1011 1691 1070 est
1739 1003 2073 1090 liquido
2120 1011 2186 1070 et
2234 1007 2728 1072 manifesto”
2772 1007 2940 1072 hunc
2978 1010 3051 1072 in

653 1113 949 1179 modum:
1021 1162 1053 1190 „
1079 1111 1378 1189 „Facile”
1401 1113 1438 1140 ’'
1501 1107 1882 1178 adverbium
1929 1111 2362 1177 confirmantis
2410 1118 2540 1192 est;
2591 1119 2841 1204 veteres
2888 1114 3053 1178 dice-

651 1219 803 1283 bant
859 1240 970 1304 pro
1023 1225 1254 1284 certo
1309 1223 1458 1283 cett.
1533 1217 1753 1282 Etiam
1804 1215 1905 1297 (3)
1956 1218 2315 1302 genuinum
2378 1239 2551 1297 esse,
2616 1240 2716 1284 res
2774 1221 2913 1304 ipsa
2959 1218 3053 1284 lo-

654 1327 899 1412 quitur.
1501 1397 1516 1412 .

743 1429 1050 1497 Videmus
1107 1433 1316 1518 igitur
1374 1431 1527 1496 haec
1589 1430 1956 1495 Andriae
2019 1429 2260 1494 scholia
2317 1430 2538 1497 eadem
2588 1433 2831 1496 ratione
2878 1451 3053 1496 com-

652 1543 874 1624 parata
911 1559 1083 1615 esse,
1125 1558 1320 1622 quam
1360 1539 1426 1601 in
1467 1535 1811 1622 permultis
1836 1536 1914 1601 ad
1954 1535 2447 1602 Eunuchum
2488 1537 3050 1623 deprehendimus.

650 1644 877 1711 Editor
920 1646 1171 1710 invenit
1217 1646 1282 1708 in
1333 1651 1696 1709 commento
1736 1641 2062 1722 (1)-(4),
2127 1642 2229 1707 his
2267 1645 2541 1710 inseruit
2578 1643 2898 1710 emblema
2935 1665 3053 1731 per

649 1752 719 1814 id
764 1758 852 1816 est
899 1759 964 1816 et
1013 1751 1351 1815 subiunxit
1398 1749 1494 1829 (6)
1542 1755 1608 1814 et
1655 1749 1771 1829 (5).
1823 1745 2219 1833 Oompilator
2264 1752 2658 1835 transposuit
2706 1750 2803 1830 (6)
2840 1757 2905 1816 et
2945 1750 3053 1816 ad-

657 1856 819 1922 didit
866 1878 900 1922 e
950 1859 1244 1942 margine
1289 1855 1564 1941 quodam
1607 1853 1726 1936 (7).

741 1962 948 2028 Ibid.
997 1962 1050 2026 V
1099 1963 1163 2028 2.
1201 1960 1284 2026 14
1355 1961 1582 2028 Nescio
1643 1964 1789 2047 quis
1837 1982 2028 2027 senex
2074 1961 2264 2027 modo
2314 1964 2521 2040 venit,
2571 1960 2805 2028 ellum!
2857 1962 3054 2028 confi-

653 2068 805 2134 dens
855 2073 1037 2134 catus

743 2175 841 2254 (1)
913 2174 1082 2240 Bene
1155 2176 1405 2252 „nescio
1469 2174 1694 2260 quis'':
1768 2176 2008 2239 etenim
2075 2176 2130 2238 si
2191 2180 2383 2240 notus
2446 2182 2647 2250 esset,
2716 2175 3049 2242 videretur

657 2281 1039 2367 gratificari,
1077 2317 1174 2344 .—
1221 2280 1288 2344 id
1351 2285 1448 2344 est
1507 2282 1830 2365 gratiosus
1892 2275 2029 2345 es'se
2091 2282 2272 2344 testis
2318 2287 2383 2346 et
2430 2283 2645 2346 minus
2693 2302 2904 2347 verus.
2956 2317 3047 2332 —-

652 2388 752 2468 (2)
821 2367 1130 2466 „Ellum”
1182 2393 1431 2452 veteres
1477 2387 1644 2472 quod
1691 2407 1805 2452 nos
1853 2384 2101 2451 illum
2154 2387 2429 2479 dicimus
2476 2387 2580 2452 vel
2627 2387 2888 2453 ellum
2935 2387 3048 2453 vel

653 2493 918 2560 ollum
989 2494 1300 2558 dicebant.
1373 2492 1681 2572 Quamvis
1752 2492 2039 2570 „ellum”
2113 2493 2375 2577 quidem
2449 2516 2673 2571 „ecce
2741 2493 3039 2560 illum'’

649 2599 856 2666 velint
914 2599 1239 2687 intelligi,
1307 2608 1640 2686 tamquam
1703 2622 1815 2684 pro
1876 2603 2015 2686 ipso
2080 2600 2345 2665 domum
2411 2598 2701 2688 Glycerii
2749 2602 3043 2668 ostendat

547 2718 552 2722 “
651 2707 871 2773 Davus
928 2708 1140 2773 dicens
1206 2707 1514 2785 ,‚ellum’'.
1701 2706 1799 2788 (3)
1861 2707 2057 2787 Quasi
2123 2729 2257 2785 „en
2315 2707 2634 2787 illum''‚
2684 2715 2780 2773 est
2827 2711 3041 2787 enim,

649 2819 726 2879 ut
773 2813 886 2878 alii
936 2813 1211 2902 <volunt
1259 2811 1432 2898 W.>‚
1483 2833 1851 2897 pronomen,
1904 2819 1979 2877 ut
2025 2814 2139 2878 alii
2186 2814 2562 2880 adverbium
2610 2815 3045 2882 demonstran-

650 2922 767 2996 tis,
831 2939 980 2982 nam
1044 2938 1388 3004 pronomen
1452 2918 1830 2983 huiusmodi
1891 2925 2137 2984 veteres
2198 2923 2289 3008 sic
2349 2922 2787 3007 proferebant:
2842 2921 3039 3002 ille,

648 3024 910 3101 ollus,
949 3023 1200 3138 xellus.
1384 3025 1479 3104 (4)
1528 3023 1685 3103 Sed,
1740 3033 1807 3088 ut
1848 3025 2139 3104 diximus,
2182 3026 2561 3093 adverbium
2604 3031 3039 3113 compositum

644 3152 720 3196 ex
781 3132 1155 3217 pronomine
1220 3130 1427 3196 videri
1488 3137 1735 3216 potest,
1785 3138 1859 3196 ut
1906 3134 1993 3196 sit
2042 3153 2135 3197 en
2185 3132 2292 3198 vel
2342 3155 2532 3199 ecce
2577 3133 2849 3201 illum.

641 3237 740 3318 (5)
792 3234 1214 3315 „Confidens”
1264 3237 1683 3303 confidentem
1734 3239 1839 3303 hic
1886 3261 2001 3325 pro
2051 3242 2399 3318 constanti,
2449 3262 2573 3306 non
2622 3241 2791 3307 mala
2840 3244 3040 3329 signi-

641 3343 936 3409 ficatione
983 3347 1218 3430 posuit.
1358 3343 1455 3424 (6)
1509 3343 1797 3423 „Catus”
1848 3345 2151 3424 callidus,
2202 3345 2445 3412 doctus.
2586 3345 2683 3428 (7)
2732 3345 3031 3436 (Catus)

640 3451 865 3516 ardens
933 3452 1106 3530 παρὰ
1171 3456 1274 3515 τοῦ
1326 3450 1514 3529 κάειν,
1565 3450 1732 3515 unde
1780 3449 1982 3518 Cato
2033 3451 2275 3516 dictus:
2325 3454 2737 3539 ingeniorum
2786 3457 3029 3520 etenim

641 3560 872 3644 igneus
914 3560 1098 3643 vigor
1148 3564 1262 3623 est.

735 3662 903 3730 Cum
951 3665 1052 3728 his
1099 3663 1538 3748 componenda
1585 3670 1773 3727 sunt:

734 3768 931 3834 Andr.
979 3768 1075 3834 III
1123 3767 1183 3834 3.
1212 3767 1298 3833 48
1352 3768 1675 3846 „Eccum”
1729 3771 1910 3854 quasi
1958 3790 2139 3834 ecce
2185 3792 2363 3836 eum
2413 3777 2662 3838 veteres
2709 3773 3029 3852 dixerunt,

647 3875 816 3964 (ut)
868 3874 1298 3953 eccillum,
1366 3875 1533 3959 quod
1582 3877 1866 3961 apertius
1914 3875 2238 3962 significat
2286 3899 2472 3943 ecce
2518 3877 2771 3944 illum
2817 3885 2881 3945 et
2926 3881 3033 3946 ob-

641 3983 889 4046 scurius
939 3980 1219 4048 ellum.
3110 4058 3114 4064 ,

731 4085 854 4151 Ad.
904 4086 964 4151 II
1013 4089 1072 4153 3.
1106 4086 1143 4155 7
1194 4087 1290 4168 (4)
1343 4086 1654 4164 „Ellum”
1707 4110 1894 4154 ecce
1943 4085 2195 4155 illum
2246 4128 2330 4140 -
2382 4090 2477 4171 (5)
2525 4089 2631 4155 vel
2676 4111 3029 4175 pronomen

638 4201 734 4259 est
794 4194 897 4280 vel
961 4194 1343 4260 adverbium
1401 4195 1900 4261 demonstrantis
1950 4232 2035 4244 —
2091 4195 2249 4287 <alii
2307 4195 2450 4287 W.>
2504 4195 2791 4274 „ellum”
2837 4200 3032 4262 inter-

637 4303 928 4386 rogative
991 4299 1254 4387 legunt,
1323 4306 1398 4364 ut
1459 4303 1576 4366 sit:
1648 4301 1894 4379 „ellum
1945 4299 2144 4367 dicis?
2194 4308 2257 4366 te
2304 4308 2598 4388 expectat
2646 4303 2901 4380 domi’';
2951 4309 3029 4368 ut

639 4407 724 4470 sit
765 4406 1051 4484 „ellum”
1095 4428 1480 4493 pronomen,
1524 4406 1592 4471 id
1632 4413 1731 4472 est
1768 4406 1963 4473 illum
1980 4430 1997 4488 3
2045 4430 2197 4474 nam
2236 4414 2300 4474 et
2344 4408 2596 4484 illum
2647 4416 2710 4476 et
2758 4409 3024 4476 ellum

638 4519 702 4577 et
748 4510 1011 4578 ollum
1059 4522 1302 4604 veteres
1351 4514 1674 4580 dixerunt.
2550 4511 2553 4514 ’
