3392 5384
1402 417 1684 468 s'rA'rms.
2599 400 2725 466 133

339 581 476 647 fere
537 583 615 647 ab
677 582 1026 647 editoribus
1088 589 1468 660 recensetur,
1530 603 1656 667 quo
1722 583 1876 647 haec
1939 581 2153 647 evadit
2221 587 2566 649 sententia:
2616 589 2730 649 aut

337 687 556 774 qualia
615 687 873 754 tandem
937 687 1069 752 fata
1125 689 1304 752 nobis
1353 685 1640 774 aperies?
1706 685 1957 752 Garrod
2006 694 2222 753 tamen
2270 688 2501 754 codicis
2544 694 2729 754 vetu-

334 797 610 859 stissimi
668 794 948 878 quianam
1011 797 1313 870 retinuit,
1377 794 1485 858 sed
1547 814 1662 878 pro
1715 794 1985 857 recludes
2034 797 2339 879 temporis
2382 798 2730 880 praesentis

335 900 616 965 formam
683 903 900 985 posuit
968 900 1230 963 recludis
1298 899 1416 964 hoc
1488 899 1740 964 addito:
1814 902 1857 962 i.
1888 920 1941 963 e.
2008 898 2236 964 celans.
2298 899 2481 964 Hanc
2544 900 2729 966 verbi

333 1005 874 1093 significationem
939 1005 1165 1070 deinde
1227 1005 1475 1071 duobus
1522 1004 1680 1069 locis
1726 1025 1758 1068 e
1808 1003 2005 1069 Silvis
2053 1006 2271 1090 petitis
2318 1006 2727 1091 comprobare

333 1113 460 1177 sibi
520 1115 699 1176 visus
763 1118 860 1176 est
925 1111 1284 1196 adiecitque
1346 1131 1412 1175 se
1463 1113 1779 1195 suspicari
1831 1110 2101 1174 verbum
2146 1110 2510 1176 recludendi
2556 1111 2726 1196 apud

333 1216 624 1282 Statium
687 1219 948 1282 omnino
1011 1218 1136 1282 non
1187 1216 1496 1301 ‘aperire’,
1546 1215 1654 1280 sed
1704 1236 1956 1301 semper
2005 1217 2293 1300 ‘operire’
2345 1217 2723 1302 significare.

425 1324 826 1409 Quamquam
865 1325 1069 1408 ipsius
1107 1323 1289 1390 verbi
1328 1321 1697 1388 recludendi
1734 1324 1803 1385 in
1844 1320 2198 1386 Achilleide
2221 1320 2409 1408 plura
2432 1322 2725 1409 exempla

331 1450 460 1494 non
521 1435 705 1505 sunt,
774 1427 968 1493 verba
1025 1448 1186 1513 quae
1234 1434 1384 1492 sunt
1434 1427 1764 1513 ‘retegere’
1814 1433 1933 1505 (vs.
1988 1425 2153 1491 925:
2206 1426 2589 1512 tandemque
2633 1449 2727 1492 re-

332 1539 582 1600 tectum
625 1533 874 1613 foedus)
919 1539 984 1597 et
1036 1531 1351 1597 ‘reserare’
1402 1531 1508 1612 (ΙΙ.
1563 1531 1685 1597 34:
1736 1537 2145 1617 erectumque
2192 1540 2411 1597 manet
2447 1538 2724 1597 reserato

331 1643 399 1704 in
460 1638 688 1704 limine
750 1638 1034 1718 Bellum)
1092 1636 1363 1704 Garrodi
1407 1640 1776 1724 opinionem
1823 1639 2092 1702 minime
2140 1637 2537 1702 confirmant.
2602 1636 2723 1702 Sed

332 1745 409 1810 de
468 1744 626 1810 locis
684 1748 754 1808 in
817 1743 1014 1809 Silvis
1076 1744 1432 1809 videamus.
1503 1742 1667 1808 silv.
1720 1741 1802 1807 II.
1852 1740 1913 1808 4.
1944 1742 2028 1806 32
2075 1742 2149 1808 de
2196 1746 2467 1828 psittaco
2512 1763 2722 1808 sermo

329 1856 462 1929 est,
526 1871 654 1935 quo
717 1850 962 1916 recluso
1025 1849 1261 1914 Melior
1321 1871 1677 1934 numquam
1744 1848 1941 1934 soluss
1971 1857 2155 1914 esset.
2207 1847 2450 1915 Garrod
2501 1856 2721 1914 autem

329 1957 660 2023 contendit
706 1956 1033 2020 reclueo=
1058 1954 1287 2019 vinclis
1333 1959 1614 2033 retento,
1664 1955 1833 2040 quod
1872 1960 1945 2019 ut
1984 1953 2236 2020 credam
2275 1955 2503 2020 adduci
2540 1977 2722 2020 num·

328 2083 525 2147 quam
565 2067 821 2146 potero,
862 2082 1011 2126 nam
1053 2067 1197 2125 tum
1240 2060 1502 2126 demum
1543 2063 1668 2125 ist-a
1704 2063 2146 2145 interpretatio
2171 2061 2419 2146 aliquid
2441 2060 2719 2138 valeret,

327 2171 383 2233 si
447 2174 667 2252 postea
731 2169 1046 2253 psittacus
1109 2167 1504 2252 aufugisset,
1569 2164 1927 2244 avolasset,
1973 2166 2081 2230 sed
2127 2187 2252 2231 non
2297 2169 2393 2231 ita
2439 2167 2717 2244 factum,

325 2293 482 2337 nam
543 2279 840 2338 mortuus
901 2279 1016 2337 est.
1066 2272 1359 2336 Praestat
1404 2275 1632 2358 igitur,
1683 2273 1741 2335 si
1789 2271 1944 2355 quid
1993 2271 2210 2350 video,
2261 2271 2572 2337 Vollmeri
2618 2293 2721 2337 ex-

326 2378 622 2464 plicatio:
689 2400 844 2462 „quo
891 2378 1120 2442 recluso
1168 2399 1351 2442 wenn
1398 2376 1509 2442 der
1555 2376 1751 2463 Kafig
1798 2376 2074 2463 geoffnet
2121 2376 2373 2456 wurde3
2419 2377 2561 2442 dass
2610 2376 2721 2443 der

330 2484 534 2569 Vogel
579 2483 888 2549 zuweilen
933 2484 1053 2547 frei
1098 2483 1478 2561 umherlief,
1527 2485 1698 2569 zeigt
1745 2504 1841 2547 vs.
1892 2481 1931 2546 6
1981 2489 2273 2546 errantem
2320 2481 2533 2546 tori3.''

418 2589 538 2655 Est
597 2589 776 2654 locus
839 2587 1000 2654 alter
1057 2587 1218 2654 Silv.
1265 2587 1379 2653 ΠΙ.
1431 2587 1491 2652 4.
1522 2588 1583 2665 5,
1634 2588 1748 2653 ubi
1798 2590 1997 2653 Amor
2043 2586 2377 2672 speculum
2425 2587 2716 2653 attulisse

325 2697 534 2762 fertur
593 2716 860 2761 aureum
929 2697 1337 2780 gemmisque
1406 2701 1701 2758 ornatum
1725 2743 1741 2771 ,
1816 2691 1988 2778 quod
2048 2692 2270 2757 Earini
2335 2691 2591 2778 capillis·
2646 2695 2714 2757 in

327 2803 552 2867 Asiam
613 2799 948 2865 mittendis
1010 2799 1503 2885 adiungeretur:
1567 2798 1792 2864 laudat
1856 2798 2097 2863 donum
2158 2820 2351 2863 suum
2399 2804 2590 2884 atque
2636 2800 2714 2865 ab

324 2907 563 2972 Earino
610 2908 774 2992 petit
819 2907 1008 2970 haec:

598 3019 673 3076 tu
717 3010 906 3076 modo
951 3011 1079 3096 fige
1125 3013 1329 3076 aciem
1375 3017 1440 3075 et
1487 3009 1711 3076 vultus
1758 3011 1861 3075 hic
1909 3031 2112 3095 usque
2158 3009 2483 3096 relinque!

320 3139 449 3204 quo
501 3119 669 3183 facto
717 3116 1072 3203 ‘speculum
1119 3117 1382 3181 reclusit
1427 3119 1714 3202 imagine
1760 3117 1987 3202 rapta'.

413 3222 611 3287 Hunc
672 3242 923 3307 quoque
968 3221 1186 3296 locum
1235 3220 1640 3286 Vollmerum
1685 3228 1854 3286 recte
1900 3223 2393 3306 interpretatum
2440 3243 2574 3288 esse
2622 3244 2714 3288 ar-

322 3331 557 3394 bitror:
627 3327 916 3404 „reclusit
973 3329 1134 3392 nach
1191 3327 1551 3392 Aufnahme
1600 3327 1710 3391 des
1759 3325 1972 3390 Bildes
2019 3325 2309 3390 schliesst
2358 3329 2557 3404 Amor
2603 3328 2714 3394 das

323 3433 661 3520 speculum
726 3432 959 3498 wieder
1017 3435 1086 3496 in
1147 3435 1282 3497 sein
1345 3430 1701 3509 Behiiltnis,
1768 3431 1878 3496 das
1941 3438 2208 3510 λοφεῖον,
2260 3431 2411 3496 oder
2459 3434 2712 3498 machte

326 3540 450 3605 den
511 3542 635 3603 mit
695 3536 1082 3605 Charnieren
1141 3537 1524 3623 befestigten
1572 3534 1815 3602 Deckel
1862 3536 2020 3602 iiber
2065 3536 2210 3602 dem
2257 3535 2520 3624 Spiegel
2565 3540 2687 3604 zu.'

324 3643 445 3710 Ille
488 3647 700 3730 igitur
746 3664 872 3708 non
921 3663 1070 3708 cum
1119 3639 1433 3708 Garrodio
1483 3641 1761 3760 explicat
1803 3642 2155 3706 reclusit=
2178 3647 2462 3728 operuit,
2503 3645 2714 3710 sed=

322 3771 620 3815 rursus
669 3750 942 3834 operuit.
1010 3747 1182 3827 Quae
1227 3769 1375 3813 cum
1423 3750 1515 3813 ita
1562 3751 1724 3824 sint,
1743 3716 2006 3812 editori
2052 3770 2178 3812 non
2221 3752 2530 3815 assentior
2575 3772 2715 3816 ver-

323 3857 480 3921 bum
543 3852 915 3919 recludendi
974 3853 1145 3939 apud
1204 3851 1487 3918 Statium
1536 3856 1795 3918 omnino
1844 3874 1968 3918 non
2017 3853 2374 3939 significare
2425 3855 2710 3940 aperire'

323 3960 434 4026 sed
478 3981 733 4045 semper
781 3959 1063 4044 operire’
1116 3961 1488 4042 suspicanti.
1551 3957 1719 4026 Cum
1767 3979 1920 4024 vero
1970 3956 2171 4023 altero
2218 3958 2355 4024 loco
2400 3961 2467 4022 in
2514 3958 2713 4025 Silvis

322 4066 706 4154 significatio
768 4064 1091 4150 aperiendi
1151 4065 1486 4128 manifesta
1541 4067 1662 4142 sit,
1710 4071 1785 4128 ut
1832 4066 2028 4128 etia-m
2074 4066 2142 4127 in
2191 4063 2388 4128 Theb.
2439 4062 2489 4129 Ι.
2542 4064 2709 4130 385:

325 4171 713 4255 tandemque
775 4168 1140 4235 reclusis
1203 4169 1476 4234 infertur
1536 4172 1775 4254 portis,
1833 4169 2032 4234 altero
2081 4190 2302 4233 rursus
2352 4168 2710 4249 claudendi,

321 4277 598 4341 adducor
659 4280 734 4339 ut
778 4273 1032 4340 credam
1079 4273 1217 4339 loco
1265 4281 1484 4339 nostro
1526 4275 1922 4339 retinendam
1973 4295 2108 4339 esse
2135 4271 2448 4358 'codicum
2492 4274 2712 4342 lectio-

321 4404 467 4447 nem
529 4380 802 4445 recludes
849 4417 932 4429 -
992 4380 1422 4465 recipiendam
1486 4400 1640 4445 vero
1705 4380 1997 4444 codicum
2060 4378 2265 4459 ΕΚΘ
2326 4384 2706 4467 scripturam

321 4510 610 4573 quaenam
657 4507 774 4572 pro
823 4487 1133 4552 Puteanei
1193 4485 1507 4570 quianam,
1573 4484 2027 4550 recensendum
2089 4487 2296 4571 igitur
2342 4485 2507 4571 quod
2557 4485 2711 4553 Wil-
