3392 5384
1358 440 1734 490 purorum.
2606 423 2733 493 175

347 609 552 676 πεδίον
614 615 947 687 προκαλεῖ·
1015 608 1201 686 ἐρώτα
1266 603 1362 673 οὖν
1426 608 1531 674 καὶ
1582 607 1850 675 ἀκούσει.
1912 608 2053 675 Non
2101 615 2199 676 est
2245 610 2432 678 valde
2480 611 2735 678 difficile

347 719 468 783 hoc
532 716 610 783 ad
657 713 1152 802 intelligendum
1202 718 1267 780 et
1312 713 1574 779 doctum
1624 713 1909 780 scholion
1960 720 2312 783 monstrare
2357 720 2630 804 poterit,
2680 720 2736 784 si

350 826 492 909 quis
552 811 715 889 forte
777 824 995 886 minus
1038 825 1431 907 assequatur.
1492 819 1615 886 Sed
1664 823 1776 885 vix
1823 821 2125 888 credibile
2172 823 2430 890 videtur
2473 824 2552 890 ad
2597 846 2737 891 ver-

347 930 508 996 bum
576 937 909 1008 προκαλεῑ·
975 927 1054 993 ad
1116 927 1286 993 hunc
1346 949 1550 1013 usque
1606 927 1778 993 diem
1823 927 2160 996 adhaerere
2209 929 2733 1016 explicationem:

353 1021 737 1116 ἶωκρατη
788 1035 900 1106 εἷς
949 1036 1242 1112 λόγους
1297 1034 1989 1114 προκαλούμενος.
2039 1035 2117 1109 Si,
2146 1037 2282 1121 ipse
2322 1035 2508 1102 Plato
2547 1038 2738 1102 inter·

348 1141 643 1230 pretendi
706 1163 894 1208 causa
957 1140 1202 1227 aliquid
1258 1139 1489 1206 addere
1535 1139 1881 1220 voluisset,
1929 1163 2056 1207 non
2104 1148 2242 1208 tam
2288 1144 2472 1229 inops
2517 1143 2738 1210 verbo-

346 1270 495 1313 rum
556 1249 818 1325 fuisset,
881 1254 957 1313 ut
1021 1248 1459 1325 προκαλεῖσθαι
1526 1248 1796 1313 verbum
1853 1247 2264 1334 negligenter
2305 1250 2409 1315 bis
2456 1255 2739 1336 poneret.

348 1353 474 1420 Sed
512 1357 782 1420 minime
820 1356 1167 1420 obscurum
1205 1354 1616 1439 proverbium
1657 1360 1788 1419 est:
1832 1355 2166 1421 Maximus
2208 1355 2528 1422 Planudes
2552 1357 2736 1438 quius

351 1459 665 1548 Dialogus
735 1460 812 1525 de
882 1458 1324 1526 Grammatica
1392 1459 1603 1525 editus
1672 1465 1771 1524 est
1838 1481 1875 1526 a
1943 1460 2351 1529 Bachmanno
2412 1463 2480 1526 in
2535 1460 2738 1528 altero

342 1567 825 1632 Anecdotorum
882 1566 1249 1644 volumine,
1314 1589 1376 1652 p.
1429 1565 1514 1630 98
1565 1565 1807 1652 dialogi
1854 1568 2040 1632 initio
2089 1573 2153 1632 et
2199 1570 2334 1654 ipse
2380 1568 2554 1634 idem
2602 1591 2741 1655 pro-

345 1675 645 1740 verbium
690 1679 991 1760 usurpat,
1042 1673 1150 1739 sed
1189 1672 1354 1737 nihil
1392 1672 1574 1738 addit
1610 1679 1685 1738 ut
1727 1672 2021 1759 explicet.
2064 1675 2286 1760 Neque
2327 1674 2540 1741 hercle
2580 1696 2742 1761 opus

344 1786 476 1860 est,
525 1801 669 1846 nam
721 1803 798 1846 ne
844 1785 997 1846 sunt
1044 1780 1305 1866 quidem
1354 1780 1693 1865 proverbia
1742 1801 1903 1865 quae
1953 1763 2395 1867 unusquisque
2443 1803 2570 1848 non
2619 1788 2742 1848 sta-

348 1889 472 1954 tim
518 1886 853 1974 intelligit.
905 1885 1125 1952 Veluti
1172 1886 1337 1952 infra
1386 1885 1573 1952 Plato
1621 1909 1682 1972 p.
1731 1885 1856 1952 199
1879 1887 1928 1951 B
1978 1888 2387 1973 proverbium
2434 1893 2738 1974 usurpat:

346 1992 577 2072 φάτται
644 1994 778 2056 ἀντὶ
846 1997 1159 2073 nepes-ep&
1227 2013 1433 2078 neque
1491 1995 1955 2077 interpretatur
2011 2015 2126 2060 nec
2172 1996 2384 2080 magis
2435 1993 2741 2060 Aelianus

348 2100 811 2185 interpretatus
858 2104 957 2164 est
1000 2097 1120 2185 Ep.
1171 2098 1358 2163 Rust.
1414 2096 1515 2163 19.
1566 2097 1752 2164 Plato
1792 2098 1950 2186 Rep.
1999 2098 2031 2164 I
2080 2098 2316 2166 3410:
2367 2101 2563 2178 ξυρεῖν
2611 2100 2741 2164 ἐπι-

345 2213 577 2285 χειρεῖν
646 2205 865 2269 λέοντα
889 2253 903 2282 ,
974 2205 1159 2271 docte
1229 2203 1509 2272 Cobetus
1568 2207 1766 2273 evicit
1826 2228 1952 2272 non
2017 2228 2151 2271 esse
2215 2205 2510 2272 Platonis
2569 2206 2740 2292 quod

347 2310 743 2397 adscriptum
807 2318 937 2377 est:
1006 2313 1108 2376 καὶ
1167 2320 1578 2387 συκοφαντεῖν
1628 2314 2089 2392 Θρασύμαχον,
2153 2312 2233 2378 cf.
2283 2314 2508 2378 Mnem.
2564 2310 2739 2378 1874

348 2439 411 2504 p.
471 2417 617 2484 149.
679 2417 911 2484 Itidem
976 2419 1247 2484 Phaedr.
1314 2414 1522 2484 2571)
1584 2417 1746 2483 latet
1805 2439 1918 2483 nos
1979 2418 2366 2505 significatio
2415 2418 2739 2506 proverbii

349 2524 591 2602 γλυκὺς
656 2527 886 2604 ἀγκών,
950 2546 1065 2590 nec
1127 2531 1346 2589 tamen
1395 2527 1610 2588 minus
1660 2523 2069 2590 Heindorfius
2122 2527 2367 2609 optime
2413 2523 2740 2590 intellexit

344 2654 471 2697 non
520 2631 809 2698 Platonis
855 2652 1123 2697 manum
1171 2630 1401 2696 referre
1439 2629 1993 2709 additamentum,
2033 2652 2162 2717 quo
2206 2637 2531 2717 praeterea
2570 2630 2738 2696 nihil

345 2736 737 2824 explicetur:
788 2733 879 2803 ὅτι
928 2737 1054 2802 ἀπὸ
1108 2741 1207 2802 τοῦ
1257 2743 1491 2815 μακροῦ
1536 2739 1808 2815 ἀγκῶνος
1851 2743 1956 2802 τοῦ
1999 2739 2169 2803 κατ-οὶ
2213 2747 2436 2803 Νεῖλον
2478 2739 2737 2816 ἐκλήθη,

346 2844 428 2908 cf.
498 2843 943 2909 Hartmannus
998 2846 1072 2907 de
1116 2841 1401 2909 Emblem.
1452 2866 1515 2929 p.
1570 2843 1697 2908 119
1761 2850 1826 2908 et
1872 2842 2160 2911 Cohnius
2207 2847 2282 2908 de
2328 2845 2521 2909 Schol.
2570 2845 2735 2928 Εἰσί.

346 2973 411 3036 p.
461 2949 614 3015 848.
678 2950 929 3016 Pariter
988 2949 1268 3036 Sophist.
1320 2948 1558 3018 252C:
1626 2952 1696 3015 τὸ
1761 2950 2096 3030 λεγόμενον
2145 2951 2362 3016 οἴκοθεν
2415 2953 2516 3016 τὸν
2561 2953 2741 3016 πολέ-

346 3081 482 3132 μιον
524 3053 808 3137 ἔχοντες,
848 3055 1171 3122 inutiliter
1209 3055 1503 3122 additur:
1556 3056 1687 3120 καὶ
1743 3058 2454 3132 ἐναντιωσόμενον.
2503 3055 2738 3123 Contra

344 3162 573 3249 Symp.
622 3159 861 3228 217E:
911 3163 1001 3226 ἔτι
1048 3162 1109 3226 δὲ
1162 3165 1229 3228 τὸ
1279 3168 1384 3227 τοῦ
1426 3163 1750 3242 δηχθέντος
1798 3163 1912 3227 ὑπὸ
1951 3168 2058 3228 τοῦ
2100 3162 2292 3243 ἔχεως
2336 3163 2526 3235 πάθος
2569 3163 2735 3240 κάμὲ
2816 3242 2824 3248 .

346 3265 518 3348 ἔχει,
582 3277 749 3334 recte
806 3272 945 3354 ipse
994 3267 1181 3334 Plato
1228 3267 1604 3353 explicavit:
1653 3270 1820 3345 Φασὶ
1871 3269 1996 3346 γάρ
2046 3271 2160 3333 πού
2206 3293 2345 3334 τινα
2392 3274 2570 3335 τοῦτο
2618 3293 2738 3333 πα-

346 3375 525 3438 θόντα
564 3377 672 3440 οὐκ
714 3377 936 3440 ἐθέλειν
975 3375 1185 3454 λέγειν
1226 3370 1338 3438 οἷον
1383 3371 1449 3448 ἦν
1492 3376 1652 3446 πλην
1694 3383 1817 3444 τοῖς
1860 3375 2282 3453 δεδηγμένοις,
2323 3397 2471 3441 nam
2504 3376 2737 3441 habeat

342 3483 619 3567 speciem
668 3504 779 3546 nec
826 3489 1044 3547 tamen
1089 3501 1312 3547 revera
1356 3482 1773 3566 proverbium
1821 3487 1936 3546 est.
1988 3479 2086 3548 Cf.
2136 3480 2379 3569 Bettig.
2421 3482 2501 3547 ad
2541 3473 2734 3547 illum

341 3587 558 3654 locum
606 3611 669 3672 p.
712 3587 864 3653 339.
912 3588 1243 3673 Imprimis
1287 3585 1693 3653 luculentum
1742 3587 1909 3674 quod
1949 3585 2230 3674 Gorgiae
2266 3591 2453 3656 initio
2491 3591 2736 3655 inveni-

340 3700 469 3759 tur.
531 3694 804 3760 Initium
869 3693 1121 3760 dicendi
1182 3674 1337 3759 facit
1398 3691 1728 3761 Callicles:
1798 3695 2080 3769 Πολέμου
2137 3695 2242 3759 καὶ
2292 3695 2516 3777 μάχης
2565 3696 2730 3776 φασὶ

340 3810 562 3882 χρῆναι
626 3799 777 3866 οὕτω
842 3802 1392 3883 μεταλαγχάνειν,
1456 3804 1563 3867 cui
1624 3802 1946 3867 Socrates:
1997 3803 2148 3866 ἀλλ’
2197 3798 2232 3874 ἦ
2278 3805 2348 3867 τὸ
2396 3803 2730 3880 λεγόμενον

338 3907 602 3973 κατόπιν
650 3909 856 3986 ἑορτῆς
899 3905 1155 3985 ἥκομεν,
1194 3909 1327 3972 iam
1368 3906 1483 3972 alii
1522 3915 1670 3972 ante
1710 3929 1815 3973 me
1856 3908 2104 3974 dudum
2144 3909 2566 3975 observarunt
2605 3908 2733 3974 loci

335 4013 733 4102 elegantiam
771 4014 1171 4100 pessumdari
1208 4015 1445 4080 additis
1482 4014 1814 4080 vocabulis
1854 4016 1955 4079 καὶ
2001 4018 2346 4094 ὑςεροῦμεν,
2381 4017 2618 4100 quibus
2641 4035 2734 4080 re-

338 4124 531 4188 sectis
555 4144 681 4188 non
704 4121 1039 4186 ferendum
1062 4127 1158 4185 est
1182 4120 1348 4206 quod
1374 4118 1672 4187 Callicles
1694 4121 2064 4206 respondet:
2091 4122 2196 4186 καὶ
2218 4123 2403 4199 μάλα
2425 4126 2493 4199 γ’
2512 4121 2731 4191 ais-sim

340 4230 654 4307 ἑορτῆς,
700 4228 810 4293 sed
859 4228 1201 4294 delendum
1253 4235 1350 4292 est
1393 4226 1704 4293 ultimum
1744 4227 2150 4294 vocabulum.
2199 4227 2381 4308 Quod
2428 4224 2731 4294 continuo

335 4334 615 4412 additur,
656 4336 1042 4401 monstrabit
1069 4337 1137 4399 in
1162 4333 1523 4400 cultissimo
1548 4338 1860 4421 scriptore
1881 4335 2249 4401 istiusmodi
2273 4334 2733 4422 explicationes

338 4464 463 4507 non
530 4441 699 4507 addi.
762 4439 1105 4508 Contendit
1165 4439 1457 4506 Socrates
1518 4463 1637 4507 non
1688 4463 1806 4506 sna
1852 4442 2044 4528 culpa
2089 4443 2334 4508 factum
2381 4463 2517 4508 esse
2565 4441 2732 4527 quod

336 4570 479 4615 sero
517 4551 769 4628 veniat,
810 4545 1363 4633 Chaerephontem
1401 4550 1575 4612 enim
1614 4547 1900 4614 noluisse
1937 4570 1974 4614 e
2013 4549 2148 4615 foro
2183 4549 2382 4615 abire.
2431 4547 2556 4617 Cui
2591 4547 2732 4614 ille:
