3392 5384
650 385 782 454 360
1441 405 1528 454 nn
1572 405 1893 454 nummus
1936 405 2254 454 muruco,

1785 600 1898 666 III.

2876 708 2919 731 Ν

739 787 897 867 „Est
942 787 1059 853 hoc
1106 785 1394 872 aliquid”
1442 789 1535 850 ita
1581 783 1903 864 nonnulli,
1955 784 2108 862 „sed
2154 783 2331 848 aliud
2370 782 2647 861 accedit3
2690 781 3034 848 titulorum

530 971 541 981 Ι
644 897 819 960 enim
867 914 1173 959 numerus
1220 895 1513 958 omnium
1559 913 1782 957 earum
1828 890 2213 968 fabularum,
2265 910 2421 976 quas
2460 911 2574 955 nos
2613 889 2805 955 hodie
2845 892 3035 954 certis

643 1001 1030 1066 testimoniis
1093 999 1269 1064 ducti
1327 996 1624 1083 Euripidi
1669 996 2023 1062 adscribere
2068 1017 2445 1083 possumus,
2494 999 2549 1061 si
2594 997 2829 1061 abicias
2876 994 3035 1064 'I'en-

642 1127 789 1172 nem
833 1105 1373 1191 Rhadamanthyn
1421 1104 1826 1180 Pirithoum,
1875 1102 2098 1168 eodem
2147 1103 2314 1168 redit
2358 1125 2482 1188 quo
2529 1102 2714 1168 Vitae
2758 1103 3030 1194 Qris

640 1212 808 1279 illud
867 1211 1123 1277 LXVII.
1185 1211 1611 1297 Septuaginta
1672 1209 2155 1296 tragoediarum
2218 1208 2402 1276 tituli
2462 1209 2847 1288 referuntur,
2899 1214 3029 1274 tres

643 1323 974 1405 suspectae
1011 1324 1196 1395 sunt;
1245 1320 1462 1403 itaque
1511 1319 1564 1382 si
1611 1323 1852 1382 ceteras
1900 1316 1983 1382 67
2032 1318 2346 1402 genuinas
2396 1337 2532 1382 esse
2578 1321 2852 1394 constat,
2898 1317 3033 1380 iam

641 1425 788 1491 luce
849 1425 1083 1490 clarius
1143 1429 1241 1489 est
1294 1423 1761 1488 Alexandrinos
1808 1443 1930 1487 non
1978 1421 2137 1488 alias
2184 1442 2255 1487 ac
2301 1421 2588 1488 Tennem
2632 1421 3038 1487 Rhadaman—

643 1534 807 1619 thyn
853 1532 1223 1615 Pirithoum
1271 1552 1384 1616 pro
1429 1532 1665 1616 spuriis
1711 1529 2077 1595 habuisse.'’

734 1637 1227 1724 Simplicissima
1286 1638 1531 1701 ratione
1590 1637 1683 1700 ita
1729 1655 1829 1700 res
1875 1635 2307 1713 conficeretur,
2356 1637 2412 1699 si
2460 1642 2594 1699 tam
2640 1639 2811 1699 certa
2854 1633 3036 1698 fabu-

644 1745 860 1812 larum
921 1751 1089 1810 esset
1133 1745 1562 1830 genuinarum
1609 1744 2026 1827 computatiO.
2075 1742 2368 1806 Marmor
2415 1743 2584 1806 enim
2634 1737 2800 1804 illud
2842 1737 3037 1804 Alba-

641 1874 801 1918 num
845 1852 913 1917 in
961 1853 1145 1916 cuius
1191 1850 1551 1936 fragmento
1601 1847 1819 1913 tabula
1866 1846 2229 1913 fabularum
2280 1855 2532 1914 servata
2578 1853 2677 1912 est
2716 1869 2794 1912 ex
2830 1852 3036 1932 parte,

643 1961 712 2023 in
772 1979 838 2022 se
886 1959 997 2022 vix
1045 1956 1239 2021 habet
1283 1957 1609 2040 propriam
1656 1957 2106 2027 auctoritatem
2126 1975 2143 2034 ;
2194 1957 2250 2019 si
2296 1960 2515 2020 autem
2563 1956 2623 2019 ei
2668 1952 2900 2039 lapidi,
2952 1957 3033 2016 ut

641 2067 710 2128 in
751 2066 994 2129 incerta
1040 2083 1141 2141 re,
1192 2059 1668 2146 aliquantulum
1718 2063 2116 2126 auctoritatis
2162 2061 2445 2126 tribuere
2491 2059 2807 2139 velimus,
2853 2058 3032 2124 idem

644 2170 769 2235 sibi
844 2170 984 2234 iure
1064 2189 1178 2233 suo
1259 2167 1586 2254 arrogabit
1660 2166 1826 2253 lapis
1903 2166 2194 2232 Piraicus
2271 2166 2375 2249 (de
2437 2188 2562 2252 quo
2625 2167 2704 2232 cf.
2766 2165 3031 2235 Wilam.

640 2299 705 2362 p.
759 2274 936 2356 138).
1001 2273 1274 2340 Summa
1334 2291 1585 2360 semper
1631 2281 1729 2338 est
1774 2277 2116 2339 auctoritas
2165 2272 2652 2339 didascaliarum
2671 2292 2688 2351 ς
2738 2275 2841 2338 cui
2888 2294 3037 2358 pro-

645 2385 820 2447 xime
881 2381 1124 2447 accedit
1177 2380 1331 2446 fides
1379 2379 1870 2445 scholiastarum
1915 2379 2449 2465 Euripideorum,
2497 2378 3035 2464 Sophocleorum,

643 2486 1185 2574 Aeschyleorum,
1235 2486 1848 2572 Aristophaneorum
1868 2535 1885 2566 ,
1938 2492 2253 2570 quatenus
2299 2485 2403 2550 illi
2448 2484 3038 2551 Alexandrinorum

639 2597 1215 2682 grammaticorum
1277 2595 1724 2660 auctoritatem
1790 2594 1997 2659 secuti
2044 2614 2178 2658 esse
2221 2591 2494 2679 putandi
2540 2597 2710 2658 sunt.
2771 2593 2844 2658 In
2892 2595 3041 2657 uni-

640 2723 902 2768 versum
963 2707 1180 2766 autem
1244 2701 1362 2765 hoc
1410 2698 1898 2765 sumerelicet:
1948 2698 2266 2778 fabulam,
2318 2720 2481 2783 quae
2526 2701 2594 2763 in
2641 2697 2900 2764 scholiis
2946 2699 3035 2764 ad

639 2809 914 2894 tragicos
961 2809 1362 2872 comicumve
1411 2810 1825 2883 memoretur,
1872 2807 1941 2869 in
1990 2803 2240 2870 tabulas
2286 2804 2863 2871 Alexandrinorum
2910 2826 3034 2890 pro

638 2916 919 3000 genuina
956 2919 1276 2998 receptam
1317 2913 1534 2978 fuisse.
1581 2913 1743 2977 Acta
1781 2932 1974 2998 agam
2011 2913 2067 2976 si
2107 2911 2183 2977 de
2223 2910 2502 2998 singulis
2526 2911 2633 2977 hic
2658 2913 3033 2976 testimonia

637 3026 935 3086 veterum
975 3020 1385 3106 perscribam.
1438 3018 1534 3083 Ad
1574 3020 2013 3103 quaestionem
2054 3016 2478 3083 dirimendam
2520 3039 2680 3103 quae
2718 3039 2833 3082 nos
2856 3040 3034 3084 nunc

637 3126 879 3190 detinet
941 3124 1176 3190 sufficit
1234 3131 1488 3202 notare,
1549 3123 1702 3189 LIX
1764 3124 2126 3210 tragoedias
2190 3124 2568 3210 Euripideas
2631 3144 2797 3203 esse,
2863 3145 3030 3209 quas

635 3220 1110 3299 Alexandrinis
1145 3232 1588 3319 grammaticis
1651 3233 1787 3296 sine
1831 3233 2260 3297 controversia
2304 3233 2597 3317 cognitas
2646 3237 2710 3296 et
2753 3252 2871 3316 pro
2916 3251 3032 3317 ge-

633 3340 853 3404 nuinis
908 3342 1191 3423 receptas
1247 3339 1443 3403 fuisse
1496 3337 2018 3402 constituendum
2078 3339 2199 3416 sit,
2272 3339 2327 3402 si
2366 3333 2873 3403 'scholiastarum
2933 3336 3035 3402 di-

635 3443 1140 3510 dascaliarumve
1187 3445 1540 3508 testimonii
1585 3445 1897 3508 rationem
1946 3442 2317 3508 habeamus.

725 3551 888 3617 Ecce
951 3549 1165 3616 tituli:
1233 3549 1267 3614 1
1320 3548 1614 3616 Alcestis,
1693 3549 1736 3614 2
1784 3545 2247 3616 Andromache.
2320 3547 2359 3614 3
2408 3533 2758 3615 Alcmaeon
2823 3548 2851 3613 ὃ
2915 3549 3027 3614 διὰ

503 3642 507 3648 ’
636 3657 949 3740 Ψωφῖδος.
1021 3655 1062 3720 4
1126 3643 1384 3722 Aeolus.
1459 3654 1497 3719 5
1561 3655 1946 3722 Alexander.
2022 3655 2060 3720 6
2124 3655 2550 3721 Andromeda.
2627 3653 2664 3722 ’7
2720 3657 3026 3740 Antiope.

637 3763 680 3828 8
729 3760 1104 3828 Archelaus.
1179 3761 1218 3826 9
1265 3761 1615 3827 Alcmaeon
1663 3763 1689 3824 ὁ
1741 3761 1841 3827 διὰ
1891 3763 2183 3841 Κορίνθου.
2260 3762 2345 3827 10
2391 3764 2669 3849 Aegeus.
2746 3761 2826 3827 11
2875 3761 3033 3829 Alc-

635 3889 842 3935 mena.
911 3868 994 3934 12
1041 3870 1384 3954 Antigone.
1452 3867 1534 3933 13
1577 3870 1788 3954 Auge.
1855 3868 1937 3933 14
1977 3868 2280 3935 Bacchae.
2353 3866 2434 3933 15
2476 3868 3028 3954 Bellerophontes.

637 3974 721 4040 16
785 3975 1034 4062 Dictys.
1126 3971 1208 4041 1¹7
1273 3974 1558 4041 Hecuba.
1636 3974 1719 4040 18
1776 3974 2045 4040 Helena.
2120 3974 2203 4040 19
2264 3975 2681 4042 Erechtheus.
2754 3975 2843 4041 20
2890 3975 3033 4042 He·

631 4080 926 4148 raclidae.
997 4081 1080 4146 21
1147 4079 1478 4146 Hercules.
1552 4080 1640 4147 22
1686 4079 1960 4147 Electra.
2034 4081 2121 4146 23
2169 4081 2503 4169 Thyestes.
2576 4081 2663 4146 24
2710 4081 3025 4150 TheseUS.

632 4184 719 4251 25
781 4185 1181 4273 Hippolytus
1227 4184 1576 4253 Coronifer.
1651 4187 1739 4252 26
1788 4187 2145 4273 Supplices.
2218 4185 2302 4254 27
2350 4186 2688 4274 Iphigenia
2728 4186 3027 4255 Taurica.

633 4290 720 4357 28
761 4290 1100 4377 Iphigenia
1137 4289 1530 4357 Aulidensis.
1592 4291 1677 4358 29
1721 4292 1808 4358 Io,
1869 4292 1955 4358 30
1994 4292 2399 4379 Hippolytus
2422 4291 2706 4358 Velatus.
2762 4291 2845 4357 31
2883 4292 3028 4359 In0.

633 4397 720 4462 32
778 4397 936 4462 Ixi0.
1027 4397 1111 4463 33
1174 4397 1454 4465 Cressae.
1529 4397 1616 4464 34
1665 4397 2111 4485 Cresphontes.
2186 4398 2268 4464 35
2321 4398 2559 4467 Cretes.
2634 4398 2719 4464 36
2765 4399 3022 4467 Medea.

633 4502 718 4572 37
756 4504 1154 4592 Licymnius.
1221 4504 1307 4571 38
1345 4504 1693 4594 Meleager.
1756 4505 1841 4573 39
1877 4506 2245 4594 Melanippo
2284 4508 2571 4594 Sapiens.
2622 4506 2710 4572 40
2735 4506 3019 4576 Orestes.
