3392 5384
1165 433 1422 481 mancus
1467 433 1846 482 Aumomus.
2618 413 2703 479 73

408 600 573 668 Ibid.
624 600 686 667 6.
750 600 979 665 τούτων
1038 600 1098 663 δὲ
1147 595 1298 664 οὕτω
1348 600 1793 676 περαινομένων
1840 598 2088 676 ἀνάγκη
2138 598 2239 661 τὸν
2289 597 2424 675 βίον
2473 599 2709 678 εὖροεῖν.

311 708 536 773 Scribe
581 705 972 784 τούτωνδ’,
1020 711 1095 770 ut
1143 704 1255 772 fiat
1302 703 1676 784 conclusio..

411 923 576 989 Ibid.
627 921 689 989 7.
755 922 966 995 ἄλλως
1014 949 1083 988 τε
1135 923 1236 987 κοιὶ
1286 930 1399 996 τῆς
1447 922 1784 995 διαλύσεως
1832 924 1920 995 εἷς
1967 927 2173 986 ’ταῦτα
2222 922 2587 999 γενομένης,
2638 921 2707 998 ἐξ

313 1028 394 1095 ὧν
443 1026 702 1094 ἕκαστον
750 1031 1138 1094 συνίσταται.
1203 1028 1618 1093 Memoranda
1665 1035 1765 1107 et,
1815 1031 1871 1093 si
1916 1051 2019 1094 me
2066 1028 2284 1105 audis,
2329 1030 2399 1093 in
2444 1034 2700 1093 textum

305 1136 678 1221 recipienda
723 1143 860 1201 erat
908 1136 1213 1201 correctio
1266 1132 1574 1201 Gatakeri
1621 1135 1829 1199 ταύτά
1853 1183 1869 1213 ,
1920 1135 1999 1200 cf.
2048 1134 2156 1200 IV.
2210 1132 2271 1198 6.

405 1353 570 1419 Ibid.
623 1352 684 1418 9.
758 1352 853 1416 δεῖ
910 1352 973 1416 δὲ
1038 1355 1166 1416 πᾶν
1229 1348 1378 1416 οὕτω
1443 1351 1706 1427 βλέπειν
1771 1351 1874 1415 καὶ
1940 1350 2256 1430 πράσσειν,
2321 1349 2475 1415 ὥστε
2526 1352 2707 1416 κακὲ.

305 1460 442 1525 Pro
491 1460 587 1524 δεῖ
631 1459 693 1523 δέ
742 1458 878 1523 cod.
927 1461 984 1522 A
1030 1458 1223 1523 habet
1272 1456 1378 1533 ἤδη
1431 1456 1528 1534 δέ,
1578 1478 1739 1542 quae
1785 1457 1977 1523 lectio
2026 1460 2286 1544 egregie
2332 1457 2557 1543 placet,
2603 1463 2710 1521 ut·
2756 1482 2775 1499 ·

302 1570 463 1651 pote
510 1563 720 1630 multo
765 1564 993 1628 fortior
1038 1567 1102 1627 et
1149 1564 1358 1648 aptior
1406 1584 1600 1647 quam
1647 1562 1940 1649 vulgata.

404 1766 566 1832 Ibid.
623 1764 728 1830 13.
793 1764 1196 1829 πυνθάνεσθοιι
1265 1764 1484 1828 ἑαυτοῦ
1548 1764 1723 1836 εὐθὺς
1788 1764 1857 1842 ἐξ
1918 1762 2102 1829 ὕπνου
2150 1765 2499 1842 γινόμενον·
2550 1767 2701 1840 μήτι

312 1873 524 1937 διοίσει
588 1895 716 1949 σοι,
779 1872 886 1937 ἐὰν
937 1872 1039 1935 ὑπ’
1087 1868 1285 1935 ἄλλου
1332 1869 1590 1947 γένηται
1639 1872 1723 1934 τὰ
1772 1870 1983 1935 δίκαιοι
2032 1871 2135 1935 καὶ
2186 1877 2390 1942 καλῶς
2439 1869 2705 1951 {xum-on

309 1980 443 2044 Pro
502 1977 815 2054 γινόμενον
864 1979 934 2041 in
981 1976 1116 2041 ood-
1165 1978 1224 2041 A
1269 1975 1513 2061 legitur
1559 1976 1901 2055 γενόμενον,
1950 1977 2119 2062 quod
2164 1983 2483 2062 praestare
2537 1977 2713 2042 vide-

307 2091 444 2150 tur.
507 2083 754 2150 Deinde
819 2085 1081 2148 omnino
1139 2082 1506 2167 recipienda
1553 2089 1689 2148 erat
1737 2083 2095 2149 emendatio
2142 2084 2344 2148 Loftii
2390 2085 2670 2160 ψέγηται
2696 2131 2713 2161 ,

307 2196 389 2255 ut
435 2191 638 2254 totius
685 2191 912 2274 capitis
959 2194 1142 2252 tenor
1188 2194 1404 2272 aperte
1451 2188 1651 2253 docet.
1701 2190 1929 2273 Neque
1968 2189 2347 2265 obscurum,
2390 2188 2709 2273 quomodo

311 2294 679 2380 corruptela
741 2297 895 2360 oriri
954 2296 1271 2394 potuerit3
1344 2293 1642 2359 librarios
1712 2297 1885 2359 enim
1938 2294 2264 2359 interdum
2317 2294 2593 2371 γίνεσθαι
2652 2300 2715 2357 et

315 2401 618 2477 λέγεσθαι
658 2408 1060 2485 permutasse
1100 2398 1282 2464 docet
1329 2398 1768 2485 dittographia
1812 2402 2056 2475 γίνεται
2106 2406 2171 2465 et
2217 2402 2501 2477 λέγεται,
2552 2420 2713 2484 quae

315 2509 652 2571 invenitur
711 2506 909 2570 huius
970 2504 1122 2569 libri
1185 2525 1237 2569 c.
1288 2503 1410 2582 213
1476 2507 1608 2569 iam
1657 2525 1899 2571 vocum
1945 2506 2242 2581 λέγεσθαι
2290 2510 2355 2570 et
2403 2504 2712 2583 ψέγεσθαι

313 2614 450 2678 fere
512 2610 818 2677 solemnis
881 2618 978 2676 est
1023 2612 1468 2688 commutatio,
1519 2610 1596 2675 cf.
1648 2611 1713 2673 X
1763 2609 1849 2675 34
1894 2632 2137 2676 necnon
2184 2610 2258 2675 V.
2313 2610 2351 2674 3
2404 2612 2436 2683 ἦ
2488 2613 2712 2675 ἐπακο-

316 2720 619 2784 λουθοῦσιέ
661 2742 833 2781 τινων
870 2718 1119 2795 μέμψις
1161 2718 1192 2790 ἢ
1235 2716 1454 2794 λόγος,
1497 2717 1604 2781 ubi
1645 2716 2007 2783 emendatio
2042 2717 2184 2782 Iun.
2224 2716 2424 2795 ψόγος
2462 2716 2707 2783 dudum

314 2829 387 2890 in
435 2830 691 2890 textum
737 2826 936 2908 recipi
982 2823 1269 2888 debebat.

413 3028 575 3094 Ibid.
625 3026 733 3092 28.
782 3006 1104 3105 φοιντοὶζου
1154 3023 1369 3089 πάντα
1417 3025 1519 3088 τὸν
1567 3025 1672 3104 ἐφ’
1724 3023 1987 3104 ᾡτινιοῦν
2035 3024 2413 3102 λυπούμενον
2456 3024 2488 3098 ἢ
2530 3024 2710 3089 δυσοι-

318 3138 658 3217 ρεστοῦντοι
697 3130 895 3209 ὅμοιον
934 3133 1017 3209 τῷ
1053 3130 1313 3209 θυομένῳ
1353 3130 1647 3210 χοιριδίῳ,
1690 3131 2169 3212 ἁπολωκτίζοντι
2214 3132 2316 3193 καὶ
2347 3130 2713 3210 κεκραγότι·

321 3239 524 3318 ὅμοιον
587 3238 690 3304 καὶ
755 3239 782 3301 ὅ
849 3236 1111 3317 οἰμώζων
1176 3238 1275 3301 ἐπὶ
1344 3240 1447 3300 τοῦ
1516 3236 1800 3301 κλινιδίου
1863 3236 2042 3310 μόνος
2090 3248 2285 3318 σιωπῇ
2336 3239 2444 3309 τὴν
2494 3236 2715 3302 ἕνδεσιν

325 3350 531 3425 ἡμῶν·
597 3346 702 3408 καὶ
768 3339 858 3407 ὅτι
919 3343 1079 3423 μόνῳ
1142 3344 1226 3423 τῷ
1273 3344 1500 3422 λογικῷ
1549 3340 1674 3423 ζῴῳ
1726 3340 1963 3407 δέδοται
2014 3343 2082 3405 τὸ
2130 3343 2412 3431 ἑκουσίως
2459 3341 2711 3408 ἕπεσθαι

323 3460 458 3523 τοῖς
505 3449 864 3527 γινομένοις.
915 3448 1213 3514 Alterum
1262 3445 1457 3523 ’ὅμοιον
1505 3449 1835 3512 immerito
1882 3468 1960 3512 ex
2005 3446 2181 3512 codd.
2221 3447 2349 3512 PA
2388 3450 2717 3514 arcessivit

322 3558 543 3635 Stich,
599 3558 710 3641 qui
773 3575 950 3620 more
1004 3554 1196 3620 solito
1242 3554 1703 3644 oberraverunt
1748 3558 2009 3638 propter
2054 3554 2434 3639 praecedens
2480 3553 2711 3635 ὅμοιον,

320 3664 720 3749 reliquorum
768 3661 946 3728 codd.
996 3661 1188 3726 lectio
1229 3657 1429 3736 ὅμοιος
1469 3662 1728 3726 omnino
1766 3660 2097 3725 retinenda
2135 3667 2287 3727 erat.
2336 3662 2534 3726 Porro
2571 3668 2715 3746 post

321 3770 505 3848 μόνος
570 3777 767 3849 σιωπῇ
830 3766 1424 3853 interpungendum
1488 3771 1658 3843 erat,
1728 3770 1803 3830 ut
1858 3788 1973 3851 per
2028 3788 2262 3831 novam
2324 3770 2711 3831 sententiam

321 3895 556 3962 pergas
627 3876 735 3949 τὴν
800 3871 1022 3938 ἔνδεσιν
1087 3873 1252 3947 ἡμῶν
1318 3872 1420 3936 καὶ
1494 3871 1583 3936 ὅτι
1651 3894 1707 3935 κ.
1736 3896 1793 3935 τ.
1821 3872 1868 3936 ἑ.
1885 3892 1902 3950 ;
1984 3874 2427 3938 accusativum
2489 3877 2708 3936 autem

322 3980 649 4066 explicant
695 3978 858 4054 loci,
908 3978 1127 4063 quales
1177 3984 1329 4042 sunt
1373 3977 1488 4042 XI.
1538 3977 1649 4053 22,
1699 3976 1847 4042 XII.
1892 3976 1953 4055 7,
2000 3980 2218 4062 itaque
2267 3977 2362 4042 nil
2408 3999 2567 4062 opus
2616 3984 2713 4043 est

322 4107 478 4152 oum
523 4083 675 4152 Gat.
725 4086 1034 4156 ἐπινόησον
1082 4082 1401 4169 supplere.

415 4304 578 4369 Ibid.
636 4302 744 4368 29.
797 4306 965 4368 κοιτοὶ
1015 4301 1194 4381 μέρος
1244 4303 1347 4382 ἐφ’
1398 4301 1681 4381 ἑκάστου,
1733 4298 1809 4365 ὧν
1857 4310 2084 4380 ποιεῖς,
2135 4302 2475 4382 ε’Φιστοένων
2524 4303 2713 4382 ε’ρώτσ,

322 4410 608 4475 σεαυτόν.
669 4408 778 4475 Sic
837 4410 987 4486 PA,
1048 4415 1116 4473 at
1161 4408 1342 4473 codd.
1394 4410 1458 4472 X
1507 4410 1781 4487 ἕπερώτοι
1832 4409 2101 4485 habent,
2152 4408 2320 4492 quod
2368 4415 2464 4473 est
2510 4413 2721 4495 magis

325 4538 407 4582 ex
454 4536 574 4580 usu
621 4517 935 4592 auctoris,
985 4515 1063 4580 cf.
1117 4513 1284 4578 VIII.
1338 4513 1443 4591 36,
1495 4513 1608 4578 IX.
1659 4513 1768 4579 21.
