3392 5384
695 405 830 472 304
1736 421 2049 474 nonnus.

782 591 922 657 Iam
983 611 1173 669 vero,
1237 595 1315 656 ut
1377 589 1456 656 ad
1517 590 1759 659 scholia
1822 591 2113 670 redeam,
2176 591 2427 658 Donato
2490 613 2640 658 cum
2686 591 3088 660 Bentleio

691 697 1031 762 tribuerim
1103 696 1200 778 (4)
1269 697 1595 782 huiusque
1664 705 2040 785 excerptum
2119 697 2216 779 (2)
2284 701 2604 785 magistro
2668 703 2880 766 nescio
2942 702 3087 778 cui;

691 810 837 870 tum
901 803 998 885 (1)
1057 824 1125 869 re
1172 813 1238 870 et
1285 804 1490 868 forma
1537 807 1693 869 satis
1742 804 1951 870 debile
1999 805 2283 884 Editori;
2334 805 2607 890 denique
2652 805 2750 887 (3)
2796 806 2913 871 alii
2955 828 3091 871 ma-

690 914 898 998 gistro
959 910 1287 997 supplenti
1349 909 1631 997 collegae
1680 914 2080 977 notationem
2128 911 2247 996 (2).
2339 911 2564 998 Itaque
2608 914 2676 976 in
2723 920 3091 978 commento

633 1080 642 1084 -
688 1017 1026 1103 legebatur
1091 1017 1541 1083 tantummodo
1613 1017 1817 1082 schol.
1888 1017 2006 1098 (4),
2078 1018 2231 1084 huic
2298 1018 2411 1083 Ed.
2488 1022 2900 1106 praescripsit
2966 1021 3092 1101 (1),

691 1123 962 1210 denique
1021 1122 1423 1210 Compilator
1475 1122 1582 1190 vel
1629 1145 1709 1189 ex
1754 1123 2038 1189 Editoris
2087 1125 2191 1191 vel
2240 1147 2318 1191 ex
2366 1123 2533 1190 alius
2577 1125 2877 1191 editionis
2925 1147 3091 1192 mar—

688 1233 843 1317 gine
885 1233 1156 1295 inseruit
1201 1229 1299 1311 (2)
1347 1229 1465 1311 (3).

779 1337 940 1402 Ibid.
991 1336 1078 1402 40
1149 1337 1324 1401 Ant.
1387 1336 1527 1402 Iam
1581 1357 1656 1402 ea
1703 1337 1863 1418 (dies
1911 1339 2292 1423 praestituta
2339 1337 2496 1403 olim
2544 1360 2697 1403 cum
2744 1337 3085 1420 Phaedria)

687 1441 1062 1531 praeteriit?
1132 1443 1310 1509 Dor.
1361 1443 1539 1522 Non,
1591 1465 1824 1510 verum
1869 1443 2025 1508 haec
2071 1446 2133 1508 ei
2182 1446 2523 1509 antecessit

780 1550 877 1632 (2)
923 1550 1180 1616 Urbane
1225 1549 1370 1615 leno
1423 1550 1620 1628 „haec
1671 1549 2077 1628 antecessit’',
2130 1556 2205 1614 ut
2250 1549 2365 1616 alii
2410 1554 2641 1636 putant
2678 1553 3089 1616 meretrix

687 1657 1070 1736 vendita,
1142 1662 1217 1721 ut
1284 1655 1397 1721 alii
1473 1655 1652 1721 dies
1730 1655 1946 1748 lenoni
2014 1677 2210 1741 quam
2281 1659 2711 1722 constitutum
2772 1658 2916 1723 fuit.
2994 1695 3084 1706 —-

688 1765 784 1847 (3)
832 1766 932 1830 An
977 1770 1193 1850 aperte
1240 1763 1384 1829 leno
1431 1763 1710 1849 perfidus
1756 1767 2090 1844 mentitur,
2134 1764 2303 1830 unde
2342 1768 2634 1851 sequitur
2675 1787 2846 1844 „non
2882 1765 3086 1852 pudet

686 1868 1080 1938 vanitatis”?
1216 1869 1312 1952 (4)
1359 1870 1535 1956 Ergo
1580 1869 1729 1956 plus
1777 1877 1876 1936 est
1918 1871 2342 1949 „antecessit”
2386 1893 2582 1958 quam
2618 1874 2966 1958 praeteriit.
2992 1910 3080 1920 -

690 1977 787 2060 (5)
847 1977 1030 2055 „Non
1094 1975 1246 2062 pud.
1294 1976 1544 2042 vanit.''
1596 1984 1862 2062 apparet
1908 1999 2101 2064 supra
2147 1977 2445 2044 lenonem
2492 1978 2569 2044 de
2616 1977 2882 2065 perfidia
2927 1981 3088 2044 anti-

687 2086 885 2170 cipati
932 2085 1240 2168 temporis
1287 2105 1425 2149 esse
1471 2084 1873 2154 confessum-⁷

779 2190 1081 2256 Dorias
1121 2189 1265 2255 leno
1305 2190 1478 2256 diem
1517 2194 1972 2276 praestituerat
2010 2191 2089 2256 ad
2130 2212 2326 2277 quam
2368 2191 2681 2258 Phaedria
2720 2195 3086 2279 pecuniam,

686 2297 796 2364 ille
842 2296 1128 2384 puellam
1175 2297 1355 2363 daret
1401 2303 1521 2378 (vs.
1575 2297 1709 2380 38),
1758 2298 1866 2364 sed
1914 2300 2383 2365 interveniente
2421 2299 2636 2365 milite
2675 2321 2817 2365 eam
2858 2299 3088 2366 nihilo-

686 2408 903 2471 minus
949 2405 1343 2471 vendiderat.

778 2512 1274 2589 Urbanitas,
1339 2511 1458 2576 hoc
1520 2516 1620 2576 est
1679 2510 1920 2596 lepor
1983 2511 2090 2591 (cf.
2144 2509 2201 2575 V
2254 2509 2316 2576 8.
2344 2511 2428 2576 95
2456 2511 2627 2593 (1)),
2692 2511 2923 2577 scholii
2983 2511 3082 2592 (2)

685 2621 753 2683 111
818 2640 892 2684 00
955 2623 1052 2683 est
1113 2620 1322 2702 posita
1378 2617 1545 2702 quod
1594 2617 1742 2682 leno
1789 2639 1914 2682 non
1959 2623 2155 2704 negat
2202 2617 2461 2703 quidem
2510 2618 2679 2683 diem
2728 2617 3079 2684 Phaedriae

684 2725 968 2791 nondum
1008 2726 1427 2810 praeteriisse,
1477 2724 1588 2789 sed
1633 2731 1891 2790 versute
1944 2731 2009 2789 et
2045 2725 2221 2790 vafre
2261 2726 2353 2788 ait
2393 2724 2664 2790 alteram
2705 2727 2764 2790 ei
2804 2731 3080 2791 anteces-

685 2835 860 2898 sisse.
954 2829 1080 2895 Sed
1120 2831 1274 2915 quid
1317 2836 1414 2895 est
1451 2827 1690 2896 haec?
1732 2830 2095 2915 Respondet
2134 2829 2509 2896 scholiasta:
2556 2836 2673 2908 „ut
2710 2829 2824 2896 alii
2847 2825 3081 2916 putant

685 2939 1090 3004 meretrix
1155 2937 1504 3015 vendita
1567 2939 1636 3018 (i.
1679 2959 1736 3002 e.
1800 2939 1938 3021 ipsa
2002 2936 2287 3002 venditio
2348 2939 2751 3019 meretricis),
2830 2943 2905 3002 ut
2967 2937 3082 3002 alii

686 3043 863 3109 dies
907 3042 1157 3121 lenoni,
1208 3064 1403 3128 quam
1450 3044 1880 3108 constitutum
1928 3041 2120 3107 fuit’'.

775 3151 1108 3216 Postrema
1147 3153 1462 3216 sententia
1499 3149 1750 3216 laborat
1788 3149 2169 3236 corruptela.
2211 3148 2504 3215 Wessn.
2547 3152 2854 3215 correxit:
2897 3149 3001 3228 „d.
3029 3149 3076 3216 1.

688 3254 854 3349 <111>
904 3279 1099 3343 quam
1147 3259 1576 3323 constitutum
1627 3256 1819 3334 fuit'’,
1868 3255 2035 3340 quod
2086 3258 2305 3321 minus
2351 3255 2669 3341 intelligo.
2720 3254 3079 3321 Scholiasta

682 3367 993 3431 nimirum
1040 3363 1360 3450 significat
1406 3368 1519 3428 aut
1565 3365 1784 3448 ipsum
1832 3361 2004 3428 diem
2047 3384 2172 3448 quo
2210 3364 2439 3440 veniit,
2479 3365 2593 3427 aut
2633 3361 2838 3439 diem,
2882 3383 3075 3448 quam

631 3509 636 3516 -
682 3493 832 3538 cum
892 3491 1058 3536 novo
1118 3477 1406 3557 emptore
1468 3470 1889 3535 constituerat
1954 3469 2294 3534 tradendae
2360 3467 2653 3534 mulieris
2698 3467 2765 3549 ¹).
2850 3468 3073 3554 Itaque

682 3580 878 3647 verba
940 3580 1029 3642 sic
1092 3577 1220 3642 fere
1281 3575 1658 3662 corrigenda
1719 3575 2025 3641 videntur
2039 3596 2056 3654 3
2112 3575 2335 3653 „dies
2384 3595 2510 3659 qua
2554 3573 2690 3655 (vel
2734 3577 2802 3638 in
2851 3579 3070 3661 quam)

678 3685 894 3751 lenoni
936 3686 1363 3748 constitutum
1411 3683 1538 3746 fuit
1585 3679 1748 3762 (scil.
1800 3681 2046 3747 tradere
2093 3679 2468 3766 puellam)''.

772 3791 1079 3876 Sequitur
1123 3789 1284 3854 falsa
1330 3791 1690 3854 coniectura
1739 3789 1804 3852 in
1851 3787 1969 3869 (3),
2018 3809 2169 3852 nam
2214 3786 2359 3853 leno
2407 3808 2527 3852 non
2581 3789 2915 3865 mentitur,
2962 3808 3069 3852 ve-

679 3921 827 3980 rum
873 3899 1114 3963 urbane
1159 3917 1325 3963 vana
1371 3899 1436 3961 et
1481 3895 1722 3982 perfida
1764 3893 2087 3961 locutione
2135 3916 2293 3960 usus
2332 3900 2449 3960 est.
2510 3893 2736 3979 Itaque
2780 3893 2876 3976 (3)
2923 3894 3072 3959 Edi-

679 4007 806 4072 tori
873 4003 1264 4071 reddendum
1337 4008 1468 4082 est,
1541 4023 1656 4069 nec
1718 4023 1843 4067 non
1903 4004 2121 4090 inepta
2186 4000 2505 4067 conclusio
2567 4022 2679 4087 per
2738 4022 2950 4067 caram
3010 4003 3071 4066 ei

749 4316 802 4382 1)
847 4314 1125 4365 Sloman
1166 4311 1380 4372 ulisse,
1417 4327 1480 4362 sc.
1515 4312 1598 4361 the
1633 4311 1725 4375 day
1761 4326 1823 4360 on
1857 4308 2012 4359 which
2049 4309 2133 4359 the
2166 4308 2307 4358 other
2339 4307 2601 4374 purchaser
2634 4305 2917 4378 appeared’f,
2950 4323 3069 4372 quae

677 4399 833 4450 versio
886 4398 1008 4446 110110
1056 4395 1378 4460 quaestionem
1425 4411 1522 4444 non
1570 4393 1773 4443 dirimit.
1819 4392 1861 4440 E
1894 4407 2033 4441 versu
2068 4393 2157 4440 45:
2214 4387 2282 4441 ‚C
2302 4406 2413 4440 ras
2460 4405 2605 4440 man
2626 4407 2652 4438 0
2698 4405 2725 4438 0
2746 4393 2950 4454 rgent
2970 4405 3066 4439 nm

677 4481 849 4531 mihi
883 4479 1086 4529 miles
1119 4479 1194 4528 da
1214 4493 1280 4527 rc
1315 4493 1381 4526 00
1414 4478 1442 4526 d
1464 4475 1635 4526 ixit”
1671 4477 1892 4541 apparet,
1926 4474 2129 4524 alteram
2163 4473 2445 4523 scholiastae
2479 4471 2873 4537 significationem
2906 4471 3071 4522 iustio-

678 4579 781 4616 rem
815 4578 930 4624 esse,
962 4564 1016 4612 ut
1050 4559 1320 4610 declaratur
1356 4560 1406 4608 in
1442 4559 1541 4626 (5).
