3392 5384
649 385 782 452 262
1690 406 1984 456 monus·

742 567 847 646 75,
878 569 913 635 1
962 608 1043 635 ..-·..
1090 570 1324 637 Anecd.
1400 570 1604 636 Bekk.
1670 570 1959 650 383,11.
2025 610 2108 622 -—
2179 571 2597 638 ἆλίνουσι·
2648 573 3039 638 λεπτύνουσι.

644 683 994 756 Σοφοκλῆς.

738 782 1005 862 „Nonne
1051 784 1514 849 λειαίνουσι
1544 781 1611 849 ?”
1667 788 1932 851 annotat
1975 784 2206 866 Nabar,
2257 788 2369 872 qui
2415 807 2532 852 acu
2572 807 2708 851 rem
2747 788 3043 874 tetigisse

645 890 904 958 videtur
948 889 1427 972 (ΑιΑιΝοτει
1456 929 1539 940 --
1570 898 2042 973 AAINOTCI).

739 1108 845 1192 75,
873 1110 934 1176 2.
986 1148 1071 1160 -
1121 1110 1459 1177 ἁλίπαστα
1508 1112 1638 1176 κτὲ.

736 1216 997 1286 Confert
1053 1217 1480 1283 Reitzenstein
1527 1217 1744 1284 looum
1793 1217 2177 1305 parallelum
2230 1218 2466 1285 Aneed.
2515 1218 2720 1286 Bekk.
2765 1217 2918 1297 383,
2949 1218 3036 1283 12

644 1331 707 1391 et
745 1323 929 1390 Eust.
975 1321 1171 1402 1827,
1202 1323 1308 1389 60.
1350 1323 1598 1390 Addere
1637 1330 1885 1411 poterat
1927 1325 2163 1391 Aneod.
2202 1325 2405 1391 Bekk.
2433 1325 2541 1404 26,
2570 1325 2650 1391 21
2684 1332 2749 1391 et
2775 1324 3036 1391 Aelium

645 1431 1049 1517 Dionysium·
1078 1430 1248 1517 apud
1295 1429 1477 1496 Eust.
1533 1428 1731 1510 1278,
1759 1429 1864 1496 54.

737 1647 843 1729 76,
894 1649 982 1715 22
1030 1689 1110 1714 =
1154 1650 1358 1716 Bekk.
1407 1648 1648 1716 Aneod.
1701 1647 1856 1729 376,
1882 1649 1993 1716 28.
2061 1689 2148 1700 —-
2213 1651 2689 1730 ἄλκμαιίων·
2744 1652 3030 1733 ἰσχυρῶν,

644 1745 943 1838 ἀνδρείων,
994 1757 1310 1834 γενναίων.

736 1864 927 1943 „Lies
986 1864 1397 1929 ἀλκαίων”
1445 1868 1706 1930 annotat
1755 1864 2218 1945 Reitzenstein,
2266 1866 2535 1932 fortasse
2584 1886 2810 1932 verum
2856 1867 3041 1930 resti-

643 1976 866 2050 tuens,
930 1971 1039 2037 sed
1101 1975 1215 2035 aut
1274 1992 1398 2037 non
1460 1973 1676 2036 minus
1739 1971 1901 2037 bene
1967 1978 2081 2038 aut
2128 1974 2326 2038 etiam
2372 1971 2609 2038 melius
2657 1970 2866 2059 placet
2914 1973 3041 2036 ἀκ-

644 2104 691 2154 μ
715 2077 797 2142 αἰ
816 2101 938 2156 ων,
988 2077 1155 2163 quod
1202 2079 1500 2163 proponit
1545 2076 1774 2142 Naber.
2449 2083 2456 2090 ’

736 2279 841 2360 77,
873 2280 958 2346 14
1005 2307 1084 2332 =
1132 2281 1335 2347 Bekk.
1400 2281 1634 2347 Aneod.
1687 2279 1840 2359 377,
1872 2280 1977 2348 30.
2045 2319 2131 2331 --
2194 2280 2510 2347 Fabulam
2575 2303 2735 2368 quae
2799 2286 2896 2348 est
2957 2281 3038 2348 de

644 2389 865 2455 diebus
913 2388 1258 2455 ἑλκυονίσιν
1308 2409 1629 2454 enarrasse
1675 2388 1914 2454 dicitur
1952 2389 2374 2469 ’Λγιὶσανδρος
2416 2389 2475 2452 ἐν
2514 2397 2639 2462 τοῖς
2686 2389 2820 2469 περ)
2865 2391 3041 2456 ὑπο-

642 2495 1114 2574 μνημάτωκ

737 2601 925 2680 „Lies
964 2599 1423 2680 Ἡγήσανδρος”
1466 2591 1731 2665 annotat
1768 2600 2195 2667 Reitzenstein
2237 2623 2441 2688 neque
2482 2599 2897 2667 oblocuturus
2938 2607 3040 2668 est

642 2711 1003 2795 quisquam.
1049 2707 1176 2773 >Sed
1216 2728 1406 2793 quam
1449 2709 1691 2772 mirum
1734 2707 2001 2773 titulum
2043 2709 2270 2775 habuit
2309 2711 2446 2775 eius
2483 2706 2678 2774 liber!
2717 2708 2790 2774 In
2830 2707 3039 2775 lexico

640 2816 1032 2903 Segueriano
1097 2814 1156 2878 ἐν
1218 2822 1344 2887 τοῖς
1408 2814 1541 2894 περὶ
1608 2814 1958 2891 §noemma
1982 2839 2056 2880 τι
2120 2821 2216 2880 est
2281 2815 2567 2894 editum,
2633 2836 2794 2901 quae
2842 2815 3040 2883 verba

640 2924 731 2988 sic
801 2921 1160 3008 corrigebat
1220 2919 1507 2986 Mehler:
1575 2920 1635 2983 ἕν
1696 2928 1822 2993 τοῖς
1890 2921 2023 3000 περὶ
2076 2920 2659 3002 <ᾰγαλμάτων
2725 2922 2858 2987 καὶ
2922 2923 3040 2986 ὦν·-

639 3028 1103 3109 Muciumnon>
1155 3028 1687 3106 ὑπομνήμασι
1743 3027 2024 3109 (Naber).

700 3213 841 3311 '7s,
872 3231 955 3297 18
1002 3235 1081 3283 =·
1130 3229 1364 3296 Anood.
1413 3229 1619 3297 Bekk.
1670 3228 1824 3313 3⁷8,
1856 3229 1938 3296 13
1986 3257 2065 3282 =
2113 3230 2294 3297 said.
2362 3267 2447 3280 --
2513 3231 2836 3306 ἀλλήλων·
2889 3232 3028 3298 ἀντὶ

639 3345 747 3405 τοῦ
798 3339 1046 3404 ἑαυτῶν.
1096 3333 1284 3411 οὕτως
1330 3336 1659 3415 Εὐριπίδης
1710 3338 1812 3419 (fr.
1871 3336 2046 3403 1124
2092 3363 2172 3388 =
2223 3337 2397 3405 1107
2447 3321 2668 3420 Dind.)
2716 3339 2845 3403 κτὲ.

732 3445 1018 3532 Spectari
1066 3444 1221 3510 Eur.
1270 3443 1496 3532 Suppl.
1549 3442 1678 3510 676
1728 3448 1989 3510 annotat
2029 3443 2260 3510 Naber.
2311 3444 2410 3509 Ex
2455 3444 2787 3532 Euripidis
2825 3447 3034 3534 igitur

640 3553 1018 3639 fragmentis
1062 3553 1200 3616 sive
1244 3553 1545 3636 genuinis
1593 3552 1729 3616 sive
1776 3549 1988 3614 dubiis
2035 3550 2139 3614 hio
2186 3548 2364 3616 loeus
2412 3550 2810 3617 eximendus.

732 3768 839 3848 78,
868 3769 951 3835 21
1000 3794 1080 3819 ==
1124 3768 1359 3835 Anecd.
1410 3767 1611 3834 Bekk.
1662 3767 1816 3846 378,
1845 3767 1952 3833 31.
2001 3805 2086 3817 —
2132 3768 2470 3834 ἀλλόκοτον
2517 3769 2645 3834 xrs.

731 3875 997 3944 Confert
1041 3872 1255 3941 Naber
1301 3873 1494 3940 sohol.
1546 3871 1713 3939 Plat.
1762 3874 1918 3960 Rep.
1969 3872 2164 3940 487d.

734 4095 839 4174 79,
868 4095 910 4160 8
958 4120 1037 4146 =
1086 4094 1318 4160 Aneod.
1368 4093 1573 4160 Bokk.
1624 4091 1778 4172 379,
1807 4093 1847 4159 9
1895 4125 1975 4150 =
2022 4094 2202 4162 Suid.
2253 4131 2339 4144 —
2377 4093 2570 4169 ἄλλος
2615 4095 2844 4161 ἄλλον·
2887 4099 3026 4164 ἀντὶ

638 4207 745 4267 τοῦ
792 4202 1127 4276 ἀλλήλους.

729 4307 964 4374 Aneed.
1032 4307 1233 4373 Bekk.
1296 4305 1405 4385 81,
1432 4305 1475 4371 8
1544 4308 1893 4393 integriora
1961 4306 2115 4374 haee
2183 4311 2275 4374 sic
2342 4307 2509 4396 leg-i:
2576 4307 2770 4381 ἄλλος
2833 4308 3028 4377 ἄλλον

640 4413 958 4492 παρεκά
982 4428 1139 4477 λει·
1191 4414 1327 4478 ἀντὶ
1384 4417 1486 4476 τοῦ
1537 4413 1874 4488 ἀλλήλους.
1927 4417 2266 4494 Ἀραρὼς
2314 4414 2717 4495 ’Λδώνιδι,
2767 4422 3031 4483 annotat

639 4519 698 4586 N
702 4521 868 4586 aber.
