3392 5384
1348 454 1707 502 nomnium.
2638 439 2723 504 49

345 622 790 706 Amarynceus
834 625 899 683 et
942 617 1261 703 Iphiclus,
1303 617 1565 682 fuerunt
1603 616 1786 682 Iason
1828 622 1889 681 et
1928 617 2239 682 Admetus
2278 624 2342 683 et
2380 618 2690 685 Hercules
2710 668 2724 696 ,

340 726 470 790 fuit
512 726 844 790 Pirithous
875 723 943 804 ¹),
975 760 1059 772 -
1086 745 1164 788 ne
1203 722 1391 807 plura
1429 725 1685 787 nomina
1724 722 2109 788 cumulando
2146 722 2435 809 legentes
2458 724 2728 810 fatigem

339 834 683 915 ipsamque
753 832 820 894 in
885 850 1010 914 qua
1083 848 1297 895 versor
1365 827 1873 912 disputationem
1945 829 2200 893 turbem
2262 832 2475 914 magis
2536 851 2729 914 quam

343 934 692 1000 illustrem.

443 1153 571 1218 Ubi
636 1172 785 1216 vero
847 1151 1078 1216 Nestor
1136 1150 1247 1215 ille
1309 1150 1756 1214 trisaecliseneoe
1818 1150 1924 1215 vel
1982 1158 2072 1214 ter
2116 1174 2256 1215 aevo
2291 1153 2557 1236 funem
2575 1201 2591 1230 ,
2642 1190 2726 1202 —

353 1256 656 1343 quicquid
702 1256 768 1321 id
818 1255 946 1321 est}
998 1296 1082 1306 —
1133 1258 1242 1340 qui
1291 1259 1457 1321 vixit
1503 1279 1691 1319 cmnos
1742 1256 1832 1319 bis
1879 1264 2105 1320 centum
2134 1255 2184 1337 ²)
2231 1265 2296 1321 et
2341 1255 2662 1342 amplius?

447 1361 748 1429 Carmina
794 1362 1140 1428 Homerica
1185 1383 1333 1426 cum
1381 1368 1875 1446 perscrutamur,
1924 1364 2136 1426 missis
2181 1366 2387 1447 poetis
2431 1366 2731 1428 recentio-

350 1469 561 1544 ribus,
603 1489 808 1532 unum
845 1470 913 1531 in
953 1466 1150 1531 Iliade
1189 1466 1402 1531 locum
1447 1503 1526 1515 -—
1570 1469 1702 1531 iam
1742 1488 1933 1551 supra
1967 1488 2003 1531 a
2042 1469 2224 1533 nobis
2261 1468 2619 1533 indicatum
2645 1507 2729 1517 —

350 1576 721 1638 invenimus
767 1574 881 1638 ubi
927 1572 1242 1637 eiusmodi
1290 1571 1442 1656 quid
1491 1571 1761 1648 dicatur,
1809 1593 2014 1637 unum
2060 1576 2322 1658 inquam
2342 1621 2359 1650 ,
2408 1573 2516 1638 sed
2554 1577 2623 1638 in
2661 1594 2734 1638 ea

350 1678 574 1743 Iliadis
613 1681 668 1741 is
709 1684 806 1742 est
844 1684 1058 1763 parte,
1099 1699 1260 1763 quae
1302 1681 1596 1743 omnium
1634 1677 1830 1762 longe
1868 1681 2203 1743 notissima
2242 1684 2336 1743 est
2361 1700 2734 1764 semperque

350 1785 496 1849 fuit.
559 1784 726 1849 Nam
779 1784 1322 1868 quemadmodum
1369 1786 1566 1848 etiam
1613 1786 1726 1867 qui
1765 1783 2125 1847 Homerum
2171 1782 2357 1868 plane
2402 1787 2732 1870 ignorant,

352 1893 636 1974 primum
679 1901 896 1953 tamen
932 1888 1100 1953 illud
1143 1896 1360 1967 „afrum
1402 1888 1610 1952 ἄειδε”
1653 1888 2041 1953 audiverunt
2078 1888 2449 1973 aliquando,
2493 1892 2584 1955 sic
2624 1892 2736 1974 qui

355 1994 635 2079 aliquam
685 1998 822 2059 eius
871 1996 1169 2079 operibus
1216 1994 1668 2080 cognoscendis
1714 2014 1971 2078 operam
2018 1995 2469 2079 impenderunt
2517 1998 2735 2079 pueri,

356 2101 610 2163 etiamsi
650 2120 879 2184 parum
919 2100 1300 2184 profecerint
1341 2121 1454 2165 nec
1492 2098 1779 2164 multum
1821 2099 2079 2164 valeant
2107 2103 2446 2177 memoria,
2472 2103 2736 2164 initium

277 2223 308 2239 ‘
360 2209 526 2268 certe
585 2207 919 2280 carminis,
969 2225 1093 2289 quo
1142 2208 1279 2269 rixa
1325 2208 1575 2269 canitur
1620 2206 2017 2288 principum,
2068 2207 2159 2267 sic
2205 2207 2357 2268 satis
2405 2206 2736 2289 cognitum

359 2310 588 2375 habere
649 2309 854 2374 solent
915 2318 978 2373 et
1042 2331 1367 2374 summam
1429 2309 1658 2374 saltem
1706 2330 1924 2373 rerum
1970 2314 2185 2372 mente
2233 2316 2463 2373 tenere.
2513 2309 2737 2393 Itaque

359 2414 500 2479 fieri
544 2424 669 2479 n‘on
731 2417 941 2499 potuit
998 2418 1152 2499 quin
1217 2414 1366 2479 talis
1427 2416 1838 2498 potissimum
1901 2413 2134 2478 Nestor
2195 2418 2338 2478 ante
2398 2414 2738 2478 hominum

358 2526 644 2585 mentem
689 2526 1049 2585 versaretur
1095 2519 1305 2603 qualis
1354 2520 1734 2584 describitur
1778 2518 1950 2583 illic:

1788 2632 1944 2688 τοῖσι
1994 2624 2056 2688 δὲ
2104 2623 2354 2705 Νέστωρ

631 2730 949 2804 nfirma-312,-
997 2720 1551 2810 ἀνόρουσε,’λιγὺς
1598 2730 1839 2795 Πυλίων
1884 2731 2230 2808 ἀγορητής,

630 2841 736 2900 τοῦ
788 2836 892 2899 καὶ
943 2836 1067 2901 ἀπὸ
1117 2836 1407 2912 γλώσσης
1454 2835 1708 2913 μέλιτος
1756 2835 2026 2913 γλυκίων
2074 2836 2219 2913 ’ρέεν
2266 2834 2443 2909 αὐδή.

451 2940 584 3006 250
635 2942 732 3021 τῷ
782 2940 833 3004 δ’
874 2940 1013 3015 ἤδη
1065 2941 1198 3005 δύο
1246 2944 1387 3017 μὲν
1435 2942 1722 3019 γενεαὶ
1772 2940 2139 3018 μερόπων
2189 2940 2603 3018 ἀνθρώπων

635 3046 971 3126 ἐφθίαθ’,
1021 3043 1098 3111 οἵ
1132 3070 1239 3111 roc
1289 3037 1628 3126 πρόσθέν
1674 3044 1804 3122 ἅμ’
1846 3034 2345 3126 ἔτρωφοιϊήΐ
2388 3043 2739 3122 ἐγένοντο

637 3151 711 3214 ἐν
757 3151 987 3231 Πύλῳ
1037 3150 1379 3231 ἠγαθέῃ,
1427 3153 1640 3227 μετὰ
1688 3150 2271 3229 &brureio-010³
2323 3150 2739 3215 ἐνάνωσσε.

635 3251 670 3319 δ’
711 3263 860 3333 σφιν
907 3258 972 3321 ἐὺ
1019 3257 1277 3333 Φρονέων
1323 3257 1671 3332 ἀγορήσατο
1720 3256 1822 3318 καὶ
1871 3254 2209 3329 aerium.

362 3360 488 3425 Sed
542 3360 726 3426 facile
787 3362 1102 3425 sentimus
1162 3368 1291 3424 tres
1335 3359 1482 3424 illos
1529 3380 1752 3424 versus
1798 3358 2181 3423 clarissimos
2200 3407 2215 3435 ,
2264 3380 2420 3443 quos
2466 3358 2742 3423 diductis

356 3465 594 3530 litteris
653 3467 997 3551 insignivi,
1062 3468 1198 3530 sine
1258 3469 1592 3529 contextus
1656 3464 2039 3529 detrimento
2104 3466 2320 3528 omitti
2381 3484 2567 3548 posse
2612 3486 2743 3529 me-

358 3570 615 3655 liusque
659 3571 814 3635 adeo
862 3573 1101 3635 omitti.
1164 3570 1249 3634 Et
1296 3573 1600 3655 quoniam
1646 3591 1795 3635 cum
1843 3591 1916 3635 ea
1962 3555 2156 3654 quam
2202 3590 2393 3654 supra
2441 3591 2475 3634 e
2520 3573 2745 3634 carmi-

362 3676 554 3739 nibus
599 3677 795 3758 epicis
834 3674 1156 3739 effecimus
1195 3674 1484 3739 Nestoris
1522 3679 1809 3761 imagine
1846 3678 2119 3740 minime
2154 3680 2537 3761 congruunt,
2577 3684 2739 3759 post-

361 3778 552 3844 modo
601 3782 756 3863 quin
803 3779 1042 3843 fuerint
1085 3782 1310 3863 inserti
1358 3787 1470 3843 aut
1516 3783 1757 3844 mutati
1802 3802 1926 3845 non
1975 3780 2230 3846 videtur
2277 3780 2567 3844 dubium.

462 3886 544 3948 At
623 3886 856 3948 reicere
939 3904 1101 3967 quae
1170 3884 1547 3968 displiceant
1617 3888 1975 3962 temerarii,
2048 3906 2174 3949 non
2243 3885 2576 3968 prudentis
2646 3890 2745 3948 est

367 3985 615 4053 critici?
695 3986 1046 4072 Odysseam
1113 3990 1320 4073 igitur
1385 3991 1836 4073 inspiciamus;
1909 3992 2014 4054 cui
2084 3990 2354 4053 carmini
2426 3988 2742 4072 capularis

365 4112 557 4156 senex
623 4092 857 4156 Nestor
924 4112 1122 4176 aeque
1190 4096 1456 4177 ignotus
1521 4100 1617 4157 est
1685 4100 1878 4177 atque
1945 4091 2164 4170 Iliadi,
2227 4093 2379 4157 licet
2437 4094 2745 4176 temporis

364 4196 786 4261 intervallum
843 4196 1101 4281 aliquod
1163 4201 1298 4261 sive
1358 4200 1567 4262 maius
1629 4200 1765 4264 sive
1826 4201 2044 4293 minus
2088 4200 2518 4263 intercesserit
2577 4200 2745 4261 inter

433 4454 490 4515 l)
527 4458 574 4500 A
608 4453 719 4500 264.

433 4534 488 4593 2)
522 4532 664 4581 Ovid.
703 4531 902 4579 Metam.
937 4530 1034 4578 XII
1071 4532 1182 4579 188.
