3392 5384
1156 395 1411 444 nARcus
1455 395 1834 444 Amemus.
2606 378 2694 445 ’79

400 560 508 626 VI.
559 559 666 626 36.
718 562 753 635 ἢ
803 559 1023 637 Ἀσία,
1075 562 1110 634 ἢ
1155 557 1443 637 Εὐρώπη,
1491 558 1713 636 γωνίαι
1761 563 1867 622 τοῦ
1916 557 2179 634 κόσμου·
2223 563 2351 624 πᾶν
2390 559 2692 640 πέλαγος,

308 667 564 744 σταγὼν
609 670 724 730 τοῦ
763 664 1025 739 κόσμου·
1069 664 1308 742 Ἀθως,
1359 665 1660 742 βωλοέριον
1710 669 1815 727 τοῦ
1857 662 2115 739 κόσμου·
2161 670 2288 729 ποῖν
2330 666 2398 729 τὸ
2440 667 2691 738 ἐνεστὼς

308 779 414 838 τοῦ
462 770 697 852 χρόνου,
748 772 991 848 στιγμὴ
1036 774 1142 834 τοῦ
1189 771 1418 841 αἰῶνος.
1471 769 1683 834 πάντα
1736 769 1964 847 μικροὶ,
2014 771 2358 849 εύτρεπτα,
2408 772 2697 850 ἐναφανι-

311 877 562 959 ζόμενα.
612 877 824 942 πάντα
871 877 1093 941 ἐκεῖθεν
1139 875 1428 956 ἔρχεται,
1478 877 1592 938 ἀπ’
1641 876 1865 941 ἐκείνου
1911 881 2017 940 τοῦ
2074 883 2262 940 κοινοῦ
2331 879 2689 954 ἡγεμονικοῦ

307 985 668 1065 ὁρμήσαντα
741 984 774 1057 ἢ
846 984 988 1046 κατ’
1055 981 1532 1056 ἐπακολούθησιν
1597 981 1772 1047 κ.τ.ἕ.
1837 981 2013 1046 Duas
2075 1003 2175 1047 res
2233 981 2565 1048 distinctas
2627 989 2693 1048 et

305 1089 777 1177 quodammodo
836 1091 1005 1154 inter
1065 1109 1130 1152 se
1180 1086 1418 1152 alienas
1463 1087 1570 1152 hic
1614 1089 1919 1173 coniungi
1966 1092 2255 1172 apparet,
2304 1088 2544 1154 scilicet
2590 1111 2695 1155 va-

301 1200 575 1265 nitatem
621 1195 1074 1280 vilitatemque
1110 1215 1327 1258 rerum
1366 1193 1802 1258 humanarum
1842 1198 1907 1258 et
1945 1193 2180 1279 dogma
2215 1193 2373 1260 illud
2404 1195 2693 1260 Stoicum

306 1305 440 1383 περὶ
484 1307 601 1367 τῶν
638 1301 1165 1379 ἐπιγεννημάτων,
1211 1320 1372 1385 quae
1411 1304 1638 1384 utpote
1677 1297 2058 1384 profluentia
2098 1319 2176 1363 ex
2216 1301 2435 1365 eodem
2475 1301 2693 1367 divino

301 1409 497 1486 fonte,
531 1429 657 1493 quo
697 1409 943 1484 omnia,
961 1402 968 1406 ’
986 1405 1206 1472 30113111
1245 1426 1460 1472 amore
1499 1411 1562 1470 et
1604 1405 2053 1484 admiratione,
2094 1426 2220 1491 qua
2255 1402 2533 1491 reliq'uas
2555 1428 2656 1472 res
2677 1455 2693 1486 ‚

299 1516 612 1600 prosequi·
641 1515 994 1598 sapientem
1035 1512 1268 1577 deceat.
1317 1510 1541 1597 Itaque
1591 1532 1627 1575 a
1674 1511 1889 1577 verbis
1929 1512 2140 1576 πάντα
2183 1512 2406 1575 ἐκεῖθεν
2442 1510 2695 1592 ἔρχεται

294 1641 462 1685 nova
505 1618 676 1684 linea
720 1617 1079 1703 incipienda
1125 1617 1385 1682 videtur
1399 1635 1416 1694 ;
1483 1618 1595 1701 qui
1655 1621 1876 1681 autem
1938 1616 2183 1682 factum
2231 1619 2315 1682 sit
2333 1665 2350 1694 ,
2407 1623 2482 1682 ut
2516 1605 2695 1683 ¹baec

300 1727 518 1791 omnia
561 1726 631 1789 in
675 1745 881 1788 unum
927 1721 1348 1788 coalescerent
1366 1770 1382 1799 ,
1431 1720 1618 1788 facile
1662 1725 2069 1808 perspicitur,
2113 1744 2264 1788 cum
2302 1745 2423 1789 vox
2467 1727 2696 1789 iterata

303 1831 520 1896 πάντα
565 1828 858 1894 librarios
903 1830 972 1892 in
1011 1849 1289 1893 errorem
1335 1826 1683 1893 induxerit.

395 2048 532 2114 VII.
598 2045 706 2113 4¹7.
757 2046 844 2112 48
913 2047 1338 2112 continuanda
1401 2047 1705 2115 videntur
1774 2047 1895 2112 hoc
1966 2047 2189 2112 modo:
2265 2055 2695 2127 »περισκοπεῖν

310 2154 547 2233 ἄστρων
594 2156 882 2234 δρόμους,
930 2152 1130 2232 ὥσπερ
1181 2152 1703 2229 συμπεριθέοντα”
1756 2154 1857 2215 καὶ
1907 2153 2022 2222 τὰς
2076 2160 2193 2216 τῶν
2241 2157 2559 2234 στοιχείων
2607 2157 2693 2227 εἰς

306 2259 566 2334 ἄλληλα
613 2258 986 2334 μεταβολὰς
1037 2261 1312 2338 συνεχῶς
1363 2257 1610 2320 ἐννοεῖν·
1662 2259 2140 2335 ἀποκαθαίρουσι
2190 2263 2315 2334 γὰρ
2357 2261 2423 2324 αἱ
2466 2261 2692 2324 τούτων

305 2368 658 2446 Φαντασίαι
711 2366 855 2442 »τὸν
901 2365 1084 2445 ῥύπον
1133 2369 1237 2427 τοῦ
1287 2363 1504 2441 χαμαὶ
1553 2361 1762 2437 βίου”.
1812 2364 2001 2427 καλὸν
2053 2364 2122 2425 τὸ
2171 2369 2275 2427 τοῦ
2324 2365 2690 2435 Πλάτωνος·

305 2473 413 2536 καὶ
474 2472 544 2543 δὴ
606 2473 741 2550 περὶ
797 2471 1113 2549 ἀνθρώπων
1177 2468 1314 2538 τοὺς
1379 2469 1600 2544 λόγους
1651 2467 2003 2543 ποιούμενον
2052 2472 2402 2534 ἐπισκοπεῖν
2449 2471 2544 2536 δεῖ
2586 2472 2689 2535 καὶ

304 2579 392 2642 τὰ
455 2577 706 2654 ἐπίγεια
771 2575 944 2641 nans.
1003 2581 1077 2639 ut
1137 2594 1313 2639 more
1374 2589 1488 2639 suo
1547 2579 1768 2638 auctor
1815 2575 2009 2639 verba
2054 2572 2310 2639 aliunde
2357 2575 2693 2662 desumpta

300 2687 441 2771 ipse
504 2689 774 2769 augeat,
839 2680 1220 2767 amplificet,
1270 2682 1552 2765 corrigat
1597 2701 1872 2765 quoque.
1923 2680 2083 2746 Fere
2134 2681 2309 2746 idem
2356 2683 2691 2767 interpreti

303 2786 557 2856 Gallico
604 2789 910 2854 Fournier
956 2786 1269 2873 placuisse
1317 2785 1523 2851 video.

394 2996 534 3063 VII.
585 2995 691 3064 67.
743 3001 775 3071 ἥ
825 2997 1012 3077 Φύσις
1063 2997 1183 3077 οὐχ
1230 2994 1412 3068 οὕτως
1464 2996 1826 3073 συνεκέρασε
1873 3000 1956 3079 τῷ
2007 2999 2429 3076 συγκρίμασι,
2479 3000 2554 3068 ὦς
2598 3001 2684 3074 μὴ

301 3105 583 3185 ἐφεῖσθαι
653 3102 995 3183 περιορίζειν
1068 3102 1284 3166 ἑαυτὸν
1351 3101 1455 3166 καὶ
1521 3102 1604 3165 τὰ
1675 3103 1897 3167 ἑαυτοῦ
1946 3105 2053 3183 ὑφ’
2101 3105 2297 3184 ἑαυτῷ
2349 3105 2683 3170 ποιεῖσθαι·

299 3212 445 3274 λίαν
491 3210 619 3288 γὰρ
669 3209 986 3286 ἐνδέχεται
1029 3209 1179 3271 θεῖον
1218 3206 1405 3286 ἄνδρα
1446 3206 1730 3283 γενέσθαι
1776 3207 1879 3272 καὶ
1926 3209 2039 3273 ὑπὸ
2078 3208 2329 3284 μηδενὸς
2371 3210 2687 3290 γνωρισθῆ-

299 3338 420 3379 ναι.
484 3314 699 3379 τούτου
757 3312 1033 3390 μέμνησο
1098 3313 1193 3376 ἀεὶ
1257 3312 1360 3375 καὶ
1411 3309 1502 3375 ἔτι
1552 3312 1796 3391 ἐκείνου,
1848 3308 1938 3376 ὅτι
1989 3314 2047 3378 ἐν
2091 3314 2427 3389 ’ὀλιγίστοις
2482 3323 2682 3379 κεῖται

299 3421 371 3484 τὸ
437 3420 803 3494 εὐδαιμόνως
867 3419 1113 3495 βιῶσαι.
1175 3415 1382 3482 Verba
1444 3417 1586 3480 λίαν
1650 3417 1778 3496 γαρ
1830 3453 1915 3467 -
1963 3422 2358 3499 γνωρισθῆναι
2423 3421 2501 3486 ab
2564 3420 2684 3486 1100

295 3523 435 3590 1030
480 3546 739 3611 prorsus
784 3524 991 3590 aliena
1035 3544 1171 3588 esse
1190 3572 1206 3600 ,
1256 3525 1470 3608 quivis
1511 3522 1710 3588 semel
1749 3526 2033 3588 monitus
2072 3524 2414 3612 intellegit.
2461 3527 2686 3611 Neque

298 3631 564 3696 fortasse
608 3630 802 3708 latet,
852 3631 1022 3696 unde
1067 3629 1195 3694 huc
1241 3631 1703 3715 migraverint;
1746 3632 2077 3715 aptissime
2120 3634 2295 3696 enim
2334 3654 2395 3717 v..
2439 3635 2685 3697 amicus

297 3735 722 3823 Kronenberg
781 3741 1032 3813 monet,
1091 3757 1285 3821 quam
1333 3736 1490 3800 bene
1537 3735 1851 3820 quadrent
1894 3738 1962 3800 in
2009 3743 2199 3822 caput
2247 3740 2536 3822 proxime
2584 3759 2687 3802 an-

299 3842 625 3920 tecedens,
690 3844 758 3906 in
821 3863 945 3926 quo
1006 3843 1225 3926 agitur
1287 3840 1362 3906 de
1425 3861 1589 3906 vana
1649 3840 1858 3926 gloria
1920 3843 2233 3920 humana,
2298 3864 2444 3907 cum
2495 3864 2683 3908 nemo

297 3951 457 4013 sciat
525 3969 604 4012 an
673 3951 757 4026 ii,
821 3950 934 4033 qui
997 3949 1336 4013 obscuram
1398 3948 1602 4011 vitam
1668 3953 1908 4032 agunt,
1978 3969 2201 4015 revera
2261 3948 2555 4014 meliores
2618 3957 2683 4014 et

295 4055 710 4137 sapientiores
750 4056 879 4117 sint
918 4073 1114 4138 quam
1154 4073 1312 4137 quos
1350 4052 1521 4116 fama
1560 4052 1639 4116 ad
1679 4052 1930 4117 caelum
1971 4075 2173 4138 usque
2214 4054 2411 4119 effert.
2460 4054 2684 4139 Itaque

295 4161 611 4250 sententia
649 4159 820 4223 hunc
859 4159 989 4224 fere
1027 4163 1095 4222 in
1135 4157 1402 4223 modum
1439 4159 1908 4243 transponenda
1945 4160 2237 4225 videtur:
2285 4160 2460 4224 πόθεν
2485 4159 2682 4238 ἴσμεν,

297 4265 349 4328 εἰ
401 4265 488 4336 μὴ
536 4265 888 4340 Τηλαύγης
939 4265 1296 4342 Σωκράτους
1349 4265 1456 4337 τὴν
1512 4263 1773 4329 διάθεσιν
1838 4267 2122 4343 κρείσσων
2186 4262 2285 4344 ἦν;
2351 4268 2492 4329 λίαν
2558 4267 2682 4342 γὰρ

297 4370 618 4451 ἐνδέχεται
685 4373 834 4436 θεῖον
895 4371 1083 4448 ἄνδρα
1152 4370 1437 4447 γενέσθαι
1506 4371 1608 4433 καὶ
1676 4372 1791 4436 ὑπὸ
1853 4371 2105 4449 μηδενὸς
2154 4373 2569 4451 γνωρισθῆναι.
2619 4374 2683 4436 οὐ

295 4476 422 4555 γὰρ
471 4478 650 4553 ἀρκεῖ
689 4477 737 4539 εἲ
793 4479 1129 4554 Σωκράτης
1179 4476 1356 4540 κ.τ.ἓ.
