3392 5384
762 1202 905 1293 DE
958 1203 2178 1433 ΟΟΜΜΕΝΤΙ1143343ΙίἶίῖιέἑιῗξΙΙζ
2225 1206 3005 1297 COMPOSITIONE

1761 1578 2012 1620 scalpsu·

1483 1744 1569 1809 H.
1635 1744 1708 1811 Τ.
1771 1744 2282 1813 KARS'PEN.

1376 1912 1850 1991 (Continuantur
1913 1937 1986 1979 ex
2039 1938 2183 1997 pay.
2247 1913 2381 1996 44).

1710 2214 2028 2257 —40-4...

767 2472 933 2538 Ibid.
982 2470 1089 2538 29.
1148 2471 1268 2538 1110
1310 2473 1426 2537 ubi
1472 2474 1669 2538 miser
1715 2472 2049 2539 famelicus
2099 2471 2276 2539 videt
2322 2474 2418 2537 mi
2462 2493 2601 2538 esse
2652 2476 2908 2538 tantum
2952 2472 3072 2537 ho-

679 2601 902 2646 norem
3082 2572 3091 2579 ⁸

766 2685 864 2765 (1)
904 2684 1029 2749 Hic
1068 2683 1379 2760 ostendit,
1422 2704 1583 2769 quae
1622 2705 1721 2749 res
1762 2687 2044 2771 coegerit
2082 2684 2161 2749 ad
2191 2683 2587 2762 discendum,
2635 2683 2733 2765 (2)
2771 2689 2837 2749 et
2861 2684 3070 2750 simul

678 2789 827 2855 vide
888 2787 1239 2853 secundum
1300 2786 1489 2875 vulgi
1552 2791 1916 2873 opinionem
1975 2788 2156 2874 loqui
2215 2792 2608 2874 parasitum:
2642 2791 3066 2866 ·„miserum''

677 2900 742 2959 et
792 2894 1268 2972 „famelicum''‚
1315 2895 1643 2959 hominem
1687 2896 1968 2959 honestis
2015 2896 2301 2960 moribus
2347 2895 2730 2981 praeditum.

767 3000 1132 3085 Utrumque
1191 3000 1521 3065 damnavit
1580 2998 1838 3077 sabb„
1902 3003 2152 3066 merito.
2226 3001 2576 3067 Adnotavit
2635 3003 2790 3067 haec
2836 3001 3073 3067 Editor

674 3109 911 3192 partim
951 3107 1029 3172 ad
1071 3105 1439 3192 exemplum
1486 3104 1721 3170 Donati
1761 3104 1892 3186 (3):
1935 3105 2094 3171 Vide
2130 3113 2205 3171 ut
2243 3107 2628 3172 sententiose
2668 3106 3067 3173 demonstret

674 3212 878 3279 malos
925 3233 1003 3278 ex
1050 3214 1230 3279 bonis
1277 3214 1659 3298 contagione
1698 3211 1871 3290 fieri,
1919 3211 2232 3298 exemplis
2272 3214 2338 3276 in
2377 3233 2654 3298 pravum
2694 3212 3070 3298 praevalen-

674 3322 880 3386 tibus:
931 3319 1193 3398 „videt”
1233 3321 1398 3384 mihi
1436 3320 1558 3385 hoc
1597 3320 1897 3405 prodesse
1937 3324 2002 3385 et
2043 3319 2279 3384 discere
2320 3325 2535 3403 optat,
2577 3319 2747 3405 quod
2786 3320 3068 3407 negabat

674 3448 741 3492 se
786 3418 989 3512 posse.
1172 3423 1384 3490 Schol.
1432 3423 1527 3505 (5)
1572 3423 1805 3490 Sabb.
1855 3426 2094 3489 iniuria
2137 3422 2387 3489 Donato
2435 3424 2774 3489 subtraxit.

616 3600 621 3605 ,
762 3532 924 3597 Ibid.
976 3530 1062 3596 30
1122 3530 1221 3596 Ibi
1269 3529 1464 3595 homo
1512 3532 1722 3624 coepit
1768 3552 1874 3595 me
1921 3530 2280 3595 obscecrare

762 3636 925 3703 Don.
974 3637 1070 3717 (3)
1118 3636 1286 3700 Mire
1334 3635 1579 3700 addidit
1626 3634 1908 3713 „homo”
1944 3636 2011 3716 ¹).
2147 3636 2248 3701 IP
2284 3637 2403 3701 1100
2441 3638 2742 3721 opponit:
2785 3634 2880 3715 (4)
2921 3636 3061 3701 Aut

671 3743 964 3809 additum
1026 3761 1422 3827 supervacuo
1487 3741 1763 3826 „homo”
1827 3747 1902 3805 ut
1969 3742 2201 3819 „donat
2261 3741 2491 3805 habere
2555 3743 2692 3806 viro
2755 3739 2945 3805 decus
2991 3746 3063 3805 et

671 3855 963 3915 tutamen
1009 3850 1076 3912 in
1120 3846 1356 3912 armis’'
1407 3845 1626 3933 (Verg.
1677 3846 1731 3912 V
1780 3844 1962 3927 262).
2146 3847 2524 3912 Observatio
2571 3850 2637 3911 et
2683 3845 3057 3932 exemplum

670 3976 868 4041 aeque
916 3953 1215 4039 insipida.
2791 3950 2855 4017 S.
2905 3974 2959 4017 0.

758 4060 917 4126 Ibid.
980 4058 1065 4125 37
1138 4058 1262 4125 Sed
1323 4060 1790 4125 Parmenonem
1851 4065 1997 4123 ante
2059 4060 2302 4124 ostium
2362 4057 2467 4123 hic
2531 4064 2736 4122 astare
2801 4060 3058 4123 tristem

668 4166 889 4243 video,
938 4164 1161 4231 rivalis
1207 4185 1495 4243 servom3
1546 4164 1728 4230 salva
1775 4186 1874 4229 res
1921 4169 2038 4230 est.

732 4442 789 4506 1)
835 4396 1040 4489 Attende
1084 4441 1351 4504 frequentes
1397 4438 1669 4488 huiusmodi
1717 4437 2020 4487 brevissimas
2062 4436 2170 4487 Aeli
2205 4436 2550 4497 adnotationes,
2588 4436 2823 4486 lectorum
2859 4435 3058 4500 ingenio

663 4524 874 4588 cogitare
910 4522 1225 4586 relinquentis
1256 4537 1343 4570 cur
1378 4521 1467 4569 hoc
1502 4521 1712 4570 adnotet.
