3392 5384
1437 421 1750 470 pommus.
2630 398 2761 464 215

319 643 329 650 -
381 614 476 679 pe
501 614 584 657 re
633 590 699 673 ¹).
763 591 1086 657 Nonius
1147 589 1311 677 legit
1374 587 1758 674 „rumpere”
1819 586 2013 673 idque
2074 587 2273 652 vertit
2340 590 2762 651 retentum

369 700 759 794 proferre
811 721 873 784 p.
927 697 1077 766 382.
1107 696 1213 763 38.

460 805 564 870 IP
619 804 857 870 Donati
903 804 1381 890 interpolationi
1430 823 1614 868 suam
1663 801 1870 867 denuo
1916 803 2100 866 iuxta
2146 803 2362 886 posuit
2398 806 2463 866 et
2502 800 2762 888 quidem

364 914 754 999 praeposuit.

458 1017 619 1084 Ibid.
672 1017 712 1082 6
775 1017 900 1097 Qui
946 1039 1050 1082 me
1100 1064 1156 1082 ..
1192 1067 1206 1082 .
1258 1015 1607 1103 rogitando
1654 1014 1969 1080 obtundat

458 1125 552 1206 (2)
619 1123 1030 1203 „Obtundat”
1106 1124 1318 1189 odiose
1387 1126 1587 1188 instat
1659 1143 1731 1186 ac
1802 1126 2070 1207 repetat.
2166 1121 2261 1203 (3)
2321 1121 2637 1187 Molestus
2697 1128 2768 1204 et·

369 1232 624 1298 odiosus
660 1234 765 1297 sit.
883 1230 1024 1297 Hoc
1071 1229 1238 1296 alius
1288 1231 1625 1316 magistri,
1674 1227 1845 1294 illud
1892 1227 2164 1307 Donati,
2204 1229 2283 1294 cf.
2335 1228 2436 1294 Ad
2477 1228 2507 1292 I
2547 1228 2610 1296 2.
2640 1228 2757 1294 33:

369 1339 508 1416 „Ne
571 1359 675 1403 me
742 1338 1099 1403 obtundas''
1163 1359 1242 1402 ne
1305 1357 1408 1401 me
1473 1357 1658 1421 saepe
1726 1342 1790 1400 et
1836 1333 2108 1401 moleste
2155 1334 2556 1421 interpelles,
2608 1356 2759 1401 nam

368 1444 836 1510 obtundere
883 1449 980 1509 est
1025 1465 1210 1529 saepe
1257 1443 1504 1527 aliquid
1553 1443 1768 1508 odiose
1814 1447 2121 1527 repetere.
2256 1440 2261 1448 ’

455 1550 617 1617 Ibid.
673 1551 708 1617 7
783 1551 948 1631 Quid
995 1554 1273 1639 gestiam
1323 1556 1438 1616 aut
1486 1549 1643 1635 quid
1691 1548 1901 1614 laetus
1948 1551 2074 1614 sim

461 1659 557 1741 (2)
621 1657 957 1725 Gestire
1005 1665 1100 1724 est
1147 1663 1330 1723 motu
1382 1659 1660 1742 corporis
1712 1663 2068 1722 monstrare
2117 1657 2272 1743 quid
2320 1660 2591 1738 sentias3
2640 1659 2759 1724 hoc

365 1772 583 1832 autem
654 1773 900 1830 constat
970 1787 1005 1830 a
1075 1765 1425 1851 pecudibus
1497 1765 1575 1829 ad
1649 1764 1944 1830 homines
2015 1785 2149 1828 esse
2210 1763 2619 1830 translatum.

369 1871 464 1955 (3)
526 1871 868 1939 Gestire
931 1877 1028 1936 est
1084 1892 1346 1937 sensum
1400 1873 1684 1956 corporis
1732 1876 1925 1956 gestu
1970 1870 2282 1948 indicare,
2331 1871 2501 1956 quod
2547 1874 2759 1959 magis

365 1979 748 2045 animalium
797 1985 893 2044 est
938 1983 1293 2044 mutorum.
1343 1977 1674 2064 Vergilius
1726 1983 1834 2054 „et
1880 1976 2094 2041 studio
2142 1979 2209 2041 in
2250 1998 2502 2042 cassum
2541 1978 2758 2044 videas

363 2089 602 2175 gestire
670 2085 994 2152 lavandi''.
1079 2087 1178 2152 Ad
1249 2105 1444 2171 quem
1505 2084 1759 2163 locum,
1834 2082 2069 2170 Georg.
2132 2083 2163 2148 Ι
2226 2083 2379 2164 387,
2451 2085 2754 2152 Servius:

369 2193 706 2273 „Gestire”
773 2193 1092 2259 laetitiam
1155 2214 1341 2258 suam
1404 2195 1688 2279 corporis
1751 2192 1977 2274 habitu
2040 2191 2401 2277 significare
2421 2213 2437 2272 ς
2484 2214 2636 2258 nam
2682 2200 2758 2258 ut

363 2301 654 2366 homines
725 2301 936 2366 verbis
1009 2299 1331 2367 laetitiam
1395 2320 1581 2364 suam
1643 2301 2051 2384 exprimunt,
2114 2301 2209 2364 ita
2273 2320 2423 2365 aves
2480 2302 2757 2385 corporis

362 2407 870 2510 gesticulatione.
2350 2467 2355 2472 .

455 2513 623 2582 Cum
671 2517 875 2580 orati'o
924 2519 1066 2578 tum
1115 2512 1487 2597 exemplum
1539 2511 1730 2598 Verg.
1779 2512 1899 2576 hoc
1945 2510 2128 2577 Aelio
2174 2512 2546 2599 adsignant,
2589 2511 2754 2578 illud

360 2622 676 2686 imitatori
721 2619 1011 2697 cuidam,
1061 2625 1173 2685 aut
1219 2620 1594 2703 excerptori.

451 2728 613 2793 Ibid.
666 2726 705 2792 9
779 2727 986 2792 Adibo
1036 2731 1226 2811 atque
1273 2726 1351 2791 ab
1399 2747 1472 2792 eo
1518 2727 1802 2813 gratiam
1848 2725 2046 2803 hanc,
2090 2746 2285 2812 quam
2324 2725 2512 2793 video
2550 2726 2751 2808 velle,

359 2835 536 2900 inibo

454 2941 550 3024 (l)
609 2939 846 3007 Sensus
893 2945 958 3005 et
1006 2939 1158 3006 ordo
1205 2940 1310 3005 hic
1357 2944 1489 3005 est:
1538 2939 1727 3005 adibo
1776 2944 1967 3024 atque
2016 2940 2094 3004 ab
2143 2961 2217 3006 eo
2264 2943 2544 3026 gratiam
2590 2941 2752 3006 hanc

356 3048 567 3127 inibo,
633 3067 826 3134 quam
891 3046 1079 3112 video
1145 3046 1318 3111 hunc
1382 3045 1550 3112 velle
1613 3066 1649 3110 a
1696 3067 1763 3110 se
1808 3047 1975 3110 inire
2022 3048 2198 3127 (iniri
2216 3044 2287 3128 2).
2428 3047 2523 3130 (2)
2570 3046 2753 3114 Gra-

359 3155 567 3219 tiam
632 3156 853 3218 inire
924 3160 1019 3218 est
1080 3151 1228 3218 dare
1291 3152 1670 3218 beneficium
1732 3173 1804 3217 ac
1865 3173 1980 3237 per
2024 3153 2144 3218 hoc
2198 3156 2432 3219 mereri
2478 3153 2752 3240 alicuius

361 3263 647 3347 gratiam
694 3259 763 3324 id
810 3265 906 3325 est
952 3261 1329 3324 amicitiam.
1472 3259 1568 3340 (3)
1607 3257 1733 3323 Sed
1770 3259 1925 3324 haec
1965 3265 2061 3323 est
2100 3258 2377 3326 elocutio
2427 3265 2748 3348 „gratiam

359 3368 438 3433 ab
503 3389 578 3433 eo
618 3366 836 3433 inibo''
885 3388 997 3452 pro
1047 3369 1184 3432 eius
1235 3367 1525 3453 gratiam
1572 3365 1866 3430 merebor
1881 3387 1897 3444 3
1948 3386 2097 3430 nam
2146 3367 2239 3431 ab
2286 3387 2374 3434 eo
2420 3374 2597 3433 amat
2642 3368 2755 3434 Te-

359 3477 606 3540 rentius
652 3496 768 3560 pro
817 3476 1009 3540 eius
1059 3494 1328 3560 ponere,
1379 3480 1455 3537 ut
1498 3476 1567 3538 in
1613 3472 1854 3538 Andria
1900 3472 1955 3553 (Ι
1998 3472 2057 3537 1.
2089 3472 2245 3555 129)
2295 3478 2625 3561 „primum
2674 3478 2751 3543 ab

360 3604 434 3648 eo
482 3581 1048 3648 animadvertenda
1091 3583 1334 3645 iniuria
1381 3579 1521 3645 est'’
1563 3601 1678 3665 pro
1720 3582 1901 3657 „eius
1940 3580 2245 3646 iniuria'’.
2385 3581 2480 3664 (4)
2528 3582 2753 3649 Inire

363 3693 583 3754 autem
647 3690 1015 3775 gratiam
1081 3695 1178 3753 est
1235 3688 1468 3752 mereri
1531 3689 1833 3774 gratiam.
1898 3685 2175 3753 Plautus
2235 3687 2447 3769 (Cure.
2497 3689 2591 3755 III
2640 3690 2752 3772 35)

366 3795 603 3872 „inibis
651 3815 689 3858 a
734 3816 840 3860 me
888 3793 1158 3861 solidam
1207 3800 1272 3860 et
1317 3793 1628 3880 grandem
1676 3794 1999 3880 gratiamf'
2029 3791 2101 3875 ²).

432 3995 484 4060 1)
533 3995 618 4042 Vo
637 4010 662 4042 c
681 4010 706 4042 e
725 4008 769 4042 m
816 4009 841 4042 r
862 4009 892 4042 u
911 4009 1007 4058 mp
1027 4008 1053 4041 e
1072 4008 1097 4041 r
1117 4008 1142 4042 e
1189 4008 1214 4041 e
1261 3991 1478 4056 Vergilio
1514 3991 1820 4040 notissimum
1855 3989 1985 4040 varie
2020 3991 2302 4056 explicatur.
2344 3991 2548 4043 Videtur
2580 3993 2758 4058 signiti-

359 4093 467 4126 care
520 4076 890 4142 perruptis
943 4075 1353 4124 obstaculis
1403 4074 1672 4124 exitum
1720 4075 1882 4122 dare
1930 4074 2107 4134 voci,
2156 4076 2206 4122 et
2239 4075 2755 4140 comparandum'cum

359 4176 446 4209 usu
481 4159 737 4208 transitivo
771 4158 822 4207 in
859 4158 934 4207 his
969 4157 1309 4207 locutionibus:
1351 4157 1495 4208 ovid.
1530 4158 1655 4206 Met.
1692 4156 1733 4203 V
1772 4155 1868 4208 257
1904 4155 2108 4204 montis.
2133 4193 2145 4205 .
2167 4171 2335 4220 .quem
2370 4157 2545 4221 ungula
2573 4157 2756 4224 rupit'’.

357 4241 502 4306 Verg.
550 4244 608 4292 G.
657 4242 683 4290 I
729 4241 828 4290 446
878 4242 1020 4289 densa
1055 4240 1183 4290 inter
1221 4239 1387 4289 nubila
1421 4255 1520 4288 sese
1553 4239 1731 4288 diversi
1768 4242 1993 4304 rumpent
2028 4239 2164 4288 radii.
2202 4241 2322 4289 Aen.
2355 4239 2424 4288 XI
2461 4242 2557 4289 548
2592 4244 2756 4291 tantus

355 4341 404 4374 se
457 4323 660 4374 nubibus
705 4323 858 4374 imber
905 4326 1118 4388 ruperat.
1168 4323 1220 4370 II
1253 4324 1350 4371 415
1387 4326 1532 4388 rupto
1564 4338 1650 4371 ceu
1684 4321 1877 4371 turbine
1914 4321 2062 4372 venti.
2100 4322 2159 4370 G.
2194 4320 2275 4369 III
2311 4323 2410 4372 428
2445 4323 2559 4373 dum
2593 4338 2756 4373 amnes

357 4410 650 4472 rumpuntur
700 4405 925 4456 fontibus.
973 4405 1048 4455 Cf.
1105 4403 1334 4468 ῥηγνῦναι
1375 4403 1548 4467 φωνήν.
1593 4405 1741 4454 Aliud
1774 4408 1846 4454 est
1882 4405 2032 4469 igitur
2079 4404 2389 4455 silentia
2434 4422 2755 4473 rumpere

355 4491 479 4540 Aen.
511 4490 565 4539 II
603 4491 684 4550 63,
721 4491 848 4554 quod
883 4503 1248 4553 nonnumquam
1283 4488 1335 4536 in
1372 4488 1785 4553 comparationem
1821 4491 2035 4538 vocatur.

427 4573 484 4643 2)
519 4574 593 4623 Ad
626 4573 667 4622 V
706 4571 752 4624 7.
774 4573 836 4622 le
856 4573 926 4637 (1)
964 4572 1108 4622 ‚Ineo
1144 4569 1382 4637 gratiam”
1417 4571 1467 4620 in
1504 4571 1712 4637 gratiam
1747 4587 1818 4632 eo,
1854 4571 1945 4622 hoc
1980 4573 2052 4622 eet
2086 4570 2263 4622 amicos
2295 4586 2533 4639 comparo.
