<?xml version="1.0" encoding="UTF-8"?>
<!DOCTYPE html PUBLIC "-//W3C//DTD XHTML 1.0 Transitional//EN"
    "http://www.w3.org/TR/xhtml1/DTD/xhtml1-transitional.dtd">
<html xmlns="http://www.w3.org/1999/xhtml" xml:lang="en" lang="en">
 <head>
  <title>
</title>
<meta http-equiv="Content-Type" content="text/html;charset=utf-8" />
  <meta name='ocr-system' content='tesseract 3.04.00' />
  <meta name='ocr-capabilities' content='ocr_page ocr_carea ocr_par ocr_line ocrx_word'/>
</head>
<body>
  <div class='ocr_page' id='page_1' title='image "./mnemosynebiblio13servgoog_0022.png"; bbox 0 0 3392 5384; ppageno 0'>
   <div class='ocr_carea' id='block_1_1' title="bbox 691 398 2035 465">
    <p class='ocr_par' dir='ltr' id='par_1_1' title="bbox 691 398 2035 465">
     <span class='ocr_line' id='line_1_1' title="bbox 691 398 2035 465; baseline 0.001 -4"><span class='ocrx_word' id='word_1_1' title='bbox 691 398 773 465; x_wconf 90' lang='lat'><strong>10</strong></span> <span class='ocrx_word' id='word_1_2' title='bbox 1399 434 1406 443; x_wconf 91' lang='lat'><strong>·</strong></span> <span class='ocrx_word' id='word_1_3' title='bbox 1726 410 2035 463; x_wconf 63' lang='lat' dir='ltr'><strong>Douros.</strong></span> 
     </span>
    </p>
   </div>
   <div class='ocr_carea' id='block_1_2' title="bbox 679 579 3086 4038">
    <p class='ocr_par' dir='ltr' id='par_1_2' title="bbox 679 579 3076 2014">
     <span class='ocr_line' id='line_1_2' title="bbox 689 579 3069 667; baseline -0 -20"><span class='ocrx_word' id='word_1_4' title='bbox 689 581 920 647; x_wconf 91' lang='lat' dir='ltr'><strong>lator</strong></span> <span class='ocrx_word' id='word_1_5' title='bbox 965 582 1530 665; x_wconf 79' lang='lat' dir='ltr'><strong>Praecipuus),</strong></span> <span class='ocrx_word' id='word_1_6' title='bbox 1593 579 1861 645; x_wconf 86' lang='lat' dir='ltr'><strong>debetur</strong></span> <span class='ocrx_word' id='word_1_7' title='bbox 1906 583 2121 644; x_wconf 88' lang='lat' dir='ltr'><strong>totum</strong></span> <span class='ocrx_word' id='word_1_8' title='bbox 2168 580 2299 645; x_wconf 88' lang='lat' dir='ltr'><strong>fere</strong></span> <span class='ocrx_word' id='word_1_9' title='bbox 2343 580 2915 665; x_wconf 85' lang='lat' dir='ltr'><strong>interpolationum</strong></span> <span class='ocrx_word' id='word_1_10' title='bbox 2961 603 3069 667; x_wconf 86' lang='lat' dir='ltr'><strong>ge-</strong></span> 
     </span>
     <span class='ocr_line' id='line_1_3' title="bbox 679 685 3067 773; baseline 0 -20"><span class='ocrx_word' id='word_1_11' title='bbox 679 710 800 753; x_wconf 92' lang='lat' dir='ltr'><strong>nus</strong></span> <span class='ocrx_word' id='word_1_12' title='bbox 863 687 1032 773; x_wconf 91' lang='lat' dir='ltr'><strong>quod</strong></span> <span class='ocrx_word' id='word_1_13' title='bbox 1085 706 1278 773; x_wconf 87' lang='lat' dir='ltr'><strong>supra</strong></span> <span class='ocrx_word' id='word_1_14' title='bbox 1339 686 1642 771; x_wconf 81' lang='lat' dir='ltr'>descripsi</span> <span class='ocrx_word' id='word_1_15' title='bbox 1693 686 1813 750; x_wconf 90' lang='lat' dir='ltr'><strong>sub</strong></span> <span class='ocrx_word' id='word_1_16' title='bbox 1860 685 1955 749; x_wconf 93' lang='lat' dir='ltr'><strong>III</strong></span> <span class='ocrx_word' id='word_1_17' title='bbox 2003 692 2067 750; x_wconf 90' lang='lat' dir='ltr'><strong>et</strong></span> <span class='ocrx_word' id='word_1_18' title='bbox 2113 692 2437 769; x_wconf 87' lang='lat' dir='ltr'><strong>praeterea</strong></span> <span class='ocrx_word' id='word_1_19' title='bbox 2482 708 2559 751; x_wconf 85' lang='lat' dir='ltr'><strong>ex</strong></span> <span class='ocrx_word' id='word_1_20' title='bbox 2605 687 3067 755; x_wconf 87' lang='lat' dir='ltr'><strong>additamento-</strong></span> 
     </span>
     <span class='ocr_line' id='line_1_4' title="bbox 681 791 3066 880; baseline 0 -21"><span class='ocrx_word' id='word_1_21' title='bbox 681 815 828 859; x_wconf 90' lang='lat' dir='ltr'><strong>rum</strong></span> <span class='ocrx_word' id='word_1_22' title='bbox 877 814 1108 880; x_wconf 86' lang='lat' dir='ltr'><strong>genere</strong></span> <span class='ocrx_word' id='word_1_23' title='bbox 1147 813 1219 857; x_wconf 91' lang='lat' dir='ltr'><strong>ea</strong></span> <span class='ocrx_word' id='word_1_24' title='bbox 1259 812 1419 877; x_wconf 88' lang='lat' dir='ltr'><strong>quae</strong></span> <span class='ocrx_word' id='word_1_25' title='bbox 1459 794 1846 876; x_wconf 80' lang='lat' dir='ltr'><strong>exquisitam</strong></span> <span class='ocrx_word' id='word_1_26' title='bbox 1886 791 2170 876; x_wconf 81' lang='lat' dir='ltr'><strong>aliquam</strong></span> <span class='ocrx_word' id='word_1_27' title='bbox 2212 791 2530 857; x_wconf 88' lang='lat' dir='ltr'><strong>doctrinae</strong></span> <span class='ocrx_word' id='word_1_28' title='bbox 2571 796 3066 859; x_wconf 79' lang='lat' dir='ltr'><strong>ostentationem</strong></span> 
     </span>
     <span class='ocr_line' id='line_1_5' title="bbox 699 896 3069 985; baseline 0 -21"><span class='ocrx_word' id='word_1_29' title='bbox 699 920 849 984; x_wconf 87' lang='lat' dir='ltr'><strong>prae</strong></span> <span class='ocrx_word' id='word_1_30' title='bbox 912 920 980 963; x_wconf 89' lang='lat' dir='ltr'><strong>se</strong></span> <span class='ocrx_word' id='word_1_31' title='bbox 1039 899 1263 964; x_wconf 87' lang='lat' dir='ltr'><strong>ferant.</strong></span> <span class='ocrx_word' id='word_1_32' title='bbox 1327 896 1550 982; x_wconf 91' lang='lat' dir='ltr'><strong>Itaque</strong></span> <span class='ocrx_word' id='word_1_33' title='bbox 1597 904 1731 961; x_wconf 82' lang='lat' dir='ltr'><strong>tam</strong></span> <span class='ocrx_word' id='word_1_34' title='bbox 1780 896 1994 981; x_wconf 88' lang='lat' dir='ltr'><strong>ampla</strong></span> <span class='ocrx_word' id='word_1_35' title='bbox 2036 903 2101 961; x_wconf 90' lang='lat' dir='ltr'><strong>et</strong></span> <span class='ocrx_word' id='word_1_36' title='bbox 2148 900 2447 962; x_wconf 90' lang='lat' dir='ltr'><strong>continua</strong></span> <span class='ocrx_word' id='word_1_37' title='bbox 2489 898 2683 963; x_wconf 91' lang='lat' dir='ltr'><strong>huius</strong></span> <span class='ocrx_word' id='word_1_38' title='bbox 2728 897 3069 985; x_wconf 82' lang='lat' dir='ltr'><strong>Interpola-</strong></span> 
     </span>
     <span class='ocr_line' id='line_1_6' title="bbox 695 1002 3069 1087; baseline 0 -19"><span class='ocrx_word' id='word_1_39' title='bbox 695 1006 852 1069; x_wconf 85' lang='lat' dir='ltr'><strong>toris</strong></span> <span class='ocrx_word' id='word_1_40' title='bbox 898 1004 1026 1067; x_wconf 86' lang='lat' dir='ltr'><strong>fuit</strong></span> <span class='ocrx_word' id='word_1_41' title='bbox 1072 1023 1295 1087; x_wconf 88' lang='lat' dir='ltr'><strong>opera,</strong></span> <span class='ocrx_word' id='word_1_42' title='bbox 1349 1006 1439 1067; x_wconf 87' lang='lat' dir='ltr'><strong>ut</strong></span> <span class='ocrx_word' id='word_1_43' title='bbox 1493 1022 1674 1067; x_wconf 90' lang='lat' dir='ltr'><strong>eum</strong></span> <span class='ocrx_word' id='word_1_44' title='bbox 1731 1006 2288 1066; x_wconf 88' lang='lat' dir='ltr'><strong>commentum</strong></span> <span class='ocrx_word' id='word_1_45' title='bbox 2337 1009 2838 1087; x_wconf 88' lang='lat' dir='ltr'><strong>perpetuum</strong></span> <span class='ocrx_word' id='word_1_46' title='bbox 2881 1002 3069 1069; x_wconf 88' lang='lat' dir='ltr'><strong>Aeli</strong></span> 
     </span>
     <span class='ocr_line' id='line_1_7' title="bbox 683 1106 3069 1193; baseline -0 -20"><span class='ocrx_word' id='word_1_47' title='bbox 683 1115 1204 1175; x_wconf 75' lang='lat' dir='ltr'><strong>retractasse</strong></span> <span class='ocrx_word' id='word_1_48' title='bbox 1251 1114 1330 1171; x_wconf 90' lang='lat' dir='ltr'><strong>et</strong></span> <span class='ocrx_word' id='word_1_49' title='bbox 1374 1106 1749 1172; x_wconf 86' lang='lat' dir='ltr'><strong>edidisse</strong></span> <span class='ocrx_word' id='word_1_50' title='bbox 1810 1109 2110 1193; x_wconf 84' lang='lat' dir='ltr'><strong>suspicer,</strong></span> <span class='ocrx_word' id='word_1_51' title='bbox 2161 1112 2423 1173; x_wconf 87' lang='lat' dir='ltr'><strong>auctum</strong></span> <span class='ocrx_word' id='word_1_52' title='bbox 2471 1110 2604 1172; x_wconf 88' lang='lat' dir='ltr'><strong>suis</strong></span> <span class='ocrx_word' id='word_1_53' title='bbox 2652 1108 3069 1174; x_wconf 86' lang='lat' dir='ltr'><strong>adnotationi-</strong></span> 
     </span>
     <span class='ocr_line' id='line_1_8' title="bbox 689 1211 3068 1299; baseline -0.001 -18"><span class='ocrx_word' id='word_1_54' title='bbox 689 1216 810 1281; x_wconf 86' lang='lat' dir='ltr'><strong>bus</strong></span> <span class='ocrx_word' id='word_1_55' title='bbox 829 1263 844 1291; x_wconf 93' lang='lat'><strong>,</strong></span> <span class='ocrx_word' id='word_1_56' title='bbox 902 1234 1058 1299; x_wconf 89' lang='lat' dir='ltr'><strong>quas</strong></span> <span class='ocrx_word' id='word_1_57' title='bbox 1117 1215 1355 1297; x_wconf 89' lang='lat' dir='ltr'><strong>partim</strong></span> <span class='ocrx_word' id='word_1_58' title='bbox 1417 1234 1493 1277; x_wconf 86' lang='lat' dir='ltr'><strong>ex</strong></span> <span class='ocrx_word' id='word_1_59' title='bbox 1556 1211 1789 1277; x_wconf 90' lang='lat' dir='ltr'><strong>Donati</strong></span> <span class='ocrx_word' id='word_1_60' title='bbox 1851 1215 2122 1277; x_wconf 87' lang='lat' dir='ltr'><strong>materia</strong></span> <span class='ocrx_word' id='word_1_61' title='bbox 2183 1212 2531 1278; x_wconf 83' lang='lat' dir='ltr'><strong>destillavit</strong></span> <span class='ocrx_word' id='word_1_62' title='bbox 2552 1261 2568 1291; x_wconf 91' lang='lat'><strong>,</strong></span> <span class='ocrx_word' id='word_1_63' title='bbox 2628 1216 2720 1279; x_wconf 87' lang='lat' dir='ltr'><strong>ita</strong></span> <span class='ocrx_word' id='word_1_64' title='bbox 2764 1221 2839 1279; x_wconf 91' lang='lat' dir='ltr'><strong>ut</strong></span> <span class='ocrx_word' id='word_1_65' title='bbox 2881 1214 3068 1280; x_wconf 93' lang='lat' dir='ltr'><strong>modo</strong></span> 
     </span>
     <span class='ocr_line' id='line_1_9' title="bbox 693 1317 3071 1404; baseline -0.001 -19"><span class='ocrx_word' id='word_1_66' title='bbox 693 1323 876 1385; x_wconf 81' lang='lat' dir='ltr'><strong>iuxta</strong></span> <span class='ocrx_word' id='word_1_67' title='bbox 931 1324 1183 1383; x_wconf 87' lang='lat' dir='ltr'><strong>textum</strong></span> <span class='ocrx_word' id='word_1_68' title='bbox 1237 1320 1629 1404; x_wconf 87' lang='lat' dir='ltr'><strong>genuinum,</strong></span> <span class='ocrx_word' id='word_1_69' title='bbox 1693 1317 1882 1382; x_wconf 88' lang='lat' dir='ltr'><strong>modo</strong></span> <span class='ocrx_word' id='word_1_70' title='bbox 1930 1339 2043 1402; x_wconf 92' lang='lat' dir='ltr'><strong>pro</strong></span> <span class='ocrx_word' id='word_1_71' title='bbox 2084 1324 2271 1383; x_wconf 86' lang='lat' dir='ltr'><strong>textu</strong></span> <span class='ocrx_word' id='word_1_72' title='bbox 2320 1321 2457 1384; x_wconf 89' lang='lat' dir='ltr'><strong>eius</strong></span> <span class='ocrx_word' id='word_1_73' title='bbox 2505 1326 2898 1398; x_wconf 87' lang='lat' dir='ltr'><strong>commenta,</strong></span> <span class='ocrx_word' id='word_1_74' title='bbox 2945 1341 3071 1385; x_wconf 91' lang='lat' dir='ltr'><strong>non</strong></span> 
     </span>
     <span class='ocr_line' id='line_1_10' title="bbox 692 1422 3076 1509; baseline -0 -19"><span class='ocrx_word' id='word_1_75' title='bbox 692 1427 975 1491; x_wconf 89' lang='lat' dir='ltr'><strong>oratione</strong></span> <span class='ocrx_word' id='word_1_76' title='bbox 1023 1424 1133 1489; x_wconf 91' lang='lat' dir='ltr'><strong>sed</strong></span> <span class='ocrx_word' id='word_1_77' title='bbox 1180 1423 1520 1507; x_wconf 88' lang='lat' dir='ltr'><strong>aliquando</strong></span> <span class='ocrx_word' id='word_1_78' title='bbox 1564 1423 1755 1487; x_wconf 86' lang='lat' dir='ltr'><strong>rebus</strong></span> <span class='ocrx_word' id='word_1_79' title='bbox 1800 1422 2073 1499; x_wconf 87' lang='lat' dir='ltr'><strong>similia,</strong></span> <span class='ocrx_word' id='word_1_80' title='bbox 2119 1423 2505 1509; x_wconf 82' lang='lat' dir='ltr'><strong>legerentur,</strong></span> <span class='ocrx_word' id='word_1_81' title='bbox 2562 1428 2797 1509; x_wconf 87' lang='lat' dir='ltr'><strong>partim</strong></span> <span class='ocrx_word' id='word_1_82' title='bbox 2858 1425 3076 1490; x_wconf 81' lang='lat' dir='ltr'><strong>hausit</strong></span> 
     </span>
     <span class='ocr_line' id='line_1_11' title="bbox 691 1528 3071 1615; baseline 0 -21"><span class='ocrx_word' id='word_1_83' title='bbox 691 1552 767 1594; x_wconf 82' lang='lat' dir='ltr'><strong>ex</strong></span> <span class='ocrx_word' id='word_1_84' title='bbox 813 1531 1071 1615; x_wconf 87' lang='lat' dir='ltr'><strong>ingenio</strong></span> <span class='ocrx_word' id='word_1_85' title='bbox 1117 1528 1222 1595; x_wconf 84' lang='lat' dir='ltr'><strong>vel</strong></span> <span class='ocrx_word' id='word_1_86' title='bbox 1269 1551 1344 1594; x_wconf 86' lang='lat' dir='ltr'><strong>ex</strong></span> <span class='ocrx_word' id='word_1_87' title='bbox 1392 1528 1535 1593; x_wconf 87' lang='lat' dir='ltr'><strong>aliis</strong></span> <span class='ocrx_word' id='word_1_88' title='bbox 1579 1529 1892 1604; x_wconf 85' lang='lat' dir='ltr'><strong>sontibus,</strong></span> <span class='ocrx_word' id='word_1_89' title='bbox 1934 1549 2082 1593; x_wconf 89' lang='lat' dir='ltr'><strong>cum</strong></span> <span class='ocrx_word' id='word_1_90' title='bbox 2121 1532 2318 1595; x_wconf 87' lang='lat' dir='ltr'><strong>etiam</strong></span> <span class='ocrx_word' id='word_1_91' title='bbox 2358 1529 2634 1595; x_wconf 89' lang='lat' dir='ltr'><strong>aliorum</strong></span> <span class='ocrx_word' id='word_1_92' title='bbox 2673 1531 3071 1615; x_wconf 90' lang='lat' dir='ltr'><strong>quorundam</strong></span> 
     </span>
     <span class='ocr_line' id='line_1_12' title="bbox 687 1633 3072 1721; baseline 0 -23"><span class='ocrx_word' id='word_1_93' title='bbox 687 1634 1210 1721; x_wconf 85' lang='lat' dir='ltr'><strong>interpolationes</strong></span> <span class='ocrx_word' id='word_1_94' title='bbox 1257 1635 1636 1718; x_wconf 88' lang='lat' dir='ltr'><strong>cognovisse</strong></span> <span class='ocrx_word' id='word_1_95' title='bbox 1684 1633 1981 1698; x_wconf 86' lang='lat' dir='ltr'><strong>videatur</strong></span> <span class='ocrx_word' id='word_1_96' title='bbox 2027 1639 2172 1697; x_wconf 89' lang='lat' dir='ltr'><strong>ante</strong></span> <span class='ocrx_word' id='word_1_97' title='bbox 2234 1655 2299 1698; x_wconf 92' lang='lat' dir='ltr'><strong>se</strong></span> <span class='ocrx_word' id='word_1_98' title='bbox 2364 1643 2723 1700; x_wconf 86' lang='lat' dir='ltr'><strong>commento</strong></span> <span class='ocrx_word' id='word_1_99' title='bbox 2782 1638 3072 1700; x_wconf 89' lang='lat' dir='ltr'><strong>insertas.</strong></span> 
     </span>
     <span class='ocr_line' id='line_1_13' title="bbox 689 1739 3074 1823; baseline -0 -18"><span class='ocrx_word' id='word_1_100' title='bbox 689 1740 812 1805; x_wconf 81' lang='lat' dir='ltr'><strong>Sed</strong></span> <span class='ocrx_word' id='word_1_101' title='bbox 877 1741 1031 1805; x_wconf 89' lang='lat' dir='ltr'><strong>haec</strong></span> <span class='ocrx_word' id='word_1_102' title='bbox 1079 1739 1286 1804; x_wconf 88' lang='lat' dir='ltr'><strong>adhuc</strong></span> <span class='ocrx_word' id='word_1_103' title='bbox 1335 1744 1431 1803; x_wconf 85' lang='lat' dir='ltr'><strong>est</strong></span> <span class='ocrx_word' id='word_1_104' title='bbox 1479 1739 1787 1823; x_wconf 90' lang='lat' dir='ltr'><strong>suspicio,</strong></span> <span class='ocrx_word' id='word_1_105' title='bbox 1840 1759 2032 1822; x_wconf 89' lang='lat' dir='ltr'><strong>quam</strong></span> <span class='ocrx_word' id='word_1_106' title='bbox 2082 1742 2433 1804; x_wconf 85' lang='lat' dir='ltr'><strong>accuratior</strong></span> <span class='ocrx_word' id='word_1_107' title='bbox 2481 1739 2865 1805; x_wconf 87' lang='lat' dir='ltr'><strong>scholiorum</strong></span> <span class='ocrx_word' id='word_1_108' title='bbox 2912 1745 3074 1804; x_wconf 88' lang='lat' dir='ltr'><strong>trac-</strong></span> 
     </span>
     <span class='ocr_line' id='line_1_14' title="bbox 689 1842 3075 1929; baseline -0.001 -20"><span class='ocrx_word' id='word_1_109' title='bbox 689 1847 848 1909; x_wconf 89' lang='lat' dir='ltr'><strong>tatio</strong></span> <span class='ocrx_word' id='word_1_110' title='bbox 893 1847 960 1907; x_wconf 94' lang='lat' dir='ltr'><strong>in</strong></span> <span class='ocrx_word' id='word_1_111' title='bbox 1008 1844 1124 1908; x_wconf 87' lang='lat' dir='ltr'><strong>hac</strong></span> <span class='ocrx_word' id='word_1_112' title='bbox 1168 1846 1310 1927; x_wconf 87' lang='lat' dir='ltr'><strong>ipsa</strong></span> <span class='ocrx_word' id='word_1_113' title='bbox 1355 1842 1798 1908; x_wconf 88' lang='lat' dir='ltr'><strong>dissertatione</strong></span> <span class='ocrx_word' id='word_1_114' title='bbox 1844 1864 2030 1921; x_wconf 63' lang='lat' dir='ltr'><strong>mort,</strong></span> <span class='ocrx_word' id='word_1_115' title='bbox 2081 1849 2155 1907; x_wconf 92' lang='lat' dir='ltr'><strong>ut</strong></span> <span class='ocrx_word' id='word_1_116' title='bbox 2201 1865 2383 1929; x_wconf 91' lang='lat' dir='ltr'><strong>spero</strong></span> <span class='ocrx_word' id='word_1_117' title='bbox 2406 1892 2421 1920; x_wconf 94' lang='lat'><strong>,</strong></span> <span class='ocrx_word' id='word_1_118' title='bbox 2464 1842 2693 1909; x_wconf 84' lang='lat' dir='ltr'><strong>validis</strong></span> <span class='ocrx_word' id='word_1_119' title='bbox 2737 1864 3075 1929; x_wconf 87' lang='lat' dir='ltr'><strong>argumen-</strong></span> 
     </span>
     <span class='ocr_line' id='line_1_15' title="bbox 685 1948 1236 2014; baseline -0.004 -1"><span class='ocrx_word' id='word_1_120' title='bbox 685 1952 772 2014; x_wconf 83' lang='lat' dir='ltr'><strong>tis</strong></span> <span class='ocrx_word' id='word_1_121' title='bbox 818 1948 1236 2013; x_wconf 89' lang='lat' dir='ltr'><strong>confirmabit.</strong></span> 
     </span>
    </p>

    <p class='ocr_par' dir='ltr' id='par_1_3' title="bbox 692 2053 3073 2455">
     <span class='ocr_line' id='line_1_16' title="bbox 778 2053 3071 2120; baseline -0 -2"><span class='ocrx_word' id='word_1_122' title='bbox 778 2054 905 2118; x_wconf 84' lang='lat' dir='ltr'><strong>Hic</strong></span> <span class='ocrx_word' id='word_1_123' title='bbox 950 2056 1018 2117; x_wconf 93' lang='lat' dir='ltr'><strong>in</strong></span> <span class='ocrx_word' id='word_1_124' title='bbox 1065 2057 1341 2119; x_wconf 86' lang='lat' dir='ltr'><strong>transitu</strong></span> <span class='ocrx_word' id='word_1_125' title='bbox 1385 2074 1613 2119; x_wconf 90' lang='lat' dir='ltr'><strong>moneo</strong></span> <span class='ocrx_word' id='word_1_126' title='bbox 1661 2059 2024 2119; x_wconf 88' lang='lat' dir='ltr'><strong>commenta</strong></span> <span class='ocrx_word' id='word_1_127' title='bbox 2071 2060 2134 2119; x_wconf 91' lang='lat' dir='ltr'><strong>et</strong></span> <span class='ocrx_word' id='word_1_128' title='bbox 2181 2054 2617 2119; x_wconf 84' lang='lat' dir='ltr'><strong>addit-amenta</strong></span> <span class='ocrx_word' id='word_1_129' title='bbox 2656 2053 2943 2120; x_wconf 90' lang='lat' dir='ltr'><strong>eiusdem</strong></span> <span class='ocrx_word' id='word_1_130' title='bbox 2986 2053 3071 2118; x_wconf 92' lang='lat' dir='ltr'><strong>IP</strong></span> 
     </span>
     <span class='ocr_line' id='line_1_17' title="bbox 692 2159 3070 2225; baseline -0.001 0"><span class='ocrx_word' id='word_1_131' title='bbox 692 2162 969 2225; x_wconf 81' lang='lat' dir='ltr'><strong>inveniri</strong></span> <span class='ocrx_word' id='word_1_132' title='bbox 1030 2162 1224 2224; x_wconf 91' lang='lat' dir='ltr'><strong>etiam</strong></span> <span class='ocrx_word' id='word_1_133' title='bbox 1288 2163 1368 2223; x_wconf 91' lang='lat' dir='ltr'><strong>in</strong></span> <span class='ocrx_word' id='word_1_134' title='bbox 1435 2159 1957 2225; x_wconf 87' lang='lat' dir='ltr'><strong>scholiorum</strong></span> <span class='ocrx_word' id='word_1_135' title='bbox 2020 2162 2239 2224; x_wconf 89' lang='lat' dir='ltr'><strong>serie</strong></span> <span class='ocrx_word' id='word_1_136' title='bbox 2303 2162 2357 2223; x_wconf 93' lang='lat' dir='ltr'>A</span> <span class='ocrx_word' id='word_1_137' title='bbox 2420 2165 2485 2224; x_wconf 91' lang='lat' dir='ltr'><strong>et</strong></span> <span class='ocrx_word' id='word_1_138' title='bbox 2545 2159 2599 2223; x_wconf 92' lang='lat' dir='ltr'>B</span> <span class='ocrx_word' id='word_1_139' title='bbox 2662 2160 2741 2224; x_wconf 91' lang='lat' dir='ltr'><strong>ad</strong></span> <span class='ocrx_word' id='word_1_140' title='bbox 2803 2160 3070 2225; x_wconf 90' lang='lat' dir='ltr'><strong>Phorm.</strong></span> 
     </span>
     <span class='ocr_line' id='line_1_18' title="bbox 695 2263 3073 2350; baseline 0 -21"><span class='ocrx_word' id='word_1_141' title='bbox 695 2266 758 2330; x_wconf 96' lang='lat' dir='ltr'><strong>II</strong></span> <span class='ocrx_word' id='word_1_142' title='bbox 821 2265 860 2329; x_wconf 88' lang='grc'>3</span> <span class='ocrx_word' id='word_1_143' title='bbox 907 2263 974 2345; x_wconf 89' lang='lat'><strong>¹),</strong></span> <span class='ocrx_word' id='word_1_144' title='bbox 1046 2265 1216 2329; x_wconf 92' lang='lat' dir='ltr'><strong>unde</strong></span> <span class='ocrx_word' id='word_1_145' title='bbox 1277 2266 1572 2350; x_wconf 89' lang='lat' dir='ltr'><strong>sequitur</strong></span> <span class='ocrx_word' id='word_1_146' title='bbox 1640 2270 2084 2348; x_wconf 88' lang='lat' dir='ltr'><strong>utramque</strong></span> <span class='ocrx_word' id='word_1_147' title='bbox 2154 2270 2537 2349; x_wconf 84' lang='lat' dir='ltr'><strong>prognatam</strong></span> <span class='ocrx_word' id='word_1_148' title='bbox 2607 2287 2743 2331; x_wconf 91' lang='lat' dir='ltr'><strong>esse</strong></span> <span class='ocrx_word' id='word_1_149' title='bbox 2805 2286 2882 2329; x_wconf 86' lang='lat' dir='ltr'><strong>ex</strong></span> <span class='ocrx_word' id='word_1_150' title='bbox 2944 2287 3073 2330; x_wconf 87' lang='lat' dir='ltr'><strong>uno</strong></span> 
     </span>
     <span class='ocr_line' id='line_1_19' title="bbox 697 2369 2148 2455; baseline -0.001 -19"><span class='ocrx_word' id='word_1_151' title='bbox 697 2370 1042 2455; x_wconf 88' lang='lat' dir='ltr'><strong>eodemque</strong></span> <span class='ocrx_word' id='word_1_152' title='bbox 1089 2371 1266 2436; x_wconf 88' lang='lat' dir='ltr'><strong>fonte</strong></span> <span class='ocrx_word' id='word_1_153' title='bbox 1313 2372 1390 2436; x_wconf 90' lang='lat' dir='ltr'><strong>ab</strong></span> <span class='ocrx_word' id='word_1_154' title='bbox 1438 2369 1522 2433; x_wconf 92' lang='lat' dir='ltr'><strong>IP</strong></span> <span class='ocrx_word' id='word_1_155' title='bbox 1568 2373 1699 2435; x_wconf 90' lang='lat' dir='ltr'><strong>iam</strong></span> <span class='ocrx_word' id='word_1_156' title='bbox 1748 2370 2148 2455; x_wconf 86' lang='lat' dir='ltr'><strong>interpolato.</strong></span> 
     </span>
    </p>

    <p class='ocr_par' dir='ltr' id='par_1_4' title="bbox 693 2475 3086 4038">
     <span class='ocr_line' id='line_1_20' title="bbox 783 2475 3077 2562; baseline 0 -24"><span class='ocrx_word' id='word_1_157' title='bbox 783 2476 1044 2540; x_wconf 88' lang='lat' dir='ltr'><strong>Praeter</strong></span> <span class='ocrx_word' id='word_1_158' title='bbox 1081 2476 1250 2542; x_wconf 88' lang='lat' dir='ltr'><strong>hunc</strong></span> <span class='ocrx_word' id='word_1_159' title='bbox 1287 2475 1812 2561; x_wconf 87' lang='lat' dir='ltr'><strong>Interpolatorem</strong></span> <span class='ocrx_word' id='word_1_160' title='bbox 1847 2478 2227 2561; x_wconf 85' lang='lat' dir='ltr'><strong>primarium</strong></span> <span class='ocrx_word' id='word_1_161' title='bbox 2250 2479 2489 2561; x_wconf 88' lang='lat' dir='ltr'><strong>passim</strong></span> <span class='ocrx_word' id='word_1_162' title='bbox 2517 2476 3077 2562; x_wconf 86' lang='lat' dir='ltr'><strong>deprehenduntur</strong></span> 
     </span>
     <span class='ocr_line' id='line_1_21' title="bbox 693 2581 3079 2666; baseline 0 -20"><span class='ocrx_word' id='word_1_163' title='bbox 693 2581 987 2647; x_wconf 87' lang='lat' dir='ltr'><strong>breviora</strong></span> <span class='ocrx_word' id='word_1_164' title='bbox 1048 2581 1425 2666; x_wconf 88' lang='lat' dir='ltr'><strong>plerumque</strong></span> <span class='ocrx_word' id='word_1_165' title='bbox 1488 2589 1552 2647; x_wconf 86' lang='lat' dir='ltr'><strong>et</strong></span> <span class='ocrx_word' id='word_1_166' title='bbox 1612 2584 1881 2646; x_wconf 92' lang='lat' dir='ltr'><strong>minoris</strong></span> <span class='ocrx_word' id='word_1_167' title='bbox 1942 2585 2256 2647; x_wconf 88' lang='lat' dir='ltr'><strong>momenti</strong></span> <span class='ocrx_word' id='word_1_168' title='bbox 2320 2582 2755 2647; x_wconf 87' lang='lat' dir='ltr'><strong>scholiuncula</strong></span> <span class='ocrx_word' id='word_1_169' title='bbox 2801 2582 3079 2647; x_wconf 88' lang='lat' dir='ltr'><strong>aliorum</strong></span> 
     </span>
     <span class='ocr_line' id='line_1_22' title="bbox 693 2686 3079 2772; baseline 0 -21"><span class='ocrx_word' id='word_1_170' title='bbox 693 2689 1192 2772; x_wconf 88' lang='lat' dir='ltr'><strong>magistrorum,</strong></span> <span class='ocrx_word' id='word_1_171' title='bbox 1237 2690 1320 2750; x_wconf 92' lang='lat' dir='ltr'><strong>·in</strong></span> <span class='ocrx_word' id='word_1_172' title='bbox 1387 2708 1662 2772; x_wconf 91' lang='lat' dir='ltr'><strong>quorum</strong></span> <span class='ocrx_word' id='word_1_173' title='bbox 1725 2708 1958 2771; x_wconf 84' lang='lat' dir='ltr'><strong>genere</strong></span> <span class='ocrx_word' id='word_1_174' title='bbox 2018 2690 2213 2751; x_wconf 87' lang='lat' dir='ltr'><strong>etiam</strong></span> <span class='ocrx_word' id='word_1_175' title='bbox 2262 2694 2445 2764; x_wconf 88' lang='lat' dir='ltr'><strong>sunt,</strong></span> <span class='ocrx_word' id='word_1_176' title='bbox 2494 2707 2653 2771; x_wconf 89' lang='lat' dir='ltr'><strong>quae</strong></span> <span class='ocrx_word' id='word_1_177' title='bbox 2702 2688 2819 2751; x_wconf 91' lang='lat' dir='ltr'><strong>sub</strong></span> <span class='ocrx_word' id='word_1_178' title='bbox 2866 2686 2929 2751; x_wconf 93' lang='lat' dir='ltr'><strong>II</strong></span> <span class='ocrx_word' id='word_1_179' title='bbox 2973 2709 3079 2752; x_wconf 93' lang='lat' dir='ltr'><strong>no-</strong></span> 
     </span>
     <span class='ocr_line' id='line_1_23' title="bbox 698 2790 3077 2877; baseline 0.001 -21"><span class='ocrx_word' id='word_1_180' title='bbox 698 2794 944 2858; x_wconf 81' lang='lat' dir='ltr'><strong>minavi</strong></span> <span class='ocrx_word' id='word_1_181' title='bbox 983 2800 1378 2877; x_wconf 87' lang='lat' dir='ltr'><strong>excerpta</strong></span> <span class='ocrx_word' id='word_1_182' title='bbox 1423 2795 1676 2877; x_wconf 90' lang='lat' dir='ltr'><strong>proprie</strong></span> <span class='ocrx_word' id='word_1_183' title='bbox 1716 2795 1805 2855; x_wconf 92' lang='lat' dir='ltr'><strong>sic</strong></span> <span class='ocrx_word' id='word_1_184' title='bbox 1845 2791 2013 2855; x_wconf 89' lang='lat' dir='ltr'><strong>dicta</strong></span> <span class='ocrx_word' id='word_1_185' title='bbox 2052 2814 2084 2855; x_wconf 92' lang='lat' dir='ltr'><strong>e</strong></span> <span class='ocrx_word' id='word_1_186' title='bbox 2125 2790 2385 2856; x_wconf 90' lang='lat' dir='ltr'><strong>scholiis</strong></span> <span class='ocrx_word' id='word_1_187' title='bbox 2426 2791 2762 2868; x_wconf 89' lang='lat' dir='ltr'><strong>Donateis‚</strong></span> <span class='ocrx_word' id='word_1_188' title='bbox 2802 2813 3077 2877; x_wconf 90' lang='lat' dir='ltr'><strong>quorum</strong></span> 
     </span>
     <span class='ocr_line' id='line_1_24' title="bbox 698 2895 3079 2982; baseline 0.001 -21"><span class='ocrx_word' id='word_1_189' title='bbox 698 2919 1006 2963; x_wconf 88' lang='lat' dir='ltr'><strong>numerus</strong></span> <span class='ocrx_word' id='word_1_190' title='bbox 1070 2918 1262 2981; x_wconf 90' lang='lat' dir='ltr'><strong>quam</strong></span> <span class='ocrx_word' id='word_1_191' title='bbox 1325 2919 1563 2982; x_wconf 89' lang='lat' dir='ltr'><strong>parvus</strong></span> <span class='ocrx_word' id='word_1_192' title='bbox 1624 2900 1742 2973; x_wconf 91' lang='lat' dir='ltr'><strong>sit,</strong></span> <span class='ocrx_word' id='word_1_193' title='bbox 1807 2897 1973 2960; x_wconf 87' lang='lat' dir='ltr'><strong>infra</strong></span> <span class='ocrx_word' id='word_1_194' title='bbox 2020 2896 2370 2961; x_wconf 88' lang='lat' dir='ltr'><strong>ostendam.</strong></span> <span class='ocrx_word' id='word_1_195' title='bbox 2421 2895 2839 2980; x_wconf 89' lang='lat' dir='ltr'><strong>Reliquorum</strong></span> <span class='ocrx_word' id='word_1_196' title='bbox 2888 2918 3079 2982; x_wconf 87' lang='lat' dir='ltr'><strong>opera</strong></span> 
     </span>
     <span class='ocr_line' id='line_1_25' title="bbox 698 3001 3079 3089; baseline -0.001 -20"><span class='ocrx_word' id='word_1_197' title='bbox 698 3006 876 3069; x_wconf 83' lang='lat' dir='ltr'><strong>varia</strong></span> <span class='ocrx_word' id='word_1_198' title='bbox 936 3024 1058 3068; x_wconf 91' lang='lat' dir='ltr'><strong>non</strong></span> <span class='ocrx_word' id='word_1_199' title='bbox 1120 3001 1303 3068; x_wconf 87' lang='lat' dir='ltr'><strong>facile</strong></span> <span class='ocrx_word' id='word_1_200' title='bbox 1350 3003 1770 3089; x_wconf 87' lang='lat' dir='ltr'><strong>dignoscitur,</strong></span> <span class='ocrx_word' id='word_1_201' title='bbox 1819 3005 1943 3066; x_wconf 91' lang='lat' dir='ltr'><strong>nisi</strong></span> <span class='ocrx_word' id='word_1_202' title='bbox 1990 3002 2157 3086; x_wconf 88' lang='lat' dir='ltr'><strong>quod</strong></span> <span class='ocrx_word' id='word_1_203' title='bbox 2204 3004 2397 3067; x_wconf 88' lang='lat' dir='ltr'><strong>etiam</strong></span> <span class='ocrx_word' id='word_1_204' title='bbox 2446 3023 2613 3066; x_wconf 91' lang='lat' dir='ltr'><strong>nunc</strong></span> <span class='ocrx_word' id='word_1_205' title='bbox 2661 3023 2845 3088; x_wconf 89' lang='lat' dir='ltr'><strong>saepe</strong></span> <span class='ocrx_word' id='word_1_206' title='bbox 2893 3002 3079 3067; x_wconf 89' lang='lat' dir='ltr'><strong>offen-</strong></span> 
     </span>
     <span class='ocr_line' id='line_1_26' title="bbox 697 3106 3074 3193; baseline -0 -20"><span class='ocrx_word' id='word_1_207' title='bbox 697 3110 922 3173; x_wconf 89' lang='lat' dir='ltr'><strong>demus</strong></span> <span class='ocrx_word' id='word_1_208' title='bbox 967 3108 1210 3173; x_wconf 91' lang='lat' dir='ltr'><strong>bonum</strong></span> <span class='ocrx_word' id='word_1_209' title='bbox 1256 3107 1445 3173; x_wconf 92' lang='lat' dir='ltr'><strong>illum</strong></span> <span class='ocrx_word' id='word_1_210' title='bbox 1492 3109 1855 3186; x_wconf 91' lang='lat' dir='ltr'><strong>hominem,</strong></span> <span class='ocrx_word' id='word_1_211' title='bbox 1908 3129 2098 3193; x_wconf 89' lang='lat' dir='ltr'><strong>quem</strong></span> <span class='ocrx_word' id='word_1_212' title='bbox 2144 3110 2212 3171; x_wconf 93' lang='lat' dir='ltr'><strong>in</strong></span> <span class='ocrx_word' id='word_1_213' title='bbox 2256 3109 2502 3172; x_wconf 88' lang='lat' dir='ltr'><strong>Mnem.</strong></span> <span class='ocrx_word' id='word_1_214' title='bbox 2545 3107 2801 3172; x_wconf 86' lang='lat' dir='ltr'><strong>XXXII</strong></span> <span class='ocrx_word' id='word_1_215' title='bbox 2838 3131 2900 3193; x_wconf 91' lang='lat' dir='ltr'><strong>p.</strong></span> <span class='ocrx_word' id='word_1_216' title='bbox 2944 3106 3074 3173; x_wconf 81' lang='lat'><strong>287</strong></span> 
     </span>
     <span class='ocr_line' id='line_1_27' title="bbox 697 3212 3079 3299; baseline -0.001 -21"><span class='ocrx_word' id='word_1_217' title='bbox 697 3216 1013 3299; x_wconf 83' lang='lat' dir='ltr'><strong>insignivi</strong></span> <span class='ocrx_word' id='word_1_218' title='bbox 1050 3212 1268 3278; x_wconf 83' lang='lat' dir='ltr'><strong>littera</strong></span> <span class='ocrx_word' id='word_1_219' title='bbox 1308 3216 1384 3292; x_wconf 91' lang='lat' dir='ltr'><strong>A,</strong></span> <span class='ocrx_word' id='word_1_220' title='bbox 1428 3235 1746 3299; x_wconf 90' lang='lat' dir='ltr'><strong>quemque</strong></span> <span class='ocrx_word' id='word_1_221' title='bbox 1784 3217 1877 3278; x_wconf 86' lang='lat' dir='ltr'><strong>ita</strong></span> <span class='ocrx_word' id='word_1_222' title='bbox 1917 3214 2383 3279; x_wconf 88' lang='lat' dir='ltr'><strong>describebam:</strong></span> <span class='ocrx_word' id='word_1_223' title='bbox 2433 3213 2593 3292; x_wconf 85' lang='lat' dir='ltr'><strong>„Est</strong></span> <span class='ocrx_word' id='word_1_224' title='bbox 2617 3213 2781 3278; x_wconf 89' lang='lat' dir='ltr'><strong>fidus</strong></span> <span class='ocrx_word' id='word_1_225' title='bbox 2804 3213 3079 3277; x_wconf 88' lang='lat' dir='ltr'><strong>Achates</strong></span> 
     </span>
     <span class='ocr_line' id='line_1_28' title="bbox 700 3320 3080 3406; baseline -0.001 -20"><span class='ocrx_word' id='word_1_226' title='bbox 700 3321 969 3398; x_wconf 88' lang='lat' dir='ltr'><strong>Donati,</strong></span> <span class='ocrx_word' id='word_1_227' title='bbox 1034 3320 1384 3404; x_wconf 90' lang='lat' dir='ltr'><strong>obsequens</strong></span> <span class='ocrx_word' id='word_1_228' title='bbox 1447 3328 1510 3386; x_wconf 91' lang='lat' dir='ltr'><strong>et</strong></span> <span class='ocrx_word' id='word_1_229' title='bbox 1572 3321 1932 3399; x_wconf 88' lang='lat' dir='ltr'><strong>modestus,</strong></span> <span class='ocrx_word' id='word_1_230' title='bbox 1999 3324 2110 3406; x_wconf 89' lang='lat' dir='ltr'><strong>qui</strong></span> <span class='ocrx_word' id='word_1_231' title='bbox 2171 3320 2354 3385; x_wconf 91' lang='lat' dir='ltr'><strong>illius</strong></span> <span class='ocrx_word' id='word_1_232' title='bbox 2418 3322 2857 3386; x_wconf 85' lang='lat' dir='ltr'><strong>adnotationes</strong></span> <span class='ocrx_word' id='word_1_233' title='bbox 2903 3321 3080 3384; x_wconf 80' lang='lat' dir='ltr'><strong>varie</strong></span> 
     </span>
     <span class='ocr_line' id='line_1_29' title="bbox 698 3425 3080 3511; baseline -0.001 -21"><span class='ocrx_word' id='word_1_234' title='bbox 698 3425 1011 3503; x_wconf 88' lang='lat' dir='ltr'><strong>adfirmat,</strong></span> <span class='ocrx_word' id='word_1_235' title='bbox 1075 3426 1456 3511; x_wconf 88' lang='lat' dir='ltr'><strong>amplificat,</strong></span> <span class='ocrx_word' id='word_1_236' title='bbox 1521 3428 1805 3492; x_wconf 88' lang='lat' dir='ltr'><strong>breviter</strong></span> <span class='ocrx_word' id='word_1_237' title='bbox 1865 3430 2133 3511; x_wconf 90' lang='lat' dir='ltr'><strong>repetit,</strong></span> <span class='ocrx_word' id='word_1_238' title='bbox 2197 3426 2364 3490; x_wconf 92' lang='lat' dir='ltr'><strong>nihil</strong></span> <span class='ocrx_word' id='word_1_239' title='bbox 2425 3429 2575 3491; x_wconf 85' lang='lat' dir='ltr'><strong>novi</strong></span> <span class='ocrx_word' id='word_1_240' title='bbox 2621 3428 2758 3509; x_wconf 90' lang='lat' dir='ltr'><strong>ipse</strong></span> <span class='ocrx_word' id='word_1_241' title='bbox 2786 3444 3080 3508; x_wconf 85' lang='lat' dir='ltr'><strong>usquam</strong></span> 
     </span>
     <span class='ocr_line' id='line_1_30' title="bbox 699 3531 3083 3614; baseline -0.001 -19"><span class='ocrx_word' id='word_1_242' title='bbox 699 3532 924 3595; x_wconf 86' lang='lat' dir='ltr'><strong>addere</strong></span> <span class='ocrx_word' id='word_1_243' title='bbox 986 3552 1178 3595; x_wconf 88' lang='lat' dir='ltr'><strong>ausus</strong></span> <span class='ocrx_word' id='word_1_244' title='bbox 1237 3534 1364 3596; x_wconf 91' lang='lat' dir='ltr'><strong>nisi</strong></span> <span class='ocrx_word' id='word_1_245' title='bbox 1423 3535 1693 3597; x_wconf 82' lang='lat' dir='ltr'><strong>inventu</strong></span> <span class='ocrx_word' id='word_1_246' title='bbox 1749 3531 2077 3597; x_wconf 87' lang='lat' dir='ltr'><strong>facillima.</strong></span> <span class='ocrx_word' id='word_1_247' title='bbox 2129 3532 2442 3596; x_wconf 87' lang='lat' dir='ltr'><strong>Adiunxit</strong></span> <span class='ocrx_word' id='word_1_248' title='bbox 2489 3531 2923 3595; x_wconf 83' lang='lat' dir='ltr'><strong>additamenta</strong></span> <span class='ocrx_word' id='word_1_249' title='bbox 2968 3551 3083 3614; x_wconf 88' lang='lat' dir='ltr'><strong>per</strong></span> 
     </span>
     <span class='ocr_line' id='line_1_31' title="bbox 701 3634 3079 3723; baseline -0.001 -22"><span class='ocrx_word' id='word_1_250' title='bbox 701 3636 1051 3723; x_wconf 87' lang='lat' dir='ltr'><strong>particulas</strong></span> <span class='ocrx_word' id='word_1_251' title='bbox 1097 3658 1254 3717; x_wconf 75' lang='lat' dir='ltr'><strong>erqo,</strong></span> <span class='ocrx_word' id='word_1_252' title='bbox 1300 3659 1456 3714; x_wconf 80' lang='lat' dir='ltr'><strong>nam,</strong></span> <span class='ocrx_word' id='word_1_253' title='bbox 1505 3638 1677 3714; x_wconf 80' lang='lat' dir='ltr'><strong>enim,</strong></span> <span class='ocrx_word' id='word_1_254' title='bbox 1729 3644 1786 3700; x_wconf 76' lang='lat' dir='ltr'><strong>et</strong></span> <span class='ocrx_word' id='word_1_255' title='bbox 1832 3645 1937 3713; x_wconf 73' lang='lat' dir='ltr'><strong>esc,</strong></span> <span class='ocrx_word' id='word_1_256' title='bbox 1984 3637 2055 3699; x_wconf 79' lang='lat' dir='ltr'><strong>id</strong></span> <span class='ocrx_word' id='word_1_257' title='bbox 2098 3643 2203 3713; x_wconf 70' lang='lat' dir='ltr'><strong>eet,</strong></span> <span class='ocrx_word' id='word_1_258' title='bbox 2245 3636 2371 3700; x_wconf 88' lang='lat' dir='ltr'><strong>al.&#39;&#39;</strong></span> <span class='ocrx_word' id='word_1_259' title='bbox 2415 3634 2787 3701; x_wconf 84' lang='lat' dir='ltr'><strong>Cavendum</strong></span> <span class='ocrx_word' id='word_1_260' title='bbox 2828 3641 3079 3715; x_wconf 88' lang='lat' dir='ltr'><strong>tamen,</strong></span> 
     </span>
     <span class='ocr_line' id='line_1_32' title="bbox 703 3740 3086 3827; baseline -0 -22"><span class='ocrx_word' id='word_1_261' title='bbox 703 3763 781 3806; x_wconf 91' lang='lat' dir='ltr'><strong>ne</strong></span> <span class='ocrx_word' id='word_1_262' title='bbox 821 3742 972 3807; x_wconf 92' lang='lat' dir='ltr'><strong>huic</strong></span> <span class='ocrx_word' id='word_1_263' title='bbox 1012 3742 1256 3807; x_wconf 90' lang='lat' dir='ltr'><strong>homini</strong></span> <span class='ocrx_word' id='word_1_264' title='bbox 1294 3742 1707 3827; x_wconf 85' lang='lat' dir='ltr'><strong>adsignemus</strong></span> <span class='ocrx_word' id='word_1_265' title='bbox 1746 3744 1961 3806; x_wconf 87' lang='lat' dir='ltr'><strong>omnia</strong></span> <span class='ocrx_word' id='word_1_266' title='bbox 2000 3740 2435 3806; x_wconf 87' lang='lat' dir='ltr'><strong>additamenta</strong></span> <span class='ocrx_word' id='word_1_267' title='bbox 2473 3741 2551 3804; x_wconf 90' lang='lat' dir='ltr'><strong>ab</strong></span> <span class='ocrx_word' id='word_1_268' title='bbox 2590 3741 2907 3805; x_wconf 90' lang='lat' dir='ltr'><strong>eiusmodi</strong></span> <span class='ocrx_word' id='word_1_269' title='bbox 2947 3761 3086 3825; x_wconf 88' lang='lat' dir='ltr'><strong>par-</strong></span> 
     </span>
     <span class='ocr_line' id='line_1_33' title="bbox 703 3836 3085 3932; baseline -0 -21"><span class='ocrx_word' id='word_1_270' title='bbox 703 3848 918 3912; x_wconf 88' lang='lat' dir='ltr'><strong>ticulis</strong></span> <span class='ocrx_word' id='word_1_271' title='bbox 966 3848 1362 3926; x_wconf 87' lang='lat' dir='ltr'><strong>incohantia‚</strong></span> <span class='ocrx_word' id='word_1_272' title='bbox 1412 3867 1560 3911; x_wconf 88' lang='lat' dir='ltr'><strong>nam</strong></span> <span class='ocrx_word' id='word_1_273' title='bbox 1607 3851 1673 3911; x_wconf 91' lang='lat' dir='ltr'><strong>in</strong></span> <span class='ocrx_word' id='word_1_274' title='bbox 1724 3847 1824 3910; x_wconf 88' lang='lat' dir='ltr'><strong>his</strong></span> <span class='ocrx_word' id='word_1_275' title='bbox 1861 3849 2083 3910; x_wconf 90' lang='lat' dir='ltr'><strong>insunt</strong></span> <span class='ocrx_word' id='word_1_276' title='bbox 2121 3836 2284 3909; x_wconf 63' lang='lat' dir='ltr'><strong>cum&#39;</strong></span> <span class='ocrx_word' id='word_1_277' title='bbox 2310 3846 2584 3910; x_wconf 88' lang='lat' dir='ltr'><strong>aliorum</strong></span> <span class='ocrx_word' id='word_1_278' title='bbox 2620 3848 3085 3932; x_wconf 83' lang='lat' dir='ltr'><strong>magistrorum</strong></span> 
     </span>
     <span class='ocr_line' id='line_1_34' title="bbox 702 3951 2406 4038; baseline -0.001 -21"><span class='ocrx_word' id='word_1_279' title='bbox 702 3958 848 4017; x_wconf 86' lang='lat' dir='ltr'><strong>tum</strong></span> <span class='ocrx_word' id='word_1_280' title='bbox 896 3956 1092 4018; x_wconf 88' lang='lat' dir='ltr'><strong>etiam</strong></span> <span class='ocrx_word' id='word_1_281' title='bbox 1140 3974 1300 4037; x_wconf 90' lang='lat' dir='ltr'><strong>quae</strong></span> <span class='ocrx_word' id='word_1_282' title='bbox 1346 3955 1773 4019; x_wconf 88' lang='lat' dir='ltr'><strong>characterem</strong></span> <span class='ocrx_word' id='word_1_283' title='bbox 1821 3952 2089 4038; x_wconf 83' lang='lat' dir='ltr'><strong>prodant</strong></span> <span class='ocrx_word' id='word_1_284' title='bbox 2136 3956 2240 4015; x_wconf 79' lang='grc' dir='ltr'><strong>τοῦ</strong></span> <span class='ocrx_word' id='word_1_285' title='bbox 2287 3951 2406 4016; x_wconf 92' lang='lat' dir='ltr'><strong>IP.</strong></span> 
     </span>
    </p>
   </div>
   <div class='ocr_carea' id='block_1_3' title="bbox 705 4107 1094 4115">
    <p class='ocr_par' dir='ltr' id='par_1_5' title="bbox 705 4107 1094 4115">
     <span class='ocr_line' id='line_1_35' title="bbox 705 4107 1094 4115; baseline 0 1269"><span class='ocrx_word' id='word_1_286' title='bbox 705 4107 1094 4115; x_wconf 95' lang='lat' dir='ltr'><strong> </strong></span> 
     </span>
    </p>
   </div>
   <div class='ocr_carea' id='block_1_4' title="bbox 707 4176 3091 4406">
    <p class='ocr_par' dir='ltr' id='par_1_6' title="bbox 707 4176 3091 4406">
     <span class='ocr_line' id='line_1_36' title="bbox 773 4176 3089 4245; baseline -0.001 -15"><span class='ocrx_word' id='word_1_287' title='bbox 773 4182 828 4245; x_wconf 91' lang='lat'><strong>1)</strong></span> <span class='ocrx_word' id='word_1_288' title='bbox 880 4179 1000 4228; x_wconf 87' lang='lat' dir='ltr'><strong>Vide</strong></span> <span class='ocrx_word' id='word_1_289' title='bbox 1051 4179 1264 4243; x_wconf 84' lang='lat' dir='ltr'><strong>exempla</strong></span> <span class='ocrx_word' id='word_1_290' title='bbox 1310 4194 1337 4227; x_wconf 84' lang='lat' dir='ltr'><strong>a</strong></span> <span class='ocrx_word' id='word_1_291' title='bbox 1383 4194 1458 4229; x_wconf 88' lang='lat' dir='ltr'><strong>mc</strong></span> <span class='ocrx_word' id='word_1_292' title='bbox 1502 4178 1630 4227; x_wconf 76' lang='lat' dir='ltr'><strong>edita</strong></span> <span class='ocrx_word' id='word_1_293' title='bbox 1662 4178 1714 4227; x_wconf 90' lang='lat' dir='ltr'><strong>in</strong></span> <span class='ocrx_word' id='word_1_294' title='bbox 1752 4180 1935 4228; x_wconf 88' lang='lat' dir='ltr'><strong>Mnem.</strong></span> <span class='ocrx_word' id='word_1_295' title='bbox 1970 4176 2042 4227; x_wconf 89' lang='lat' dir='ltr'><strong>l.1.</strong></span> <span class='ocrx_word' id='word_1_296' title='bbox 2077 4194 2123 4242; x_wconf 85' lang='lat' dir='ltr'><strong>p.</strong></span> <span class='ocrx_word' id='word_1_297' title='bbox 2161 4178 2444 4236; x_wconf 61' lang='lat' dir='ltr'><strong>ami-251,</strong></span> <span class='ocrx_word' id='word_1_298' title='bbox 2483 4181 2532 4226; x_wconf 87' lang='lat' dir='ltr'><strong>et</strong></span> <span class='ocrx_word' id='word_1_299' title='bbox 2563 4192 2681 4241; x_wconf 83' lang='lat' dir='ltr'><strong>quae</strong></span> <span class='ocrx_word' id='word_1_300' title='bbox 2716 4181 2877 4241; x_wconf 82' lang='lat' dir='ltr'><strong>postea</strong></span> <span class='ocrx_word' id='word_1_301' title='bbox 2914 4178 2963 4225; x_wconf 88' lang='lat' dir='ltr'><strong>in</strong></span> <span class='ocrx_word' id='word_1_302' title='bbox 3000 4178 3089 4227; x_wconf 85' lang='lat' dir='ltr'><strong>hac</strong></span> 
     </span>
     <span class='ocr_line' id='line_1_37' title="bbox 707 4258 3091 4324; baseline -0.001 -14"><span class='ocrx_word' id='word_1_303' title='bbox 707 4262 1038 4310; x_wconf 78' lang='lat' dir='ltr'><strong>dissertatione</strong></span> <span class='ocrx_word' id='word_1_304' title='bbox 1074 4276 1101 4309; x_wconf 90' lang='lat' dir='ltr'><strong>a</strong></span> <span class='ocrx_word' id='word_1_305' title='bbox 1135 4276 1211 4309; x_wconf 89' lang='lat' dir='ltr'><strong>me</strong></span> <span class='ocrx_word' id='word_1_306' title='bbox 1247 4258 1535 4309; x_wconf 82' lang='lat' dir='ltr'><strong>citabuntur.</strong></span> <span class='ocrx_word' id='word_1_307' title='bbox 1575 4260 1650 4309; x_wconf 83' lang='lat' dir='ltr'><strong>Cf.</strong></span> <span class='ocrx_word' id='word_1_308' title='bbox 1684 4275 1806 4323; x_wconf 86' lang='lat' dir='ltr'><strong>quae</strong></span> <span class='ocrx_word' id='word_1_309' title='bbox 1839 4258 1952 4308; x_wconf 88' lang='lat' dir='ltr'><strong>ibid.</strong></span> <span class='ocrx_word' id='word_1_310' title='bbox 1990 4259 2228 4323; x_wconf 79' lang='lat' dir='ltr'><strong>disputavi</strong></span> <span class='ocrx_word' id='word_1_311' title='bbox 2265 4276 2309 4324; x_wconf 89' lang='lat' dir='ltr'><strong>p.</strong></span> <span class='ocrx_word' id='word_1_312' title='bbox 2341 4260 2451 4308; x_wconf 84' lang='lat'>213.</span> <span class='ocrx_word' id='word_1_313' title='bbox 2486 4260 2706 4308; x_wconf 87' lang='lat' dir='ltr'><strong>Ceterum</strong></span> <span class='ocrx_word' id='word_1_314' title='bbox 2739 4259 2790 4307; x_wconf 85' lang='lat' dir='ltr'><strong>in</strong></span> <span class='ocrx_word' id='word_1_315' title='bbox 2818 4259 2976 4324; x_wconf 88' lang='lat' dir='ltr'><strong>prima</strong></span> <span class='ocrx_word' id='word_1_316' title='bbox 3005 4259 3091 4307; x_wconf 78' lang='lat' dir='ltr'><strong>illa</strong></span> 
     </span>
     <span class='ocr_line' id='line_1_38' title="bbox 707 4341 3091 4406; baseline -0.001 -15"><span class='ocrx_word' id='word_1_317' title='bbox 707 4343 1042 4406; x_wconf 86' lang='lat' dir='ltr'><strong>disquisitione</strong></span> <span class='ocrx_word' id='word_1_318' title='bbox 1077 4344 1133 4391; x_wconf 88' lang='lat' dir='ltr'><strong>de</strong></span> <span class='ocrx_word' id='word_1_319' title='bbox 1169 4341 1361 4391; x_wconf 79' lang='lat' dir='ltr'><strong>scholiis</strong></span> <span class='ocrx_word' id='word_1_320' title='bbox 1399 4342 1456 4390; x_wconf 80' lang='lat' dir='ltr'><strong>ad</strong></span> <span class='ocrx_word' id='word_1_321' title='bbox 1495 4342 1722 4391; x_wconf 79' lang='lat' dir='ltr'><strong>Andriam</strong></span> <span class='ocrx_word' id='word_1_322' title='bbox 1756 4342 1966 4390; x_wconf 88' lang='lat' dir='ltr'><strong>nondum</strong></span> <span class='ocrx_word' id='word_1_323' title='bbox 2003 4341 2162 4390; x_wconf 86' lang='lat' dir='ltr'><strong>omnia</strong></span> <span class='ocrx_word' id='word_1_324' title='bbox 2195 4341 2311 4390; x_wconf 83' lang='lat' dir='ltr'><strong>satis</strong></span> <span class='ocrx_word' id='word_1_325' title='bbox 2345 4342 2464 4390; x_wconf 87' lang='lat' dir='ltr'><strong>bene</strong></span> <span class='ocrx_word' id='word_1_326' title='bbox 2498 4342 2680 4390; x_wconf 84' lang='lat' dir='ltr'><strong>excussi</strong></span> <span class='ocrx_word' id='word_1_327' title='bbox 2712 4341 2949 4405; x_wconf 83' lang='lat' dir='ltr'><strong>variisque</strong></span> <span class='ocrx_word' id='word_1_328' title='bbox 2982 4356 3091 4389; x_wconf 86' lang='lat' dir='ltr'><strong>auc·</strong></span> 
     </span>
    </p>
   </div>
   <div class='ocr_carea' id='block_1_5' title="bbox 696 4422 3082 4556">
    <p class='ocr_par' dir='ltr' id='par_1_7' title="bbox 696 4422 3082 4556">
     <span class='ocr_line' id='line_1_39' title="bbox 696 4422 3082 4488; baseline -0 -14"><span class='ocrx_word' id='word_1_329' title='bbox 696 4424 882 4474; x_wconf 85' lang='lat' dir='ltr'><strong>toribus</strong></span> <span class='ocrx_word' id='word_1_330' title='bbox 934 4424 1172 4473; x_wconf 86' lang='lat' dir='ltr'><strong>distribui.</strong></span> <span class='ocrx_word' id='word_1_331' title='bbox 1227 4424 1356 4486; x_wconf 76' lang='lat' dir='ltr'><strong>Ergo</strong></span> <span class='ocrx_word' id='word_1_332' title='bbox 1408 4438 1593 4473; x_wconf 84' lang='lat' dir='ltr'><strong>errores</strong></span> <span class='ocrx_word' id='word_1_333' title='bbox 1638 4423 1743 4472; x_wconf 87' lang='lat' dir='ltr'><strong>illic</strong></span> <span class='ocrx_word' id='word_1_334' title='bbox 1789 4422 2062 4472; x_wconf 82' lang='lat' dir='ltr'><strong>commissos</strong></span> <span class='ocrx_word' id='word_1_335' title='bbox 2106 4426 2271 4488; x_wconf 85' lang='lat' dir='ltr'><strong>postea</strong></span> <span class='ocrx_word' id='word_1_336' title='bbox 2304 4423 2558 4487; x_wconf 82' lang='lat' dir='ltr'><strong>aliquando</strong></span> <span class='ocrx_word' id='word_1_337' title='bbox 2592 4424 2833 4488; x_wconf 79' lang='lat' dir='ltr'><strong>corrigere</strong></span> <span class='ocrx_word' id='word_1_338' title='bbox 2868 4423 3082 4473; x_wconf 75' lang='lat' dir='ltr'><strong>animum</strong></span> 
     </span>
     <span class='ocr_line' id='line_1_40' title="bbox 703 4506 887 4556; baseline 0 -1"><span class='ocrx_word' id='word_1_339' title='bbox 703 4506 887 4556; x_wconf 86' lang='lat' dir='ltr'><strong>induxi.</strong></span> 
     </span>
    </p>
   </div>
  </div>
 </body>
</html>
