3392 5384
745 402 832 468 52
1744 423 2092 470 nominatos.

832 585 1013 650 Unde
1058 589 1266 672 igitur
1311 589 1479 651 mira
1521 587 1637 651 illa
1682 589 1876 652 verba
1920 585 2109 653 nata?
2157 609 2271 652 cur
2315 587 2611 654 invecta?

830 693 965 755 Aut
1028 694 1286 777 egregie
1345 690 1532 757 fallor
1577 698 1692 756 aut
1737 699 1972 771 cantor,
2019 696 2124 758 cui
2168 693 2479 758 debentur
2522 692 2778 758 molesti
2825 714 2981 777 quos
3030 700 3131 758 at-

738 795 1016 860 tulimus
1075 818 1331 874 versus,
1394 796 1460 861 id
1522 797 1690 882 quod
1752 800 2074 882 antiquior
2131 803 2317 882 poeta
2363 797 2611 863 dixerat
2656 820 2781 863 non
2828 801 2983 862 satis
3028 801 3133 862 in-

736 901 1068 967 tellectum
1116 905 1251 967 suis
1298 904 1507 968 verbis
1531 902 1721 978 ,male
1766 902 2062 967 reddidit.

829 1007 1102 1086 „Nestor
1161 1011 1413 1072 iuvenis
1462 1007 1620 1072 olim
1663 1011 1833 1072 inter
1880 1010 2079 1092 patris
2124 1006 2418 1092 aequales
2466 1011 2797 1093 regnavit,
2848 1045 2928 1056 —-
2979 1011 3127 1092 ipse

735 1116 908 1178 enim
970 1119 1150 1198 pater
1211 1112 1288 1177 ad
1350 1121 1746 1178 senectutem
1811 1136 1937 1179 non
1997 1117 2322 1198 pervenit,
2385 1151 2467 1160 —
2532 1114 2679 1179 dein
2739 1117 2906 1178 inter
2966 1135 3126 1179 suos

729 1222 936 1303 ipsius
1009 1218 1301 1303 aequales
1374 1222 1670 1305 regnavit
1740 1221 1842 1284 vir
1910 1227 2203 1284 maturus
2272 1224 2337 1283 et
2405 1227 2551 1284 ante
2619 1218 2877 1284 Troiam
2961 1219 3125 1284 filiis

732 1327 867 1388 suis
917 1324 1277 1407 horumque
1338 1324 1710 1408 aequalibus
1753 1326 2102 1408 imperavit
2148 1332 2326 1408 pater
2368 1327 2538 1408 ipse:
2590 1324 2920 1402 rma-darom
2971 1324 3129 1389 τότε

734 1429 1094 1494 ἕνοὶνοισσε.”
1143 1467 1227 1478 -
1276 1429 1452 1495 Haec
1499 1433 1746 1515 priscus
1793 1437 1994 1495 vates.
2044 1429 2218 1508 Quae
2263 1451 2362 1494 res
2398 1429 2676 1494 inauditi
2715 1429 2909 1494 habet
2945 1430 3125 1494 nihil

729 1556 934 1619 neque
980 1556 1052 1600 eo
1097 1534 1360 1600 consilio
1410 1556 1446 1600 a
1492 1541 1676 1620 poeta
1723 1541 1820 1599 est
1865 1543 2359 1600 commemorata
2406 1541 2482 1599 ut
2520 1534 2937 1599 admiratione
2977 1557 3129 1620 per-

728 1641 1108 1706 cellerentur
1156 1642 1558 1706 audientium
1606 1644 1843 1718 animi,
1895 1641 2005 1706 sed
2048 1646 2124 1705 ut
2167 1641 2558 1705 indicaretur
2604 1640 2890 1704 Nestoris
2936 1661 3127 1726 egre-

727 1750 837 1833 gia
897 1751 1157 1832 peritia,
1219 1747 1414 1833 longo
1473 1769 1596 1811 usu
1661 1768 1774 1831 per
1834 1767 2107 1831 regnum
2167 1746 2548 1810 diuturnum
2596 1752 2795 1830 parta.
2870 1745 3123 1822 „Senem

727 1855 932 1916 audite
969 1840 1252 1916 iuven'effl
1286 1889 1370 1901 -
1396 1856 1486 1917 sic
1526 1854 1656 1917 fere
1693 1853 1928 1918 Nestor
1966 1851 2211 1916 milites
2236 1851 2608 1916 Atridarum
2636 1851 2811 1915 affari
2835 1850 3000 1916 solet
3028 1889 3119 1900 —-

727 1981 934 2040 „quem
993 1959 1257 2021 iuvenem
1322 1957 1606 2021 audivere
1658 1980 1824 2021 senes
1842 1957 1912 2018 !”
1966 1993 2048 2005 --
2099 1956 2273 2035 Quae
2335 1977 2486 2022 vero
2531 1958 2599 2019 in
2645 1954 2846 2020 Iliade
2892 1961 3116 2021 nostra

727 2061 864 2126 loco
914 2061 1173 2127 laudato
1219 2061 1530 2147 leguntur
1576 2083 1654 2127 ne
1699 2060 1997 2147 intellegi
2058 2060 2318 2145 quidem
2380 2065 2681 2145 possunt;
2744 2081 2893 2124 nam
2954 2062 3117 2124 duae

723 2174 948 2230 aetates
987 2167 1324 2232 hominum
1370 2167 1626 2232 Nestori
1674 2165 1818 2242 οἶμαι
1866 2175 2177 2245 τραφῆναι
2226 2165 2328 2229 καὶ
2379 2165 2660 2242 γενέσθαι
2708 2164 2845 2229 11110
2892 2165 3115 2230 dicun-

725 2280 866 2337 tur:
917 2311 1001 2322 -—
1048 2274 1304 2336 simulne
1348 2275 1558 2359 igitur
1602 2275 1740 2337 nati
1786 2278 1938 2336 sunt
1984 2279 2195 2356 patres
2242 2292 2389 2334 cum
2434 2268 2697 2335 liberis?
2744 2269 2885 2334 Non
2934 2276 3114 2334 totus

727 2382 941 2441 tamen
987 2377 1164 2442 locus
1210 2376 1520 2442 molestus
1569 2384 1699 2455 est,
1750 2377 1859 2441 sed
1903 2375 2037 2440 sola
2083 2377 2333 2453 Φθίσθαι
2383 2380 2446 2439 et
2493 2372 2634 2450 ἅμα
2675 2376 2766 2438 810
2803 2382 3113 2458 usurpata

727 2483 1029 2547 officiunt.
1095 2483 1451 2548 Dicendum
1507 2490 1672 2554 erat:
1727 2482 1920 2559 τούτῳ
1969 2481 2030 2545 δὲ
2081 2482 2113 2553 ἦ
2162 2481 2273 2556 μὲν
2323 2479 2531 2558 ἔφθιτο
2579 2481 2769 2557 γενεοὶ
2813 2480 3112 2555 βασιλεύ-

726 2610 884 2665 οντι,
951 2591 984 2662 ἦ
1047 2589 1108 2652 δὲ
1173 2587 1259 2652 ἔτι
1327 2588 1486 2668 διέζη
1552 2595 1666 2652 τῶν
1730 2585 1873 2662 ἅμα
1920 2589 2087 2661 αὐτῷ
2137 2587 2496 2662 γενομένων,
2548 2588 2581 2660 ἡ
2634 2585 2696 2649 δὲ
2744 2584 3105 2662 ἐπεγένετο,

726 2689 881 2756 ὥστε
919 2695 1141 2772 τρίτοις
1191 2694 1298 2768 ἤδη
1351 2694 1703 2770 ἐβασίλευε.
1754 2690 2311 2770 Quemadmodum
2360 2688 2629 2756 Calchas
2676 2696 2854 2754 vates
2902 2711 2938 2754 a
2984 2689 3107 2754 diis

725 2798 986 2863 edoctus
1045 2805 1228 2863 norat
1294 2800 1379 2861 τοὶ
1443 2800 1500 2860 τ’
1561 2799 1741 2862 ἐόντα
1804 2796 1889 2860 τοὶ
1952 2799 2009 2859 τ’
2074 2797 2382 2871 ἐσσόμενα
2447 2796 2559 2874 πρό
2619 2801 2676 2858 τ’
2742 2796 2955 2872 ἐόντα,
3018 2797 3109 2859 810

724 2903 955 2968 Νο8101·
998 2925 1110 2968 rex
1153 2907 1295 2988 ipsa
1341 2906 1478 2969 vita
1525 2903 1783 2968 edoctus
1830 2904 2123 2987 cognitos
2169 2902 2441 2967 habebat
2489 2901 2629 2972 τούς
2678 2902 2737 2964 τ’
2776 2899 2959 2971 ὄντας
2998 2901 3106 2976 ἤδη

727 3009 991 3087 ἄνδρας,
1057 3012 1201 3080 τούς
1266 3033 1336 3072 τε
1398 3011 1542 3083 μετ’
1601 3009 1808 3085 ὀλίγον
1873 3010 1985 3082 μὲν
2035 3008 2350 3083 ἐσομένους
2398 3012 2500 3070 νῦν
2548 3008 2610 3070 δὲ
2659 3006 2972 3084 νεωτέρους
3020 3004 3108 3069 ἔτι

725 3113 943 3191 ὄντας,
1007 3113 1151 3186 τούς
1215 3139 1284 3178 τε
1349 3115 1626 3194 πρότερον
1687 3112 1906 3191 ὄντας,
1971 3115 2136 3177 sive:
2204 3113 2346 3183 τούς
2408 3136 2478 3175 τε
2533 3112 2750 3174 ἑαυτοῦ
2801 3111 3107 3187 ὁμήλικας

729 3223 870 3290 τούς
915 3244 987 3282 τε
1035 3227 1149 3284 τῶν
1203 3219 1437 3284 παίδων
1485 3222 1625 3291 τούς
1675 3245 1746 3282 τε
1792 3224 1897 3282 τοῦ
1948 3218 2203 3295 πατρός.
2520 3217 2549 3232 “

815 3325 992 3389 Haec
1052 3325 1259 3390 dicere
1323 3325 1544 3390 debuit
1606 3328 1861 3410 priscus
1916 3329 2138 3408 poeta,
2201 3343 2314 3387 nec
2360 3322 2583 3387 dubito
2630 3324 2785 3406 quin
2832 3321 3069 3386 dixerit
3087 3341 3102 3398 ;
3146 3381 3157 3395 ,

725 3429 835 3493 sed
880 3433 1016 3494 suis
1063 3432 1272 3495 verbis
1320 3431 1639 3515 quomodo
1685 3430 1921 3495 dixerit
1964 3431 2199 3493 nescio·

817 3535 905 3598 At
939 3556 1095 3599 aevo
1132 3539 1467 3600 recentiori
1502 3556 1718 3600 rerum
1758 3534 2157 3598 mirabilium
2195 3534 2521 3616 appetenti
2556 3533 2751 3595 nimis
2784 3529 3104 3614 simplicia

727 3639 880 3704 talia
940 3646 1092 3704 sunt
1151 3643 1307 3705 visa.
1372 3640 1476 3705 Sic
1540 3641 1897 3717 τεττίγεσσι
1961 3641 2289 3710 πεπωκότας
2345 3647 2530 3723 poeta
2593 3643 2888 3702 vetustus
2935 3636 3103 3700 dixit

723 3765 904 3808 senes
949 3745 1216 3809 disertos
1247 3745 1315 3825 ¹),
1363 3766 1490 3809 non
1528 3749 1699 3830 ipsos
1738 3746 1967 3810 cicadis
2007 3743 2251 3809 similes
2290 3744 2661 3828 perhibens,
2703 3741 2811 3806 sed
2850 3740 3108 3806 dulcem

721 3871 943 3915 eorum
1007 3854 1503 3934 continuamque
1564 3853 1921 3916 orationem
1984 3850 2345 3915 cicadarum
2407 3850 2622 3913 cantui
2683 3846 3109 3912 assimulans:

725 3992 811 4002 —
857 3977 1071 4020 senem
1119 3959 1189 4020 in
1237 3956 1502 4032 τέττιγα
1548 3963 1878 4021 mutatum
1925 3957 2305 4020 recentiores
2352 3955 2629 4019 habuere
2677 3950 2947 4017 fabulae.

813 4057 1036 4125 Crevit
1097 4067 1316 4125 autem
1361 4067 1533 4126 aetas
1577 4082 1811 4146 regum
1856 4059 2118 4124 Troiam
2164 4061 2682 4144 oppugnantium
2728 4057 2885 4120 dum
2930 4058 3105 4140 ipsa-

719 4186 870 4228 rum
929 4165 1294 4230 fabularum
1357 4187 1516 4251 quae
1581 4175 1761 4230 erant
1823 4165 1899 4229 de
1962 4163 2125 4228 bello
2187 4162 2457 4229 Troiano
2518 4166 2719 4227 crevit
2779 4163 3103 4226 ambitus:

722 4307 808 4317 —
846 4291 946 4335 res
984 4274 1346 4348 notissima,
1387 4291 1424 4336 a
1461 4272 1644 4336 nobis
1685 4290 1937 4353 quoque
1976 4270 2229 4353 saepius
2265 4268 2563 4334 indicata.
2619 4267 2848 4332 Nestor
2894 4266 3103 4331 simul

795 4499 846 4560 1)
880 4503 916 4544 r
945 4499 1060 4546 151.
