3392 5384
1155 433 1242 481 nr.
1288 433 1608 482 summme
1652 432 1975 482 mnu-noo,
2618 415 2752 483 363

363 590 762 679 mowitziuS,
831 602 968 685 ipse
1038 621 1115 665 ex
1182 599 1419 665 litteris
1492 610 1578 665 m
1650 604 1819 695 post⁶
1859 599 2104 675 Πηλεὺς
2167 620 2400 666 nomen
2454 600 2753 682 Πειρίθους

356 707 707 794 supplens),
764 706 989 774 deinde
1007 757 1024 789 ,
1085 708 1390 792 quoniam
1450 706 1944 773 scholiastarum
2006 727 2079 773 ac
2139 705 2754 793 glossographorum

358 814 796 880 adnotationes
863 816 931 878 in
995 815 1305 899 tragicos,
1386 815 1767 899 praesertim
1830 816 1886 877 si
1951 812 2414 879 vocabulorum
2480 818 2761 899 tangunt

354 922 947 1005 interpretationes,
1020 916 1611 985 Alexandrinorum
1684 920 2073 985 testimoniis
2145 921 2267 984 niti
2329 920 2516 985 nobis
2578 922 2754 986 visae

356 1036 542 1106 sunt,
605 1047 876 1112 aequam
937 1028 1252 1091 rationem
1300 1047 1448 1091 eum
1495 1027 1612 1104 iis,
1661 1046 1824 1110 quae
1871 1030 2129 1111 propter
2174 1027 2542 1091 testimonia
2579 1027 2755 1092 scho-

352 1132 693 1199 liastarum
752 1134 821 1197 in
882 1131 1255 1219 catalogum
1312 1130 1680 1197 fabularum
1728 1152 1764 1197 a
1812 1132 1995 1197 nobis
2039 1138 2329 1218 receptae
2375 1138 2560 1209 sunt,
2610 1134 2751 1199 iure

355 1240 479 1305 sibi
541 1241 744 1325 poscit
794 1239 1160 1317 Pirithous,
1225 1240 1408 1304 cuius
1470 1238 1549 1303 fr.
1615 1237 1749 1303 593
1811 1240 1879 1303 in
1940 1236 2137 1304 schol.
2201 1237 2282 1302 ad
2329 1236 2437 1304 Or.
2489 1236 2621 1304 982
2671 1259 2751 1305 ex

353 1351 536 1432 parte
595 1345 873 1411 affertur.
939 1344 1238 1410 Postulat
1282 1346 1502 1429 itaque
1550 1346 1750 1422 ratio,
1801 1350 2114 1435 quatenus
2161 1345 2443 1410 externis
2494 1348 2752 1410 tantum

356 1454 742 1519 testimoniis
790 1454 1060 1531 utimur,
1107 1457 1183 1517 ut
1227 1451 1599 1517 Pirithoum
1647 1450 1940 1537 catalogo
1986 1449 2296 1517 addamus
2343 1457 2407 1517 et
2453 1452 2611 1516 erit:

454 1558 539 1624 68
610 1558 941 1623 Pirithous.

443 1665 970 1750 Rhadamanthys
1031 1670 1287 1743 autem,
1351 1662 1683 1730 deficiente
1742 1664 1811 1727 in
1868 1661 2055 1728 litera
2106 1672 2146 1726 Ρ
2200 1666 2336 1728 tam
2382 1661 2595 1748 lapide
2643 1661 2754 1727 Al-

351 1773 514 1838 bano
578 1792 773 1857 quam
835 1772 1120 1848 PiraicO,
1181 1768 1377 1835 habet
1423 1768 1613 1834 modo
1661 1769 1897 1853 quibus
1945 1789 2011 1833 se
2060 1771 2322 1833 tueatur
2368 1767 2747 1851 Strabonem

352 1886 418 1945 et
463 1878 870 1945 scholiastam
914 1876 995 1942 ad
1039 1875 1350 1942 Orestem.
1401 1875 1721 1956 Quoniam
1766 1881 1990 1940 autem
2037 1874 2192 1940 haec
2238 1876 2583 1941 auctoritas
2622 1896 2748 1940 non

355 1988 566 2053 minor
608 1991 737 2064 est,
787 2004 980 2069 quam
1029 1988 1424 2061 ceterarum,
1471 1980 1797 2047 addendus
1844 1986 1941 2046 est

451 2090 533 2157 69
604 2092 1122 2175 Rhadamanthys.

445 2196 611 2278 Quid
659 2202 878 2262 autem
917 2196 994 2262 de
1032 2193 1313 2263 Cadmo?
1351 2194 1591 2260 Tacent
1628 2194 1894 2279 lapides.
1937 2195 2122 2276 Quod
2162 2201 2380 2260 autem
2418 2193 2746 2260 Albanum

351 2324 634 2368 marmor
667 2304 901 2368 attinet
938 2304 1148 2381 (cuius
1187 2304 1360 2387 prior
1397 2300 1697 2366 columna
1737 2300 1973 2365 desinit
2013 2307 2087 2366 ut
2124 2300 2259 2366 dixi
2276 2323 2353 2367 ex
2378 2302 2659 2367 fractura
2679 2304 2747 2367 in

350 2411 534 2493 Epeo,
599 2408 801 2474 altera
849 2406 1145 2473 columna
1192 2427 1228 2471 a
1275 2409 1480 2491 capite
1526 2409 1784 2491 integra
1828 2407 2059 2493 incipit
2102 2408 2172 2471 in
2229 2407 2623 2489 Cretensibus)
2670 2430 2750 2474 ex

350 2538 426 2583 eo
475 2514 644 2601 quod
687 2518 756 2579 in
803 2514 1027 2605 altera·
1050 2515 1211 2579 serie
1258 2513 1490 2579 adsunt
1530 2511 1863 2580 Cretenses
1885 2560 1902 2590 ,
1945 2510 2241 2592 Cressae,
2286 2511 2747 2599 Cresphontes,

352 2621 662 2710 Cyclops,
715 2658 802 2671 —-
851 2622 1069 2705 itaque
1131 2627 1395 2705 excepta
1443 2618 1685 2687 Cadmo
1734 2639 1953 2685 omnes
2001 2640 2161 2704 quae
2208 2640 2245 2685 a
2290 2618 2509 2686 littera
2558 2630 2607 2686 K
2655 2624 2751 2686 in-

347 2732 596 2815 cipiunt
629 2764 721 2812 ⁵-—
761 2727 1005 2793 efficere
1047 2725 1255 2793 voluit
1298 2725 1834 2792 Wilamowitzius
1875 2724 2105 2793 Cadmi
2146 2747 2380 2792 nomen
2404 2748 2528 2793 non
2549 2728 2749 2794 fuisse

347 2838 416 2901 in
476 2857 550 2902 eo
610 2834 826 2920 lapide
846 2882 864 2912 ,
929 2835 1044 2899 vix
1105 2834 1282 2899 enim
1345 2830 1701 2899 verisimile
1764 2834 1824 2897 ei
1885 2832 2147 2898 videtur
2192 2832 2536 2919 lapicidam
2582 2833 2747 2899 illud

209 3018 219 3027 ⁵
347 2962 585 3006 nomen
647 2962 853 3006 unum
915 2961 952 3005 a
1011 2942 1238 3005 ceteris
1285 2959 1400 3024 per
1443 2946 1494 3001 K
1542 2939 2000 3024 incipientibus
2049 2938 2391 3005 divulsisse
2439 2945 2631 3026 atque
2676 2944 2746 3007 in

350 3048 559 3132 priore
622 3046 921 3112 columna
978 3048 1288 3130 posuisse.
1353 3044 1675 3129 Equidem
1721 3047 1919 3110 nimis
1964 3048 2287 3112 incertum
2333 3046 2606 3112 dixerim
2654 3047 2746 3113 di-

347 3153 557 3218 vinari
617 3149 772 3236 quid
829 3148 1104 3235 lapicida
1161 3157 1275 3215 aut
1321 3149 1545 3214 fecerit
1589 3156 1705 3215 aut
1750 3153 2078 3216 vitaverit.
2126 3151 2364 3217 Malim
2420 3151 2743 3221 Welckero

350 3255 733 3343 adstipulari
791 3257 905 3340 qui
966 3256 1218 3319 cautius
1281 3250 1425 3333 (Gr.
1475 3253 1666 3339 Trag.
1719 3253 1783 3317 II
1831 3254 1990 3336 810)
2073 3256 2254 3335 „Auf
2292 3256 2440 3321 dem
2488 3256 2747 3323 Albani·

347 3364 539 3429 schen
615 3360 832 3427 Steine
907 3358 1072 3425 fehlt
1119 3358 1222 3425 die
1268 3356 1470 3424 Stelle
1518 3362 1719 3424 worin
1767 3359 2052 3425 Kadmos
2096 3383 2176 3426 zu
2224 3362 2461 3428 suchen
2511 3364 2745 3431 ware''.

351 3470 608 3555 Itaque,
673 3488 832 3532 num
889 3467 1086 3532 fuerit
1131 3467 1201 3530 in
1247 3485 1568 3531 marmore
1613 3464 1860 3531 Albano
1908 3488 2170 3551 prorsus
2215 3470 2608 3555 ignoramus.
2661 3506 2747 3521 --

349 3575 476 3641 Sed
536 3575 979 3661 fragmentum
1042 3571 1302 3637 affertur
1367 3591 1489 3648 „ex
1552 3568 1797 3639 Cadmo
1853 3572 2247 3658 Euripidis”.
2300 3610 2386 3623 —
2434 3574 2573 3641 Non
2622 3578 2748 3641 nisi

346 3705 384 3748 a
446 3680 689 3758 Probo,
754 3699 977 3746 versus
1040 3683 1259 3743 autem
1322 3680 1610 3764 corrupti
1672 3700 1799 3743 non
1864 3678 2053 3745 modo
2111 3679 2223 3746 sed
2266 3683 2551 3766 suspecti
2598 3704 2749 3749 non-

345 3786 567 3853 nullis.
634 3822 720 3835 —-
783 3786 984 3851 Mitto
1044 3805 1270 3851 versus
1324 3785 1496 3869 ipsos
1561 3784 1638 3850 de
1699 3783 1892 3852 Caelo
1956 3784 2261 3873 Chaoque
2309 3788 2745 3855 absconditam

346 3894 729 3979 sapientiam
768 3891 1234 3979 praedicantes,
1275 3911 1665 3976 quamquam
1708 3892 2069 3959 abiudicare
2107 3892 2406 3979 Euripidi
2444 3914 2550 3959 eos
2592 3896 2743 3980 quia

349 4000 742 4066 obscuriores
804 4001 934 4064 sint
994 4000 1106 4064 vix
1165 4000 1416 4063 critices
1478 3998 1815 4083 prudentis
1858 3998 2023 4065 mihi
2072 3998 2348 4066 videtur.
2401 3998 2640 4066 Verum
2686 4003 2743 4066 si

346 4105 593 4171 Probus
662 4126 771 4171 eos
839 4125 1062 4170 versus
1130 4125 1208 4169 ex
1277 4103 1608 4189 Euripidis
1674 4101 1915 4172 Cadmo
1979 4108 2346 4192 provenisse
2408 4107 2740 4192 perhibet,

341 4212 604 4277 fuerunt
663 4209 916 4277 saeculo
974 4212 1183 4297 primo
1231 4213 1344 4296 qui
1389 4209 1768 4296 Euripidem
1821 4208 2140 4277 Cadmum
2188 4214 2513 4297 scripsisse
2558 4220 2742 4298 puta-

338 4323 500 4384 rent.
548 4317 859 4383 Extitisse
905 4323 1121 4383 autem
1173 4315 1458 4383 fabulam
1503 4314 1823 4384 Cadmum
1865 4320 2317 4404 cognitamque
2358 4339 2499 4385 eam
2541 4319 2742 4385 fuisse

339 4427 626 4511 Augusti
673 4429 880 4490 aetate
925 4422 1272 4489 lectoribus
1317 4422 1644 4503 Romanis,
1686 4424 1754 4490 id
1793 4429 2113 4490 testantur
2154 4426 2475 4490 notissimi
2514 4445 2738 4492 versus

342 4530 602 4601 Horatii
649 4532 726 4601 A.
754 4531 828 4599 P.
883 4528 1010 4597 185
1071 4534 1173 4612 (ne
1223 4551 1445 4617 pueros
1509 4552 1703 4595 eoram
1756 4532 1987 4617 populo
2033 4532 2255 4598 Medea
2304 4531 2579 4614 meidet,
2628 4540 2739 4600 aut
