3392 5384
645 406 777 475 342
1699 422 1969 489 numus..

635 595 774 658 tine
820 593 1174 678 perfectum
1226 592 1341 657 tali
1389 592 1575 657 modo
1625 588 1970 675 usurpari?
2036 588 2243 654 lmmo
2291 588 2568 667 adsolet,
2617 592 2684 653 in
2733 588 3043 654 clausulis

641 720 802 785 quae
859 702 1179 785 incipiunt
1250 701 1328 765 ab
1378 706 1719 783 postquam,
1758 698 1885 781 ‚ubi
1934 696 2097 763 aliis.
2173 696 2371 761 Plane
2419 696 2641 761 eodem
2691 695 2883 761 modo
2935 696 3041 761 hic

641 808 911 883 recessit,
966 809 1170 892 ipsius
1223 808 1443 871 aoristi
1503 806 1738 882 forma,
1789 806 2012 869 aoristi
2058 802 2522 889 significatione
2570 805 2856 887 positum
2904 823 3040 867 esse

643 913 847 979 credo.
898 911 1076 980 Conf.
1127 916 1282 978 Aen.
1335 912 1432 977 XI
1478 934 1575 977 vs.
1636 910 1809 1002 1-54
1858 932 2006 975 cum
2053 911 2141 974 ib.
2197 931 2290 974 ve.
2346 907 2723 974 182-185.

734 1020 958 1104 Itaque
1021 1024 1208 1104 poeta
1253 1026 1468 1083 noster
1515 1023 1806 1103 tempora
1852 1016 2179 1081 intercidit
2225 1015 2445 1081 eodem
2494 1016 2623 1080 fere
2672 1015 2862 1080 modo
2911 1036 3039 1099 quo

643 1125 716 1190 fit
760 1128 826 1190 in
872 1128 1063 1191 initio
1111 1146 1321 1190 sacrae
1369 1127 1739 1209 scripturae.

736 1232 911 1298 Haec
950 1232 1027 1296 de
1067 1237 1408 1319 contextu,
1449 1252 1617 1296 nnnc
1657 1250 1859 1315 pauca
1900 1229 1975 1294 de
2015 1231 2206 1294 unius
2248 1249 2471 1294 versus
2504 1229 2736 1294 verbis.
2786 1228 3037 1293 Haereo

642 1341 710 1403 in
773 1359 962 1404 versu
1028 1336 1146 1415 90;
1213 1338 1369 1422 quid
1433 1339 1556 1402 sibi
1607 1335 1768 1402 velit
1816 1338 1923 1401 lucc
1972 1336 2169 1399 radiis
2216 1336 2343 1416 ieta,
2388 1337 2621 1400 1100010.
2672 1336 2816 1399 Lux
2864 1338 3040 1399 enim

644 1443 854 1508 radios
902 1446 1162 1507 mittere
1210 1442 1410 1521 solet,
1460 1444 1600 1528 ipsa
1646 1443 1841 1507 radiis
1890 1462 2014 1506 non
2062 1444 2277 1506 icitur.
2327 1440 2570 1505 Vahlen
2620 1440 3040 1526 explicatione

645 1552 822 1617 omni
882 1549 1273 1635 supersedit,
1339 1551 1450 1614 vix
1512 1555 1763 1626 tamen,
1826 1550 1881 1613 si
1946 1548 2103 1632 quid
2164 1547 2387 1623 videO,
2438 1547 2605 1633 quod
2653 1553 2786 1612 tam
2834 1546 3043 1612 facilis

645 1659 749 1721 sit.
810 1656 1032 1741 Neque
1096 1655 1329 1721 melius
1374 1654 1618 1740 placet,
1667 1654 1839 1739 quod
1886 1653 2061 1719 dedit
2114 1653 2461 1720 Wakefield
2505 1660 2641 1717 aeta
2674 1654 2865 1738 forae
2910 1654 3041 1718 lucc.

645 1761 815 1828 Satis
865 1765 1024 1827 mire
1075 1762 1325 1828 dicatur
1369 1761 1485 1825 lux
1533 1761 1729 1826 radiis
1777 1767 2065 1826 rotarum
2112 1762 2179 1825 in
2228 1782 2420 1825 curru
2460 1758 2653 1825 solari
2692 1759 2858 1824 foras
2898 1762 3042 1845 agi,

645 1890 849 1954 neque
911 1872 966 1933 si
1025 1872 1337 1955 iungatur
1383 1868 1641 1932 caazdida
1687 1868 1920 1947 radiis,
1971 1869 2316 1953 quicquam
2365 1866 2600 1931 melius
2649 1866 2884 1931 evadit.
2934 1866 3043 1931 Sic

647 1980 819 2041 enim
870 1974 1037 2040 illud
1089 1984 1258 2053 aeta,
1313 1997 1437 2040 non
1494 1975 1709 2039 addito
1768 1996 1892 2060 quo
1947 1983 2059 2041 aut
2107 1974 2275 2040 unde
2314 1981 2566 2060 agatur,
2614 1973 3038 2059 languidum,

647 2102 1190 2167 supervacaneum
1238 2081 1751 2147 additamentum
1798 2086 1912 2146 est.

735 2187 981 2253 Locum
1020 2190 1484 2274 quadamtenus
1533 2186 1816 2252 similem
1866 2187 2059 2255 Ovidi
2100 2189 2447 2265 ascribam,
2492 2187 2660 2253 unde
2698 2186 2766 2251 id
2806 2185 3037 2252 saltem

648 2295 897 2361 elucere
959 2303 1202 2382 potest,
1268 2316 1429 2380 quae
1491 2298 1711 2381 imago
1761 2299 1983 2380 poetae
2030 2297 2246 2360 animo
2296 2296 2619 2380 proposita
2664 2294 2880 2359 fuerit.
2942 2292 3043 2359 De

647 2400 778 2466 sole
827 2408 1046 2467 autem
1094 2402 1248 2467 haec
1298 2402 1488 2482 (Met.
1540 2398 1601 2465 II
1652 2400 1781 2465 122
1807 2408 2004 2486 sqq.):

1013 2510 1154 2573 Tum
1185 2516 1371 2591 pater
1419 2531 1522 2571 ora
1567 2508 1666 2571 eui
1710 2530 1878 2601 suero
1924 2508 2309 2573 medicamine
2360 2508 2495 2571 uati

1016 2616 1276 2699 Contiyit
1321 2622 1378 2679 et
1423 2614 1674 2697 rapidae
1708 2616 1878 2701 fecit
1910 2615 2224 2698 patientia
2255 2618 2540 2699 flammae

1009 2723 1415 2808 Imposuitque
1461 2744 1655 2785 eomae
1698 2722 1927 2788 radios.

536 2842 544 2850 '
646 2828 736 2894 Ut
783 2827 1055 2894 Ovidius
1102 2836 1295 2915 caput
1341 2829 1796 2906 Phaethontis,
1848 2831 1938 2893 sic
1987 2827 2136 2894 solis
2177 2827 2390 2893 lucem
2428 2827 2677 2893 Ennius
2714 2828 3038 2893 radiorum

646 2955 872 3000 corona
917 2937 1190 3000 cinctam
1241 2934 1446 2999 finxit.
1495 2934 1721 3019 Itaque
1772 2935 1933 3000 hanc
1979 2933 2322 3000 lectionem
2370 2955 2650 3020 propono

1010 3041 1176 3104 Eoein
1223 3040 1486 3105 eandida
1532 3062 1594 3104 ee
1639 3040 1836 3104 radiis
1881 3041 2051 3105 dedit
2098 3059 2267 3106 ΑΡΤΔ
2300 3041 2489 3125 forae
2534 3040 2659 3105 lux.

649 3144 829 3213 Conf.
878 3147 1042 3211 Ann.
1096 3145 1225 3211 339
1283 3148 1423 3212 Nox
1473 3194 1488 3213 .
1519 3195 1533 3212 .
1565 3195 1578 3213 .
1628 3147 1827 3211 stellis
1875 3148 2222 3213 ardentibus
2266 3154 2445 3230 apta,
2495 3146 2583 3211 ib.
2636 3145 2762 3211 341
2815 3144 3033 3210 vinclis

645 3252 920 3317 venabiea
969 3300 982 3318 .
1017 3300 1030 3318 .
1061 3301 1075 3318 .
1123 3248 1292 3335 apia.
1650 3265 1655 3270 “

737 3469 844 3535 Vs.
896 3469 981 3535 99

1007 3577 1137 3640 Nee
1170 3576 1289 3658 pol
1330 3576 1491 3639 homo
1538 3575 1848 3660 quisquam
1879 3573 2089 3659 faciet
2134 3572 2371 3656 impune
2416 3572 2714 3637 animatus

1007 3683 1142 3746 Hoc
1183 3681 1308 3745 uisi
1355 3689 1455 3745 tu.-
1502 3705 1638 3745 uam
1681 3681 1764 3744 mi
1810 3681 2009 3745 calido
2056 3682 2166 3744 das
2212 3680 2503 3761 sam-quine
2536 3702 2786 3762 poenas.
2850 3717 2867 3723 ·

735 3789 956 3854 Primo
1020 3793 1281 3873 aspectu
1342 3788 1499 3853 haec
1560 3786 1826 3852 Romuli
1888 3787 2081 3859 verba
2126 3788 2283 3852 satis
2329 3788 2495 3852 mira
2542 3786 2864 3852 videntur.
2927 3784 3032 3851 An

646 3896 802 3961 dicit
864 3916 1050 3973 eum,
1100 3915 1291 3979 quem
1339 3892 1712 3979 alloquitur,
1762 3896 1815 3957 si
1864 3892 2070 3958 calido
2116 3895 2427 3979 sanguine
2473 3914 2705 3978 poenas
2753 3893 3032 3972 dederit,

645 3986 974 4089 quidpiam
1036 4005 1301 4087 impune
1365 3998 1564 4066 ferre?
1625 4001 1851 4085 Itaque
1913 4001 2042 4065 fere
2106 4021 2324 4065 omnes
2372 4002 2579 4065 critici
2625 4001 2779 4066 haec
2817 4003 3035 4086 spuria

647 4110 1042 4186 habuerunt,
1107 4111 1304 4173 etiam
1367 4106 1612 4173 Vahlen
1672 4110 1741 4171 in
1797 4109 2007 4192 priore
2069 4106 2363 4171 edit-ione.
2425 4106 2612 4171 Nunc
2661 4128 2809 4173 vero
2857 4109 3031 4172 viam

644 4217 962 4281 invenisse
1027 4216 1151 4279 sibi
1210 4215 1488 4292 videtur,
1555 4235 1680 4298 qua
1740 4213 2034 4278 codicum
2082 4212 2422 4278 lectionem
2472 4217 2751 4278 tueatur.
2800 4212 3034 4279 Vocem

643 4322 881 4404 impune
943 4324 1118 4386 enim
1165 4343 1315 4386 cum
1362 4320 1663 4384 animatus
1733 4323 2069 4405 coniungit
2118 4325 2183 4383 et
2228 4319 2384 4384 haec
2431 4320 2559 4384 fere
2606 4319 2778 4385 idem
2828 4318 3036 4384 valere

647 4428 791 4493 vult
845 4429 1013 4514 quod
1078 4428 1327 4507 lieentia
1385 4428 1703 4509 praeditus
1751 4426 1891 4503 vel,
1942 4434 2017 4491 ut
2063 4447 2287 4512 graece
2337 4433 2619 4504 vertam,
2671 4426 3033 4497 ἀκολάστως

649 4532 826 4613 ἔχων.
892 4534 981 4600 Ut
1043 4536 1412 4620 opinionem
1475 4555 1660 4601 suam
1727 4525 1985 4599 tueatur
2048 4532 2292 4619 aliquos
2351 4532 2521 4599 locos
2585 4553 2661 4598 ex
2724 4530 3026 4600 Cicerone
