3392 5384
706 403 839 470 380
1471 398 1557 469 im
1604 422 1759 469 num
1768 420 1933 470 PmIs
1979 421 2295 469 lernoo.

1068 593 1350 671 τυχοῦσαι
1403 593 1607 667 καιροῦ
1657 588 1849 653 θεόθεν
1899 582 1966 653 εὖ
2014 586 2264 668 στοέχυν
2312 589 2522 671 φέρει,

1065 699 1308 778 χρηστὴ
1359 696 1408 761 δ’
1460 696 1804 776 οὶμαρτοῦσ’
1858 692 1932 759 ὦν
1980 696 2176 775 χρεὼν
2224 698 2418 772 αὐτὴν
2470 704 2689 779 τυχεῖν

1068 808 1254 869 κακὸν
1307 802 1504 867 δίδωσι
1555 802 1809 882 καρπόν,
1861 801 2160 882 ἅνθρωπος
2214 801 2266 866 δ’
2312 803 2409 869 ἀεὶ

1067 914 1094 974 ὁ
1142 910 1256 987 μὲν
1306 908 1550 989 πονηρὸς
1601 910 1769 973 οὐδὲν
1816 906 1977 973 ἄλλο
2025 911 2188 984 πλὴν
2237 909 2462 987 κακός,

1066 1016 1093 1081 ὅ
1142 1015 1193 1080 δ’
1244 1014 1452 1088 ἐσθλὸς
1505 1015 1933 1099 ἐσθλός-,οὐδὲ
1984 1020 2311 1095 συμφορᾶς
2363 1012 2476 1081 ὕπο

1064 1121 1252 1202 φύσιν
1302 1121 1584 1202 διέφθειρ’
1631 1122 1808 1186 ἄλλα
1855 1122 2131 1203 χρηστός
2181 1121 2306 1185 ἐστ’
2361 1120 2495 1200 οξείς

1066 1223 1161 1307 αἶρ’
1210 1230 1259 1293 οἱ
1309 1226 1586 1300 τεκόντες
1640 1226 2048 1308 διαφέρουσιν,
2100 1227 2134 1303 ἢ
2183 1227 2412 1308 τροφαί
2430 1249 2448 1308 ;

702 1336 1101 1401 Subobscure
1150 1334 1226 1400 de
1273 1356 1339 1400 re
1387 1335 1655 1400 obscura
1691 1333 2146 1421 philosophata
2187 1333 2455 1399 Hecuba
2493 1334 2612 1399 hoc
2651 1336 2779 1399 fere
2816 1335 3100 1400 indicat:

701 1442 989 1529 Improbi
1034 1443 1313 1506 hominis
1360 1462 1570 1507 mores
1616 1443 1728 1506 vix
1776 1443 2049 1527 corrigi,
2099 1440 2205 1506 sed
2246 1462 2393 1507 vere
2435 1440 2676 1507 nobiles
2711 1461 2793 1506 ne
2840 1440 3104 1507 calami-

702 1549 944 1613 tatibus
983 1547 1242 1633 quidem
1284 1548 1514 1634 frangi.
1567 1549 1956 1613 Praesertim
1997 1554 2218 1613 autem
2259 1547 2666 1614 attendamus
2704 1547 2785 1613 ad
2820 1548 2891 1613 id
2928 1548 3124 1634 quod·

698 1652 813 1719 illa
870 1657 938 1718 in
1001 1656 1309 1719 extremis
1356 1654 1567 1719 addit:
1632 1653 1845 1733 „Quid
1893 1651 2142 1719 dicam?
2184 1653 2493 1720 Interesse
2542 1675 2819 1740 quonam
2865 1676 3103 1741 genere

702 1762 845 1845 quis
908 1762 991 1825 sit
1054 1767 1276 1837 natus,
1327 1781 1405 1825 an
1453 1780 1732 1845 quanam
1779 1760 2150 1826 educatione
2197 1781 2352 1825 usus
2400 1763 2485 1826 sit
2502 1758 2569 1825 ?”
2625 1797 2710 1809 -—
2759 1759 2830 1826 Si
2878 1770 3101 1827 autem

699 1869 926 1953 regina
988 1869 1277 1931 omnium
1338 1867 1797 1952 superbissima
1857 1873 1921 1931 et
1978 1865 2110 1932 alta
2160 1865 2495 1932 nobilitate
2543 1866 2896 1933 elatissima
2943 1870 3101 1934 haec

706 1973 1080 2039 confitetur:

1065 2077 1197 2159 ἔχει
1248 2103 1326 2157 γε
1375 2080 1581 2156 μέντοι
1632 2079 1734 2144 καὶ
1785 2080 1853 2145 τὸ
1903 2080 2226 2161 θρεφθῆναι
2279 2086 2485 2152 καλῶς

1071 2185 1304 2263 δίδαξιν
1354 2186 1565 2251 ἐσθλοῦ

698 2293 859 2378 'quid
907 2299 1161 2379 poetam
1208 2295 1427 2378 ipsum
1473 2292 1788 2358 iudicasse
1835 2290 2129 2358 censeas?

785 2400 939 2471 Non
984 2399 1418 2479 inmutabilia,
1470 2402 1712 2485 opinor,
1762 2402 1821 2463 ei
1867 2400 2116 2464 homini
2162 2398 2410 2466 indoles
2457 2400 2734 2479 videtur,
2785 2400 2892 2465 sed
2935 2403 3095 2466 eius-

700 2505 878 2572 modi
950 2528 1109 2592 quae
1171 2509 1527 2593 corrigatur
1591 2505 1961 2571 educatione
2023 2504 2191 2591 (Iph.
2258 2508 2331 2571 A.
2391 2505 2570 2588 563),
2645 2513 3096 2594 corrumpatur

699 2612 961 2678 luxuria
1029 2613 1131 2694 (fr.
1189 2611 1361 2706 1187).
1425 2612 1647 2678 Virtus
1711 2611 1920 2677 doceri
1984 2618 2215 2698 potest.
2281 2612 2509 2679 Palam
2570 2615 2691 2679 hoc
2753 2612 3094 2699 profitetur

703 2718 1015 2784 Adrastus
1058 2721 1127 2783 in
1172 2718 1585 2804 Supplicibus
1631 2717 1819 2800 (912)

1068 2824 1137 2889 τὸ
1184 2826 1309 2904 γὰρ
1358 2832 1674 2904 τραφῆναι
1723 2825 1812 2901 μῆ
1863 2830 2067 2898 κακῶς
2118 2825 2262 2891 αἰδῶ
2311 2824 2519 2907 Φέρει,

1051 2930 1441 3013 αἰσχύνεται
1493 2931 1565 2995 δὲ·
1601 2929 1838 3009 τάγάθ’
1886 2932 2170 3005 ἀσκήσας
2219 2932 2363 3009 ἀνὴρ

1068 3038 1257 3110 κακὸς
1306 3038 1640 3112 κεκλῆσθαι
1687 3040 1817 3110 ποῖς
1867 3061 1984 3111 τις.
2038 3041 2071 3114 ἧ
2120 3039 2171 3103 δ’
2215 3038 2496 3118 εὐανδρία

1065 3143 1364 3224 διδακτὸν,
1413 3142 1581 3224 εἴπερ
1631 3144 1735 3209 καὶ
1785 3144 2020 3226 βρέφος
2071 3144 2429 3210 διδάσκεται

1064 3250 1274 3328 λέγειν
1326 3252 1565 3317 ἀκούειν
1610 3254 1660 3316 θ’
1710 3249 1786 3317 ὦν
1833 3250 2099 3330 μάθησιν
2146 3254 2254 3317 οὐκ
2303 3249 2474 3332 ἔχει·

1062 3354 1105 3422 ἃ
1153 3358 1205 3423 δ’
1255 3356 1331 3422 ἂν
1376 3357 1544 3440 μάθῃ
1592 3366 1783 3437 παῖς,
1834 3362 2044 3423 ταῦτα
2094 3355 2386 3439 σῴζεσθαι
2435 3356 2590 3423 θέλει

1065 3463 1208 3544 πρὸς
1255 3470 1489 3543 γῆρας·
1544 3462 1695 3530 οὕτω
1745 3463 1981 3537 παῖδας
2035 3461 2100 3531 εὖ
2150 3465 2540 3531 παιδεύσετε.

699 3568 823 3634 Vix
892 3572 1102 3654 potest
1168 3572 1379 3656 magis
1441 3559 1830 3650 σωκρατιιιῶς
1896 3571 1971 3638 de
2037 3573 2276 3638 virtute
2338 3571 2582 3637 disseri.
2645 3572 2776 3655 Nec
2837 3574 3088 3639 mireris

697 3678 906 3762 igitur
950 3674 1224 3742 eundem
1269 3675 1524 3762 poetam
1571 3681 1684 3763 qui
1730 3679 1886 3744 haec
1932 3680 2262 3763 scripserit
2305 3678 2640 3755 εὐβουλίαν
2685 3679 2978 3746 laudasse
3023 3686 3088 3746 et

698 3782 947 3860 robori,
1016 3781 1339 3861 fortunae,
1418 3783 1667 3849 divitiis
1738 3786 2195 3869 praeposuisse.
2269 3784 2366 3848 Ex
2425 3790 2642 3851 mente
2703 3791 2924 3873 poetae
2963 3788 3088 3865 ,sui

700 3889 1019 3974 professus
1066 3896 1161 3955 est
1206 3890 1540 3975 Amphion
1587 3890 1691 3971 (fr.
1745 3890 1902 3972 199)

1830 3996 1881 4061 εἰ
1929 3997 2056 4077 γαρ
2105 3994 2170 4064 εὖ
2219 4004 2456 4078 Φρονεῒν
2503 3997 2631 4081 ἔχω

1062 4108 1331 4181 κρεῖσσον
1379 4102 1503 4168 τόδ’
1552 4103 1679 4167 ἐστι
1709 4106 2020 4183 ’καρτεροῦ
2071 4102 2424 4185 βραχίονος.

696 4206 864 4273 Nam
925 4214 1326 4293 compertum
1392 4208 1666 4274 habebat
1727 4208 2067 4295 Euripides
2128 4213 2211 4290 τῷ
2276 4214 2548 4275 πονοῦντι
2615 4210 2715 4274 κα)
2766 4209 2892 4275 θεὸν
2939 4226 3084 4276 συλ-

698 4309 1056 4390 λαμβάνειν
1120 4314 1223 4394 (fr.
1274 4313 1405 4379 432
1449 4313 1528 4379 cl.
1580 4315 1655 4379 fr.
1710 4315 1888 4397 461),
1946 4316 2194 4394 γνώμην
2247 4321 2303 4381 τ’
2355 4316 2610 4396 οὶρίστην
2657 4315 2882 4394 μάντιν
2930 4314 3079 4382 εἶναι

695 4421 805 4495 τήν
847 4422 903 4483 τ’
950 4420 1284 4496 εὐβουλίαν
1324 4419 1503 4505 (Hel.
1547 4418 1703 4501 757)
1754 4427 1818 4486 et
1866 4422 2018 4487 haec
2067 4425 2556 4503 exercitatione,
2599 4445 2755 4503 usu,
2799 4428 3082 4509 tempore

689 4526 931 4609 acquiri
976 4525 1031 4607 (ὃ
1080 4527 1207 4608 γὰρ
1256 4527 1469 4609 χρόνος
1525 4527 1809 4606 δίδαγμα
1859 4529 2300 4595 ποικιλώτατον
2342 4530 2417 4595 fr.
2461 4528 2641 4612 291).
2690 4528 2931 4596 Idcirco
2972 4532 3078 4596 οὐκ
