3392 5384
1571 1005 2187 1104 PERSONA.
2278 931 2283 945 1

1750 1245 2000 1287 scmpsn·

1402 1424 1460 1491 J.
1512 1426 1686 1493 VAN
1739 1425 2350 1495 WAGENINGEN.

1694 1715 2069 1760 -οοωο-ο-

774 1958 1065 2023 Waldius
1136 1960 1199 2022 in
1268 1957 1516 2023 lexicon
1588 1958 2099 2045 etymologicum
2168 1960 2431 2048 linguae
2494 1960 2795 2041 Latinae,
2867 1984 3065 2050 nuper

688 2066 969 2144 editum,
1017 2087 1067 2129 S.
1093 2087 1157 2144 v.
1197 2087 1462 2147 persona
1506 2066 1748 2149 recepit
1798 2071 2127 2150 tamquam
2177 2073 2424 2131 certum
2472 2066 2717 2152 aliquid
2765 2075 2830 2134 et
2876 2071 3065 2134 stabi-

684 2170 878 2236 litum
923 2170 1387 2256 veriloquium,
1437 2170 1605 2254 quod
1646 2169 2072 2236 Stowasserus
2113 2174 2180 2236 in
2219 2171 2401 2236 stud.
2436 2171 2622 2238 Vind.
2661 2174 2790 2240 XII
2831 2197 2891 2260 p.
2938 2175 3061 2241 156

685 2280 1034 2363 proposuit.
1095 2277 1158 2341 Is
1217 2279 1391 2341 enim
1453 2276 1590 2341 loco
1650 2277 1861 2354 Festi,
1921 2298 2114 2361 quem
2157 2279 2324 2342 infra
2370 2278 2721 2343 describam
2769 2285 2835 2345 et
2878 2284 3066 2345 inter-

685 2382 996 2468 pretabor,
1084 2384 1285 2446 fretus
1345 2377 1771 2466 'participium
1827 2390 2188 2462 personatus
2256 2389 2321 2448 et
2388 2383 2781 2449 locutionem
2831 2387 3064 2471 fabula

670 2495 1001 2569 personata
1057 2490 1196 2571 ipso
1259 2488 1662 2552 substantivo
1698 2509 1963 2568 persona-
2009 2490 2368 2573 antiquiora
2413 2509 2549 2554 esse
2597 2493 2828 2554 statuit
2876 2496 3065 2575 atque

682 2615 906 2660 vocem
941 2601 1300 2676 personatus
1339 2614 1415 2657 ex
1453 2595 1919 2678 praepositione
1960 2593 2187 2659 Latina
2212 2617 2341 2676 per,
2370 2600 2435 2659 et
2475 2592 2715 2660 Graeco
2757 2595 3064 2661 vocabulo

684 2700 854 2782 ζώνη,
924 2701 1094 2785 quod
1152 2703 1351 2765 etiam
1397 2703 1464 2764 in
1511 2700 1764 2763 zanatim
1812 2706 1877 2765 et
1922 2701 2195 2763 senarius
2240 2708 2466 2778 exstet,
2518 2683 2856 2766 conflat-am
2902 2703 3063 2767 iudi—

681 2814 783 2872 cat
796 2829 812 2885 ;
880 2813 1288 2892 personatum
1336 2809 1542 2892 igitur
1589 2809 1846 2892 proprie
1893 2827 2044 2872 eum
2094 2828 2262 2885 esse,
2304 2810 2422 2892 qui
2470 2805 2849 2874 Germanice
2896 2808 3061 2875 dica-

681 2918 790 2976 tur
838 2911 1304 2994 ,‚verkleidet'',
1357 2911 1580 2976 deinde
1628 2933 1706 2976 ex
1753 2911 1871 2976 hac
1911 2913 2376 2998 significatione
2418 2911 2613 2978 aliam
2648 2932 2797 2978 esse·
2823 2920 3061 2992 ortam,

681 3039 807 3102 qua
851 3020 908 3081 is
955 3021 1066 3102 qui
1108 3017 1290 3083 larva
1335 3017 1600 3083 indutus
1647 3021 1768 3095 sit,
1815 3018 2206 3104 designetur.

771 3123 955 3188 Hanc
1014 3131 1232 3188 tamen
1294 3124 1758 3211 etymologiam
1805 3127 2064 3189 omnino
2112 3125 2377 3209 probare
2424 3146 2551 3189 non
2598 3117 2882 3209 possum.
2932 3126 3069 3189 Pri-

682 3251 866 3293 mum
936 3232 1108 3322 enim
1169 3251 1336 3316 nego
1387 3237 1752 3312 personatus
1802 3269 1883 3279 —
1934 3236 2010 3293 ut
2076 3235 2345 3314 taceam·
2385 3230 2461 3294 de
2523 3230 2718 3295 huius
2778 3231 3063 3295 hibridae

680 3339 964 3422 origine,
1020 3338 1075 3400 si
1123 3357 1198 3399 ex
1236 3359 1353 3418 per
1401 3341 1464 3401 et
1510 3335 1660 3416 ζώνη
1710 3340 1859 3400 nata
1907 3337 1993 3399 sit
2042 3372 2125 3383 —
2170 3335 2341 3400 idem
2392 3356 2574 3420 posse
2619 3335 2830 3401 valere
2876 3342 3063 3421 atque

681 3440 1137 3507 Germanicum
1190 3440 1356 3506 illud
1406 3440 1869 3519 „verkleidet'',
1919 3462 2068 3505 cum
2117 3444 2174 3506 is
2222 3445 2334 3527 qui
2380 3443 2652 3507 formam
2701 3463 2884 3506 suam
2931 3463 3063 3526 spe—

679 3550 968 3631 ciemque
1031 3546 1347 3611 occultare
1411 3547 1629 3611 studet
1691 3553 1755 3611 et
1803 3548 1947 3631 quis
1995 3549 2114 3624 sit,
2174 3547 2375 3612 celare
2437 3552 2725 3625 conatur,
2772 3549 2893 3612 hoc
2940 3569 3062 3612 non

677 3653 866 3717 faciat
927 3663 1002 3732 τῇ
1071 3651 1214 3732 ζώνῃ
1267 3655 1402 3717 sive
1451 3652 1712 3738 cingulo
1759 3654 2126 3738 peregrino,
2180 3653 2288 3717 sed
2334 3655 2471 3737 ipsa
2517 3657 2694 3718 veste
2733 3653 3059 3718 mutanda.

679 3754 946 3822 Accedit
992 3757 1160 3842 quod
1207 3760 1278 3822 in
1323 3761 1786 3843 praepositione
1821 3781 1940 3841 per
1992 3761 2084 3822 vis
2122 3758 2234 3822 illa
2274 3760 2653 3823 mutationis
2692 3780 2818 3823 non
2855 3761 3054 3836 inest,

679 3883 837 3948 quae
887 3866 939 3927 si
985 3863 1318 3929 indicanda
1362 3871 1492 3942 est,
1533 3871 1608 3928 ut
1645 3867 1715 3928 in
1754 3885 2040 3929 sermone
2082 3861 2323 3929 Graeco
2366 3867 2555 3940 μετά,
2596 3868 2688 3930 ita
2730 3867 2793 3928 in
2832 3865 3056 3929 Latino

677 3976 847 4031 trans
895 3970 1231 4034 adhibetur
1277 3971 1379 4049 (cf.
1430 3971 1872 4056 transformare
1912 3975 1973 4034 et
2011 3969 2571 4055 Francogallicum
2624 3969 3059 4048 „travestir'').

674 4073 897 4158 Itaque
941 4083 1312 4156 personatus,
1363 4078 1419 4140 si
1479 4096 1697 4160 reapse
1744 4078 2059 4160 originem
2109 4095 2294 4140 suam
2341 4096 2378 4139 a
2417 4075 2564 4156 ζώνη
2610 4075 2898 4153 duceret,
2939 4097 3059 4140 non

676 4182 815 4244 eius
862 4183 972 4265 qui
1023 4190 1270 4246 vestem
1322 4177 1660 4259 mutasset,
1712 4165 1947 4246 nomen
1996 4190 2193 4260 esset,
2244 4182 2351 4246 sed
2396 4181 2575 4247 illius
2624 4185 2737 4266 qui
2777 4183 2854 4247 ab
2892 4183 3063 4247 omni

675 4293 854 4370 parte
905 4284 1006 4350 vel
1053 4295 1341 4352 accurate
1388 4294 1638 4352 vestem
1686 4309 1843 4352 zona
1892 4269 2214 4353 cinxisset.

767 4391 987 4474 Neque
1046 4395 1337 4457 animum
1385 4395 1687 4460 inducere
1734 4415 1994 4479 possum
2028 4393 2318 4478 fabulam
2359 4401 2763 4478 personatam,
2810 4399 2887 4458 ut
2932 4393 3065 4467 Sto—

679 4516 986 4562 wasserus
1048 4497 1225 4574 vult,
1296 4520 1500 4584 genus
1573 4500 1894 4584 quoddam
1966 4501 2329 4566 comoediae
2394 4502 2621 4578 fuisse,
2686 4499 2857 4584 quod
2915 4519 3060 4564 cum
