3392 5384
1411 393 1662 443 numus.
2593 378 2726 444 349

341 569 586 628 turum.
638 559 733 625 De
777 560 984 625 Nonio
1032 564 1251 624 autem
1297 561 1387 624 sic
1433 561 1501 623 in
1549 559 1670 623 fine
1713 579 1860 645 pag.
1902 577 2151 624 Lxxxrx
2194 559 2320 636 „Et
2360 561 2429 625 hi
2470 561 2729 646 quidem

341 689 563 734 versus
625 688 842 732 omnes
903 667 982 730 ab
1045 687 1174 730 uno
1236 664 1442 730 Nonio
1510 667 1816 744 citantur,
1868 668 1980 750 qui
2022 665 2402 752 plerumque
2454 673 2731 752 (praeter

343 775 449 852 63,
493 775 561 854 8)
624 775 908 858 integros
971 793 1193 837 versus
1255 771 1466 848 affert,
1537 793 2001 856 nonnunquam
2066 775 2412 838 sententias
2474 773 2731 858 plenius

342 885 539 948 etiam
601 901 792 966 quam
854 900 1014 964 opus
1078 884 1213 943 erat
1274 878 1711 963 perscribens''
1764 899 1898 963 sqq.
1959 879 2470 946 Efficiundumne
2526 883 2733 967 igitur

342 989 524 1066 hinc,
577 1009 726 1052 cum
772 985 1018 1051 Nonius
1066 986 1288 1050 scribit
1338 1007 1399 1069 p.
1455 982 1608 1062 217,
1641 985 1721 1048 11
1786 985 2044 1070 „pulvis
2090 989 2342 1072 generis
2393 988 2734 1054 masculini

342 1100 419 1158 ut
467 1115 650 1180 saepe
665 1114 681 1172 ;
733 1087 1026 1158 feminini
1059 1079 1318 1156 'Ennius
1364 1092 1478 1156 lib.
1521 1090 1671 1156 VIII
1713 1092 2043 1157 annalium
2089 1096 2386 1179 „iamque
2428 1095 2557 1160 fere
2597 1095 2735 1181 pul-

343 1204 442 1268 vis
505 1201 585 1266 ad
647 1198 895 1266 caelum
949 1203 1133 1264 vasta
1179 1197 1541 1264 videtur'’''
1591 1197 1957 1263 Vahlenum
2007 1205 2232 1283 putare
2281 1201 2443 1266 hanc
2492 1209 2740 1266 senten-

342 1311 502 1372 tiam
566 1309 632 1371 in
695 1328 760 1371 se
809 1310 1079 1370 teretem
1125 1309 1316 1390 atque
1366 1305 1710 1370 rotundam
1759 1303 1936 1371 esse?
1984 1305 2106 1370 Vix
2155 1306 2473 1372 credibile.
2524 1308 2740 1394 Bergk

345 1420 514 1480 certe
561 1435 686 1478 non
733 1413 1035 1490 credidit,
1085 1433 1234 1476 nam
1282 1419 1522 1492 ueqetur
1569 1433 1682 1498 pro
1733 1413 1975 1476 videtur
2021 1416 2375 1499 proposuit.

437 1521 579 1608 Ego
625 1542 778 1586 vero
817 1521 885 1583 in
925 1519 1226 1584 adverbio
1249 1520 1402 1604 fere
1439 1519 1686 1584 haereo.
1739 1518 1906 1584 Nam
1947 1520 2114 1583 mihi
2157 1520 2415 1585 videtur
2455 1520 2740 1585 alienum

351 1650 487 1702 esse
547 1629 624 1693 ab
689 1632 822 1692 arte
885 1633 1074 1711 atque
1136 1627 1382 1690 ratione
1431 1625 1747 1690 scribendi
1798 1632 2139 1710 poetarum
2187 1625 2579 1704 latinorum,
2631 1629 2742 1712 qui

350 1737 706 1821 imaginem
753 1734 1154 1811 adhibentes,
1205 1755 1332 1798 non
1377 1734 1503 1818 ipsi
1549 1754 1690 1797 eam
1742 1734 2061 1819 corrigere
2107 1735 2464 1819 imaginem
2515 1733 2740 1798 solent.

352 1843 576 1927 Itaque
618 1862 788 1919 „vox
824 1841 880 1904 it
919 1839 998 1904 ad
1037 1837 1329 1918 coelum,
1365 1838 1607 1904 clamor
1645 1837 1903 1904 tollitur
1942 1840 2021 1904 ad
2062 1845 2263 1918 astra,
2306 1841 2557 1905 arbores
2592 1845 2745 1905 sunt

356 1947 739 2014 aetheriae’'.
788 1948 888 2011 An
935 1946 1041 2010 hic
1083 1944 1303 2030 pulvis
1336 1947 1487 2030 fere
1533 1946 1740 2010 fertur
1786 1946 1865 2010 ad
1912 1944 2211 2012 coelum?

444 2039 667 2139 Itaque
730 2055 1059 2138 utrimque
1119 2053 1473 2137 profectus,
1535 2053 1706 2136 quod
1749 2055 2064 2117 sententia
2110 2074 2236 2117 non
2284 2055 2369 2117 sit
2414 2053 2744 2131 absoluta,

357 2162 528 2247 quod
591 2161 908 2246 particula
955 2161 1105 2244 fere
1165 2159 1481 2237 abundet,
1545 2161 1613 2223 in
1677 2161 2108 2245 suspicionem
2169 2163 2432 2245 perveni
2493 2160 2615 2224 iam
2677 2163 2745 2224 in

355 2271 541 2333 initio
589 2289 812 2333 versus
861 2266 1172 2331 traditum
1220 2288 1348 2331 non
1387 2265 1578 2330 Ennii
1618 2266 1729 2330 sed
1767 2266 2015 2330 librarii
2052 2287 2223 2343 esse,
2268 2265 2583 2350 syllabam
2624 2284 2746 2330 IVM

358 2377 457 2440 bis
517 2376 836 2440 exarantis
895 2379 960 2438 et
1018 2376 1083 2437 in
1122 2371 1357 2438 litteris
1405 2396 1515 2458 que
1546 2374 1696 2457 fere
1742 2372 1939 2437 latere
1987 2396 2139 2458 quae
2168 2372 2349 2459 ferri
2397 2373 2743 2451 vocabula,

359 2488 435 2547 ut
481 2502 702 2546 versus
749 2483 834 2545 sit

729 2589 890 2668 Quae
921 2586 1096 2671 ferri
1127 2585 1341 2668 pulvis
1385 2588 1470 2649 ad
1513 2586 1735 2649 caelum
1785 2593 1957 2649 vasta
2003 2585 2261 2651 videtur.
2346 2626 2351 2630 ·

364 2693 482 2759 Vix
545 2694 748 2758 dicere
813 2714 972 2779 opus
1036 2696 1157 2757 erit
1201 2693 1436 2755 videtur
1481 2693 1653 2757 idem
1704 2692 1911 2758 valere
1960 2694 2127 2778 quod
2174 2693 2563 2775 conspicitur,
2616 2716 2741 2759 non

361 2800 529 2886 quod
574 2800 754 2864 δοκεῖ.

449 2906 657 2986 Quam
719 2926 904 2991 saepe
966 2911 1301 2971 mutentur
1360 2904 1613 2971 litterae
1663 2928 1693 2969 e
1741 2912 1805 2971 et
1850 2906 1875 2969 i
1920 2908 1987 2970 in
2033 2905 2228 2971 Nonii
2273 2906 2493 2986 libris,
2545 2929 2747 2993 nuper

357 3014 655 3098 exposuit
722 3011 825 3076 Fr.
889 3013 1077 3076 Marx
1141 3015 1209 3076 in
1270 3012 1547 3105 editione
1613 3033 1807 3098 quam
1870 3012 2205 3080 adornavit
2265 3014 2504 3080 Lucilii
2570 3014 2745 3080 Prol.

359 3140 508 3206 pag.
559 3137 732 3185 cxlv.

452 3330 557 3398 Vs.
609 3331 737 3398 401
782 3354 919 3418 sqq.

736 3440 1005 3526 Undique
1051 3439 1404 3504 conveniunt
1447 3439 1609 3503 velut
1653 3438 1815 3502 inter
1864 3439 1984 3503 tela
2032 3439 2271 3505 tribuno
2296 3467 2315 3503 .·

728 3548 1039 3630 Coufiyuut
1070 3569 1378 3629 parmam,
1429 3545 1617 3609 tinnit
1662 3546 1985 3610 hastilibus
2033 3549 2231 3626 umb0,

723 3656 942 3718 Acrato
987 3654 1185 3718 souitu
1223 3654 1456 3735 quleae,
1504 3655 1609 3716 sed
1652 3677 1759 3716 uec
1791 3661 1937 3736 pote
1974 3654 2282 3740 quisquam

736 3760 1004 3846 Undique
1050 3761 1294 3824 nitendo
1343 3781 1552 3841 corpus
1597 3759 1934 3842 discerpere
1967 3762 2172 3845 ferro.

447 3864 691 3931 Vahlen
760 3874 902 3952 post
967 3889 1189 3932 vocem
1259 3866 1570 3952 quisquam
1632 3888 1892 3931 versum
1967 3867 2277 3938 excidisse
2350 3870 2743 3953 suspicatur;

358 3971 607 4037 Miiller
652 3995 842 4058 quem
892 3972 1239 4059 Valmaggi
1287 3981 1577 4038 secutum
1630 3980 1727 4037 est
1774 3979 1919 4058 post
1959 3975 2171 4054 quleae
2208 3976 2632 4060 interpungit,
2674 3980 2747 4039 ut

355 4081 796 4144 nominativus
857 4081 961 4145 hic
1009 4081 1094 4144 sit
1140 4078 1406 4164 pluralis
1455 4085 1520 4144 et
1568 4080 2080 4145 subaudiendum
2132 4081 2403 4146 verbum
2452 4082 2743 4146 tinniunt.

356 4185 483 4252 Sed
525 4185 680 4252 licet
725 4189 978 4252 numeri
1025 4186 1294 4272 pluralis
1341 4187 1509 4270 apud
1557 4192 1774 4273 poetas
1823 4187 2143 4252 Romanos
2193 4209 2348 4252 usus
2396 4209 2525 4253 non
2570 4187 2744 4252 idem

355 4293 587 4372 fuerit,
658 4297 770 4379 qui
830 4296 898 4358 in
959 4299 1173 4359 nostra
1233 4292 1462 4378 lingua
1524 4299 1654 4371 est,
1722 4300 1935 4358 tamen
2000 4318 2125 4360 non
2186 4297 2401 4360 omnia
2465 4293 2566 4358 illi
2616 4294 2742 4358 sibi

259 4471 271 4478 ,
355 4422 647 4466 concessa
695 4401 1034 4466 duxerunt.
1083 4398 1276 4464 Velut
1324 4399 1574 4465 credere
1621 4399 1856 4479 nolim,
1907 4401 2021 4464 ubi
2063 4401 2138 4466 de
2178 4422 2304 4466 uno
2346 4400 2554 4465 milite
2598 4419 2746 4486 aga-

357 4514 484 4587 tur,
549 4529 712 4571 euses
772 4529 884 4593 pro
947 4529 1082 4570 enee
1129 4505 1348 4570 loricas
1394 4528 1506 4592 pro
1554 4506 1745 4569 lorica
1792 4509 2077 4591 potuisse
2126 4508 2289 4585 dici,
2338 4528 2542 4592 neque
2597 4528 2746 4577 vero
