3392 5384
685 395 774 462 90
1712 413 2039 461 mimos.

762 577 876 635 232,
899 578 929 625 5
983 576 1154 628 tertius
1197 574 1269 624 bis
1314 591 1404 625 scr.
1451 575 1502 624 in
1550 576 1590 624 F
1623 579 1673 624 st
1707 590 1771 626 m.
1806 591 1848 624 r.
1884 575 2255 640 dittographiam
2287 576 2491 626 induxit.
2559 580 2590 628 9
2623 579 2710 627 ille
2745 579 2802 627 11¹
2847 579 2945 628 me
2975 581 3066 629 1⁴¹¹.

687 661 749 713 17
784 658 1072 724 pulcerrime
1103 659 1190 718 φ’,
1226 659 1276 705 at
1310 650 1456 706 mssr.
1486 657 1677 722 scripsit
1711 657 1744 704 h
1776 672 1921 721 supra
1954 673 1992 707 c.
2044 658 2107 707 21
2142 658 2489 722 αόὶὶφιννη-ὂαθ
2519 660 2616 719 Ε”ς
2650 676 2770 724 quse
2796 661 2945 711 fuerit
2972 662 3070 726 pri·

681 741 835 791 maria
869 739 1107 803 scriptura
1141 737 1322 786 dinosci
1355 737 1534 801 nequit.

754 823 868 880 233,
890 823 915 869 1
973 820 1040 869 ad
1085 819 1188 880 Fe.
1259 819 1289 866 8
1348 818 1560 868 dissentis
1603 821 1668 880 φι
1722 821 1829 884 post
1872 819 1927 867 ds·
1971 820 2186 869 additum
2231 823 2303 870 cst
2346 837 2490 886 supra
2522 839 2555 871 n
2588 823 2809 888 (fortasse
2844 839 2873 872 a
2906 824 3068 889 prima

686 912 869 975 manu).
946 912 1008 959 13
1052 908 1427 971 utrimque-sexus
1472 914 1562 971 4³²,
1609 909 1817 958 correxit
1848 925 1911 959 m.
1949 926 1990 960 r.
2056 910 2118 958 21
2157 909 2284 974 affici
2315 916 2369 972 φ.
2439 911 2505 960 22
2532 911 2681 975 iim-es
2714 913 2777 960 Β*
2816 917 2899 977 (ut
2922 913 3064 978 vich).

686 994 751 1042 24
788 992 921 1056 arpis
954 997 1007 1053 φ.
1062 991 1126 1039 24
1159 988 1352 1040 simias
1390 990 1428 1038 F
1449 992 1631 1056 finctae
1663 996 1703 1052 φ
1739 992 1811 1056 (st
1844 991 1897 1040 in
1930 1006 2079 1055 marg.
2102 989 2328 1058 fineias).

787 1135 940 1213 234,
969 1135 1010 1200 2
1058 1135 1167 1200 sed
1205 1137 1327 1200 iste
1366 1137 1640 1219 corporis
1679 1137 1810 1198 mei
1847 1137 2020 1198 decor
2045 1135 2276 1217 pudori
2288 1135 2533 1219 peperit
2546 1137 2778 1216 ⁴qrcmde
2797 1139 3073 1204 dedecus.

690 1241 951 1306 insolita
1012 1260 1287 1324 namque
1350 1241 1625 1326 tergoris
1685 1241 1987 1304 uastitate
2048 1243 2354 1305 commoti
2412 1241 2667 1306 faenum
2732 1242 3073 1326 <fratre-s>

693 1367 958 1432 prorsus
1002 1348 1321 1410 intactum
1371 1345 1603 1410 cotidie
1647 1365 1903 1409 manere
1950 1351 2273 1411 cernentes
2318 1348 2452 1410 iam
2499 1351 2666 1411 totos
2708 1347 2788 1412 ad
2833 1368 2941 1412 me
2989 1347 3084 1411 di-

690 1455 916 1536 rigunt
962 1452 1225 1515 animos.
2228 1443 2234 1448 ⁴

781 1556 1072 1620 Priorem
1135 1555 1527 1620 sententiam
1591 1556 1896 1638 exscripsi
1956 1558 2030 1618 ut
2070 1553 2293 1620 lectori
2338 1576 2691 1640 oxymoron
2738 1560 2801 1620 et
2846 1553 3087 1620 allitte-

689 1662 1003 1726 rationem
1052 1666 1200 1724 ante
1249 1657 1468 1724 oculos
1516 1679 1837 1742 ponerem.

778 1764 853 1828 In
918 1764 1116 1829 altera
1183 1765 1508 1829 sententia
1571 1762 1808 1827 Rhodii
1855 1761 2373 1848 supplementum
2421 1764 2535 1828 mei
2577 1767 2893 1829 insertum
2940 1771 3089 1850 post

692 1871 954 1934 commoti
1026 1891 1154 1934 non
1234 1868 1500 1946 admisi,
1569 1888 1722 1932 nam
1782 1867 2200 1933 verisimilius
2262 1869 2423 1934 duco
2483 1873 2651 1934 inter
2696 1871 2957 1954 faenum
3018 1875 3089 1935 et

677 1997 933 2057 prorsus
974 1977 1308 2054 (=ffirsus
1334 1973 1440 2039 vel
1468 1973 1645 2054 ἀντί’)
1684 1972 1991 2037 excidisse
2015 1978 2163 2057 jffs
2188 1979 2291 2052 (=
2314 1973 2588 2053 fratres),
2628 1995 2824 2058 quam
2855 1995 3083 2039 vocem

691 2083 757 2144 in
807 2077 1021 2143 fabula
1065 2079 1170 2143 hic
1220 2084 1475 2142 narrata
1518 2079 1650 2142 iam
1699 2082 1796 2141 ter
1841 2080 2209 2144 invenimus
2255 2077 2435 2158 (232,
2465 2078 2502 2142 5
2551 2085 2616 2143 et
2655 2079 2763 2156 22,
2804 2077 2959 2156 233,
2988 2079 3081 2159 5).

785 2182 878 2247 Eo
925 2184 1142 2246 minus
1189 2183 1303 2244 mei
1350 2187 1455 2261 (=
1482 2181 1753 2260 domini)
1802 2184 1927 2247 huc
1976 2182 2284 2267 quadrare
2330 2182 2587 2248 videtur
2633 2182 2801 2268 quod
2849 2184 3084 2248 fratres

695 2287 797 2352 illi
841 2309 994 2352 mox
1040 2285 1446 2371 appellantur
1493 2288 1662 2351 servi
1708 2287 1813 2365 (cf.
1864 2308 1961 2351 vs.
1984 2287 2094 2350 =11
2146 2289 2468 2351 conseruis
2516 2286 2954 2352 demonstrant
2989 2290 3085 2352 in·

694 2392 949 2458 fandam
994 2393 1271 2456 iumenti
1317 2388 1544 2476 gulam
1590 2396 1655 2456 et
1704 2389 1858 2467 235,
1889 2390 1971 2455 15
2022 2391 2317 2457 dominus
2365 2394 2609 2457 uocatis
2657 2395 2858 2457 seruis
2906 2395 3073 2471 suis,

698 2496 1093 2580 emptoribus
1141 2499 1301 2560 meis
1348 2516 1400 2560 e.
1430 2518 1488 2581 q.
1516 2501 1615 2576 s.).

767 2647 882 2706 234,
901 2647 930 2694 6
983 2646 1130 2694 uelud
1170 2637 1210 2694 F
1253 2646 1385 2694 uelut
1425 2651 1480 2707 φ.
1547 2647 1578 2693 8
1622 2645 1882 2694 inei-entem
1915 2648 2003 2707 φῑ,
2047 2647 2098 2695 at
2141 2661 2205 2695 m.
2241 2661 2283 2695 r.
2318 2646 2511 2712 scripsit
2545 2647 2579 2695 Ιι
2606 2662 2749 2711 supra
2785 2647 3003 2712 priorem
3041 2663 3084 2698 e.

704 2744 765 2792 10
801 2743 1135 2806 dirumpuntur
1169 2743 1274 2791 ΕΦ.
1328 2743 1391 2790 14
1423 2744 1652 2806 pereuntis
1684 2747 1773 2804 φῑ,
1806 2746 1859 2792 st
1894 2760 1958 2793 m.
1995 2759 2035 2794 r.
2070 2744 2278 2793 correxit
2311 2760 2338 2793 c
2368 2743 2419 2793 in
2452 2759 2491 2794 e.

797 2884 950 2964 234,
980 2884 1062 2950 19
1111 2886 1400 2970 proxime
1446 2888 1792 2950 consistens
1842 2907 2052 2950 coram
2099 2887 2541 2952 arbitrabatur.

794 2991 921 3055 Hic
982 2991 1275 3054 arbitrari
1306 2988 1352 3068 ¹)
1411 2990 1584 3056 valet
1643 2991 1816 3055 idem
1882 2991 2050 3076 quod
2097 2990 2457 3057 auscultare
2504 2992 2874 3069 observare,
2925 2994 3093 3057 sicut

709 3095 815 3174 14,
846 3095 964 3175 16;
1017 3095 1123 3174 44,
1154 3096 1230 3175 53
1283 3095 1489 3175 62,2;
1542 3095 1646 3175 68,
1675 3095 1800 3174 28;
1847 3094 1951 3174 77,
2007 3097 2123 3175 11;
2178 3097 2330 3175 142,
2359 3096 2485 3174 25;
2542 3095 2824 3175 197,15.
2882 3097 3091 3163 Solito

705 3207 923 3266 autem
969 3222 1157 3266 sensu
1205 3208 1553 3287 usurpatur
1603 3199 1707 3281 ¹73,
1737 3201 1859 3280 203
1912 3201 2064 3279 148,
2092 3201 2212 3280 26;
2268 3202 2418 3280 149,
2448 3202 2487 3266 6
2534 3207 2653 3267 cet.

798 3351 952 3430 234,
980 3352 1066 3419 26
1133 3374 1320 3418 omne
1374 3374 1580 3439 genus
1647 3352 1938 3418 edulium
2001 3326 2352 3418 solidorum
2415 3358 2479 3417 et
2537 3351 2806 3417 inlibata
2850 3351 3096 3417 fercula

707 3459 900 3521 iussit
965 3457 1218 3543 adponi.
1280 3457 1702 3543 Oomparetur
1756 3457 1973 3522 Sidon.
2022 3457 2140 3542 Ep.
2190 3457 2307 3522 VII
2355 3456 2416 3534 5,
2444 3456 2485 3521 4
2533 3459 2747 3523 omnia
2793 3477 3093 3522 censurae

707 3565 860 3626 tuae
907 3561 1083 3626 salva
1125 3562 1395 3627 inlibata
1440 3563 1645 3628 solida
1691 3571 2047 3628 servantur.

778 3710 892 3767 234,
911 3709 973 3761 27
1009 3710 1201 3759 illibata
1227 3716 1281 3772 φ.
1333 3712 1396 3760 28
1429 3713 1610 3761 uellate
1643 3713 1747 3773 Ἐφ’
1788 3712 1960 3761 bellule
1993 3715 2059 3772 φι
2100 3712 2267 3774 (etiam
2300 3711 2352 3760 in
2386 3709 2579 3774 marg.).
2630 3710 2696 3758 29
2729 3709 2932 3759 exibitae
2966 3713 3053 3777 φῇ..

780 3791 894 3849 235,
916 3792 943 3840 1
997 3790 1158 3840 σ’ὂειίιΐ·
1202 3795 1290 3854 φ’,
1333 3795 1383 3841 at
1428 3808 1494 3842 m.
1556 3809 1593 3841 r.
1639 3793 1825 3842 addidit
1870 3793 1923 3842 ui
1968 3809 2113 3857 supra
2157 3793 2191 3842 i.
2264 3794 2293 3841 6
2317 3793 2541 3856 poculum
2580 3790 2713 3841 nobis
2746 3791 2836 3853 ψ’,
2870 3794 2921 3840 st
2953 3807 3019 3840 m.
3054 3805 3098 3840 r.

710 3873 898 3937 scripsit
933 3861 987 3939 33
1028 3873 1110 3938 (=
1150 3875 1361 3938 quoquc)
1395 3889 1538 3939 supra
1571 3891 1629 3924 m.

804 3999 957 4078 235,
990 3999 1027 4067 7
1076 4022 1254 4086 puer,
1301 4000 1556 4065 lautum
1605 4000 1949 4086 diligenter
1995 4021 2133 4065 ecce
2181 3998 2372 4065 illum
2410 4021 2678 4065 aureum
2717 3999 3098 4064 cantharum

714 4104 926 4170 mulso
974 4111 1379 4190 contempera
1426 4109 1489 4170 et
1535 4107 1713 4190 offers
1756 4106 2034 4200 parasito
2080 4126 2222 4170 meo
2270 4126 2323 4169 e.
2352 4125 2411 4189 q.
2443 4125 2491 4168 s.

802 4211 1110 4276 Vetustae
1155 4211 1306 4276 illae
1353 4212 1722 4296 imperativi
1766 4210 2004 4275 formae
2052 4210 2288 4290 (aufers
2336 4208 2541 4273 defers
2588 4207 2767 4272 offers
2811 4208 3099 4291 profers),

783 4495 839 4559 1)
876 4496 948 4545 Cf.
985 4496 1200 4545 Roensch
1235 4495 1361 4544 Itala
1398 4496 1492 4543 und
1528 4494 1753 4558 Vulgata,
1788 4509 1866 4558 pg.
1902 4493 2015 4543 384.
