3392 5384
1418 411 1732 466 nonnus.
2610 395 2746 464 305

355 579 708 646 formulam
765 580 918 663 plus.
988 587 1076 644 est
1144 581 1213 645 in
1283 580 1412 663 (4),
1486 581 1655 667 quod
1729 603 1880 647 cum
1950 581 2046 664 (3)
2118 585 2533 660 coniunctum
2604 585 2751 650 fuit.

359 688 628 754 Restant
689 686 884 753 schol.
931 687 1070 767 ·(2),
1121 689 1235 754 ubi
1286 689 1570 766 „baec”
1622 711 1750 754 non
1790 692 2237 772 meretricem,
2288 691 2395 758 sed
2445 691 2616 757 diem
2662 695 2759 756 in-

362 795 570 860 dicare
632 796 862 859 merito
910 793 1293 874 decernitur,
1343 802 1408 860 et
1453 795 1569 876 (5),
1621 817 1783 881 quae
1831 799 2015 861 iuxta
2063 797 2238 863 fuere
2284 799 2351 862 in
2390 791 2755 863 commento

362 902 720 987 quibusque
781 900 900 965 Ed.
963 921 1147 965 suam
1211 903 1640 967 coniecturam
1706 909 1770 968 et
1816 901 2288 972 conclusionem
2332 906 2757 991 interposuit,

363 1011 514 1093 quia
563 1007 718 1072 haec
766 1006 845 1072 ad
893 1009 1171 1093 priorem
1218 1007 1454 1074 Donati
1500 1011 1897 1076 notationem
1945 1013 2369 1096 pertinebant.

457 1219 544 1287 IV
594 1221 654 1287 3.
684 1221 724 1286 6
795 1219 1172 1308 Compluria

457 1328 554 1410 (l)
624 1327 1014 1394 Secundum'
1053 1327 1347 1416 regulam
1411 1328 1668 1395 locutus
1730 1334 1861 1408 est,
1924 1351 2077 1396 nam
2124 1332 2281 1397 hoc
2324 1331 2759 1419 complure

367 1438 434 1499 et
492 1434 692 1500 haec
756 1433 1248 1520 compluria.
1387 1435 1484 1517 (2)
1549 1434 1655 1501 Sic
1706 1441 1985 1516 veteres,
2037 1438 2203 1524 quod
2249 1441 2452 1504 nostri
2501 1439 2759 1525 dempta

364 1539 614 1627 syllaba
677 1540 1138 1633 complura·
1173 1541 1396 1606 dicunt
1411 1563 1428 1622 ;
1493 1544 1582 1606 sic
1643 1546 1709 1608 et
1755 1541 1913 1610 Cato
1960 1545 2306 1631 Originum
2356 1545 2409 1611 V
2460 1546 2647 1623 „fana
2692 1548 2760 1610 in

365 1668 441 1714 eo
488 1647 628 1714 loco
674 1645 1074 1734 compluria''
1125 1655 1190 1726 et
1236 1646 1456 1715 Cicero
1502 1651 1569 1712 in
1619 1649 1974 1736 Protagora
2024 1650 2480 1728 „confirmandi
2526 1673 2763 1739 genera

365 1753 784 1843 compluria’'.
838 1791 923 1804 —
975 1749 1176 1821 Credo
1224 1758 1375 1841 quia
1420 1761 1666 1821 veteres
1713 1756 1861 1822 hoc
1908 1756 2151 1843 plure
2197 1781 2325 1824 non
2372 1760 2522 1824 hoc
2569 1758 2762 1845 plus

368 1849 682 1927 dicebant.
2820 1938 2831 1947 ,

455 1967 720 2033 Formae
775 1966 1020 2053 plure
1067 1951 1131 2033 et
1178 1967 1649 2054 complure,
1702 1973 2019 2054 quantum
2065 1973 2372 2057 cognovi,
2414 1970 2569 2036 alibi
2612 1992 2761 2036 nus-

368 2096 564 2161 quam
611 2084 1218 2153 commemorantur,
1268 2081 1332 2140 et
1381 2075 1588 2140 denuo
1634 2075 2043 2161 impudenter
2084 2076 2268 2142 fictae
2306 2085 2459 2143 sunt
2498 2079 2576 2143 ab
2615 2079 2760 2157 IP.,

369 2188 560 2267 atque
620 2164 707 2245 is·
740 2187 870 2258 est,
935 2182 1047 2266 qui
1108 2180 1344 2246 Donati
1403 2181 1642 2246 scholio
1689 2181 1786 2263 (2)
1836 2182 2079 2247 suffixit
2125 2205 2319 2248 suum
2369 2182 2659 2261 „Credo”
2693 2185 2761 2266 ¹).

370 2287 555 2354 Alius
615 2289 930 2374 magister
990 2307 1067 2352 ex
1131 2286 1293 2352 Don.
1342 2287 1441 2368 (2)
1503 2309 1654 2352 cum
1704 2287 2139 2354 additamento
2184 2289 2471 2355 Editoris
2517 2293 2765 2355 concin-

374 2395 556 2460 navit
603 2392 800 2459 schol.
849 2393 966 2474 (1).

458 2499 620 2565 Ibid.
677 2499 764 2564 30
833 2499 1011 2564 Haec
1055 2499 1204 2564 hinc
1253 2499 1524 2565 facessat
2246 2563 2265 2581 ,

458 2607 554 2688 (1)
617 2606 742 2672 Pro
809 2605 1002 2684 „hinc
1065 2627 1160 2671 se·
1192 2605 1424 2672 faciat''
1488 2606 1552 2671 id
1604 2612 1702 2672 est
1749 2607 2025 2684 a‘beat,
2074 2613 2149 2672 ut
2200 2607 2368 2685 „huc
2417 2630 2483 2675 se
2530 2609 2762 2676 faciat''

367 2714 525 2779 huc
591 2712 933 2779 accedat
995 2713 1334 2800 significat.
1475 2712 1572 2795 (2)
1638 2713 2019 2791 „Facessat”
2089 2736 2202 2799 pro
2264 2715 2542 2795 cedat,
2610 2716 2767 2783 alias

374 2820 409 2885 f
416 2821 661 2886 aciat.
711 2821 874 2902 Ergo
921 2821 1075 2884 duas
1121 2843 1216 2884 res
1259 2819 1567 2904 significat
1615 2821 1943 2912 hoc-unum
1980 2807 2213 2885 verbum
2250 2822 2527 2904 (Wessn.
2570 2830 2673 2906 c.).

368 2926 466 3009 (3)
506 2927 607 2990 An
646 2926 797 2991 hinc
840 2926 1191 3004 „facessat”
1235 2925 1729 3012 proverbialiter
1768 2929 1951 3014 quasi
1988 2927 2182 2994 hinc
2220 2927 2454 2995 faciat?
2493 2929 2769 2996 Plautus

372 3037 761 3120 „argentum
826 3034 975 3097 hinc
1035 3033 1264 3098 facite''
1327 3035 1588 3122 (fragm.
1639 3056 1813 3121 susp.
1864 3034 1991 3100 XII
2040 3033 2169 3116 G.).
2314 3037 2409 3118 (4)
2460 3037 2671 3125 „Huc
2702 3043 2767 3104 te

371 3139 511 3206 fac'’
560 3139 797 3204 dicitur
842 3160 956 3224 pro
1006 3138 1175 3216 „huc
1223 3138 1510 3205 accede''.

463 3245 518 3310 E
581 3243 820 3311 scholio
866 3247 1147 3332 genuino
1194 3244 1289 3325 (l)
1337 3246 1462 3311 duo
1511 3248 1812 3334 magistri
1860 3247 2265 3314 confecerunt
2309 3251 2526 3334 potius
2575 3233 2768 3336 quam

373 3357 824 3441 excerpserunt
887 3351 1126 3418 scholia
1187 3351 1284 3434 (2)
1345 3359 1410 3418 et
1473 3352 1589 3434 (4),
1654 3360 1847 3438 atque
1896 3353 1987 3419 ad,
2022 3354 2118 3436 (2)
2166 3374 2339 3441 mag.
2391 3339 2767 3442 A,'opinor,

367 3466 470 3526 est
530 3461 642 3544 qui
703 3459 1012 3524 adnexuit
1057 3461 1314 3524 cursiva
1361 3458 1682 3525 Wessneri
1735 3453 1991 3546 „Ergo”
2042 3466 2191 3526 cett.
2256 3459 2432 3525 Haec
2478 3464 2687 3549 igitur
2734 3486 2768 3530 e

369 3559 772 3652 marginibus
816 3567 1089 3631 inseruit
1141 3562 1558 3652 Compilator.
1606 3565 1835 3631 Editor
1875 3565 2160 3632 Donateo
2202 3587 2421 3646 suam,
2460 3575 2536 3633 ut
2574 3569 2767 3650 solet,

368 3674 797 3738 coniecturam
858 3674 1116 3738 inanem
1171 3674 1509 3738 subiunxit
1557 3693 1670 3758 per
1716 3696 1816 3751 an,
1868 3671 2104 3738 addens
2152 3672 2525 3760 exemplum
2574 3676 2769 3744 Plau-

368 3781 618 3857 tinum,
668 3783 744 3844 ut
790 3780 915 3856 ait,
963 3779 1074 3845 sed
1121 3781 1391 3846 fortasse
1440 3780 1894 3859 subditicium,
1942 3780 2064 3845 hoc
2112 3786 2207 3846 est
2254 3783 2332 3846 ab
2379 3783 2517 3867 ipso
2556 3785 2770 3871 impu-

373 3885 594 3952 denter
643 3885 885 3952 fictum.

464 3991 559 4057 De
629 3992 908 4058 facere
979 3996 1043 4058 et
1112 3991 1394 4058 facere
1467 4013 1548 4057 se
1615 4013 1730 4078 pro
1802 3993 2226 4058 facessere
2288 3993 2434 4059 vide
2493 3993 2769 4062 Fried-

370 4097 869 4166 laenderum
931 4099 1010 4164 ad
1073 4120 1296 4164 cenam
1357 4096 1854 4165 Trimalchionis
1914 4121 1966 4164 c.
2022 4097 2105 4164 62
2158 4102 2406 4184 „coepit
2452 4100 2531 4167 ad
2578 4101 2771 4169 stelas

443 4314 496 4379 1)
533 4314 804 4363 Wessne
825 4329 940 4363 rus
973 4314 1031 4362 de
1067 4313 1206 4364 Aem.
1240 4313 1394 4378 Aspre
1429 4330 1475 4378 p.
1513 4315 1577 4363 38
1613 4314 1721 4363 adn.
1758 4313 1899 4363 verba
1940 4313 2107 4363 ‚credo
2142 4347 2155 4362 .
2178 4350 2221 4364 ..
2257 4311 2512 4363 dicebant’'
2546 4315 2772 4367 attribuit

365 4395 460 4456 illi,
506 4412 648 4462 qnem
692 4395 903 4461 appellat
943 4398 1394 4446 ‚commentatorem
1433 4394 1567 4460 Ego'’
1601 4395 2197 4461 (nEgokommentator”),
2235 4396 2316 4445 scd
2354 4395 2535 4445 scholia
2568 4413 2655 4462 per
2689 4415 2773 4464 eqo

369 4495 468 4530 non
517 4479 658 4529 unius
700 4482 814 4527 sunt
858 4477 1080 4528 auctoris.
1128 4478 1202 4535 Cf,
1246 4493 1390 4544 supra
1434 4495 1481 4544 p.
1519 4479 1637 4531 281.
1681 4479 1816 4530 Idem
1860 4476 2011 4528 schol.
2047 4479 2131 4544 (1)
2176 4479 2335 4528 minus
2381 4478 2507 4529 iuste
2554 4481 2771 4544 nominat

378 4562 485 4613 acin
517 4559 738 4612 trivialer
774 4563 960 4626 Auszug
993 4560 1077 4609 des
1109 4559 1356 4625 originale
1389 4561 1513 4610 ohne
1547 4560 1756 4612 Zitate''.

2410 4658 2474 4707 20
