3392 5384
1188 1019 1333 1113 AD
1394 1019 1744 1114 STATII
1806 1017 2578 1114 ACHILLEIDEM.

1758 1259 2008 1302 sompsn·

1563 1443 1635 1509 P.
1688 1441 1774 1507 Η.
1825 1429 2196 1507 DAMSTE.

1676 1731 2081 1769 W-

778 1955 969 2034 Statii
1032 1968 1420 2034 Achilleidos
1481 1968 1717 2047 editio,
1791 1991 1985 2055 quam
2046 1967 2132 2033 H.
2184 1967 2286 2033 W.
2349 1965 2599 2034 Garrod
2659 1988 2721 2032 V.
2771 1965 2830 2031 d.
2895 1987 3064 2032 anno

685 2078 978 2160 proximo
1039 2095 1188 2139 cum
1249 2071 1570 2140 Thebaide
1625 2096 1756 2140 uno
1819 2077 2223 2140 coniunctam
2267 2067 2602 2138 ‘volumine
2648 2075 2718 2135 in
2763 2077 3069 2158 typogra-

684 2181 847 2266 pheo
916 2179 1413 2246 Olarendoniano
1482 2180 1854 2266 evulgavit,
1926 2202 2074 2246 cum
2144 2185 2405 2266 propter
2464 2178 2689 2243 edendi
2748 2181 3064 2243 rationem

682 2285 1143 2352 consideratam
1182 2288 1838 2372 circumspectamque
1877 2308 2002 2372 qua
2039 2305 2354 2370 nusquam
2379 2285 2505 2350 no'n
2527 2287 2632 2349 vir
2655 2283 3064 2349 doctissimus

682 2413 839 2457 usus
898 2397 1032 2467 est,
1093 2391 1531 2457 Bibliothecae
1592 2392 1940 2458 Oxoniensi
1999 2392 2208 2457 decori
2266 2395 2364 2456 est
2424 2395 2616 2475 atque
2661 2395 3030 2456 ornamento
3044 2437 3062 2468 ,

683 2502 825 2561 tum
885 2517 1053 2562 nova
1113 2497 1343 2562 codicis
1411 2497 1748 2563 Etonensis
1793 2497 2144 2586 :collatione
2189 2517 2388 2583 eaque
2435 2499 2824 2562 accuratiore
2870 2516 3062 2581 quam

681 2609 865 2668 antea
936 2603 1178 2667 factum
1250 2607 1385 2668 erat
1453 2605 1754 2668 instituta
1825 2603 2208 2689 dignissima
2278 2602 2540 2668 videtur
2607 2622 2770 2686 quae
2838 2603 3064 2666 ceteris

681 2708 978 2772 omnibus
1017 2711 1148 2772 iam
1187 2710 1599 2792 praeferatur.
1648 2707 1955 2774 Ceterum
2001 2712 2070 2773 in
2108 2709 2338 2773 Museo
2376 2712 2591 2775 nostro
2629 2728 2832 2792 nuper
2858 2709 3065 2792 operis

681 2819 913 2877 merita
980 2812 1211 2877 debitis
1277 2813 1576 2879 laudibus
1638 2835 1744 2879 me
1806 2813 2114 2878 extulisse
2173 2815 2417 2899 opinor,
2479 2833 2649 2878 nunc
2709 2833 2862 2877 vero
2924 2811 3064 2876 loca

681 2917 939 3003 singula
977 2919 1298 2982 recensere
1334 2918 1545 3008 lubet,
1589 2921 1821 3005 quibus
1862 2921 2097 3004 partim
2142 2918 2405 2993 editoris
2443 2921 2869 2997 coniecturas,
2904 2938 3064 3002 quas

681 3029 866 3088 caute
928 3022 1398 3108 prudenterque
1460 3026 1527 3088 in
1589 3030 1900 3109 apparatu
1966 3027 2186 3089 critico
2247 3021 2523 3110 protulit
2584 3060 2670 3073 —
2731 3025 2799 3087 in
2843 3025 3062 3108 ipsum

679 3133 934 3194 textum
996 3132 1234 3215 recepit
1294 3132 1653 3209 rarissime,
1702 3129 1859 3207 locis
1906 3129 2230 3196 similibus
2276 3131 2804 3215 argumentisque
2852 3127 3064 3194 allatis

678 3237 817 3300 sive
863 3233 1231 3300 confirmare
1278 3256 1389 3300 seu
1438 3236 1717 3320 refutare
1765 3237 2057 3313 conabor,
2105 3237 2346 3320 partim
2395 3234 2471 3298 de
2520 3254 2663 3300 meo
2709 3255 2912 3319 pauca
2951 3233 3066 3298 'ad-

679 3339 1103 3425 dere'quibus
1150 3343 1258 3406 via
1304 3340 1382 3405 ad
1426 3347 1649 3426 poetae
1694 3362 1963 3406 manum
2010 3338 2473 3406 restituendam
2520 3339 2787 3405 fortasse
2831 3341 3067 3424 aperiri

676 3448 899 3531 possit.

762 3549 975 3615 Semel
1018 3550 1211 3615 modo
1257 3548 1566 3616 editorem
1611 3550 1953 3617 lectionem
2000 3553 2259 3616 omnino
2310 3536 2797 3635 improbandam
2835 3553 3061 3634 poetae
3179 3591 3186 3598 -

677 3656 1021 3721 obtrusisse
1068 3657 1373 3720 arbitror:
1423 3677 1518 3721 vs.
1571 3657 1703 3722 516
1755 3657 1929 3736 dico,
1979 3658 2094 3722 ubi
2139 3677 2253 3742 pro
2303 3657 2496 3722 verbo
2545 3663 2837 3741 torquens,
2887 3655 3060 3740 quod

673 3761 919 3825 codices
965 3782 1117 3825 mss.
1159 3762 1461 3845 praebent
1502 3762 1580 3826 ad
1620 3784 1824 3826 unum
1867 3784 2086 3827 omnes
2123 3783 2328 3847 neque
2364 3764 2703 3847 quisquam
2746 3782 3058 3848 umquam

672 3866 1042 3931 vexandum
1113 3870 1404 3952 putavit,
1486 3869 1715 3934 invitis
1782 3868 1993 3932 Musis
2064 3870 2284 3952 posuit
2351 3875 2588 3948 torpens
2653 3866 3057 3952 addiditque,

674 3969 1089 4038 Calchantem
1136 3992 1286 4058 prae
1332 3975 1483 4059 igne
1533 3995 1793 4038 sensum
1841 3972 2174 4060 oculorum
2223 3975 2546 4051 amisisse,
2595 3973 2707 4038 sed
2744 3973 3062 4057 quomodo

672 4081 804 4142 iam
855 4076 1241 4142 vocabulum
1289 4079 1581 4159 sanquine
1626 4069 2078 4164 explicandum
2126 4079 2248 4143 sibi
2293 4078 2591 4144 videatur
2629 4099 2755 4144 nou
2796 4078 3063 4143 addidit.

674 4184 760 4246 At
822 4183 1014 4247 verba
1075 4186 1247 4268 ‘igne
1307 4204 1502 4269 genas
1548 4190 1613 4248 et
1662 4185 1974 4268 sang-'uiue
2021 4185 2344 4267 torquens*
2392 4183 2750 4269 significare
2797 4202 3061 4248 moneo:

672 4293 975 4370 torquens
1026 4286 1245 4352 oculos
1290 4291 1442 4374 igne
1489 4291 1801 4353 micantes
1849 4294 1914 4354 et
1960 4282 2270 4374 ⁸sanguine
2318 4287 2619 4366 suffusos;
2670 4308 2872 4372 neque
2913 4308 3060 4352 ocu-

670 4390 767 4454 los
816 4390 1036 4469 modo,
1084 4392 1191 4456 sed
1243 4395 1439 4457 etiam
1487 4400 1727 4458 ceteras
1775 4395 2052 4479 corporis
2090 4400 2303 4479 partes
2343 4390 2608 4459 Calchas
2646 4395 2866 4470 torsit,
2908 4413 3060 4457 nam

671 4493 954 4579 legimus
1000 4519 1091 4563 vs.
1146 4497 1313 4561 522:
