3392 5384
649 413 782 481 244
1689 428 2002 486 nonnus.

645 615 852 680 neque
911 594 1241 660 commode
1305 616 1510 680 neque
1572 595 1856 671 εὐφώνως
1906 595 2294 680 loqueretur,
2353 629 2434 642 —-
2484 591 2809 677 praevalet
2855 595 3029 655 enim

645 700 1078 768 masculinum
1116 721 1346 786 genus.

736 807 991 872 Fabia
1060 827 1257 892 paene
1320 806 1622 872 odoratus
1685 807 1943 872 videtur
2007 806 2160 892 quid
2221 807 2492 892 genuini
2555 810 2722 870 esset
2782 807 2849 870 in
2912 805 3036 870 hoc

644 913 882 979 scholio
928 933 1077 978 cum
1123 915 1350 978 citaret
1396 919 1653 978 tantum
1709 912 1948 992 ‚‚Don.:
1998 912 2256 997 Alium,
2306 934 2435 977 non
2482 911 2861 977 Thaidem''.
2949 910 3038 974 Et

642 1042 866 1087 revera
925 1019 1260 1085 recidenda
1323 1026 1474 1085 sunt
1536 1023 1753 1086 omnia
1799 1026 2049 1105 praeter
2095 1020 2284 1086 haec:
2337 1019 2641 1097 „Alium,
2691 1019 2755 1082 h.
2806 1039 2860 1084 e.
2909 1039 3036 1083 non

644 1148 836 1213 quem
884 1132 1106 1212 putas,
1152 1127 1214 1190 h.
1257 1147 1309 1192 e.
1352 1126 1696 1204 Thaidem3
1741 1126 2066 1212 praevalet
2103 1129 2273 1191 enim
2314 1148 2401 1191 m.
2442 1126 2711 1212 genus”.
2763 1123 3036 1209 Reliqua

643 1232 869 1298 Editor
929 1232 1194 1310 intulit,
1259 1234 1444 1298 cuius
1507 1255 1615 1299 vv.
1684 1254 1932 1319 „neque
1981 1233 2313 1299 commode
2358 1253 2563 1318 neque
2613 1228 2893 1311 εὐφώνως
2940 1230 3033 1295 1.”

641 1341 967 1425 imprimis
1015 1338 1186 1404 falsa·
1221 1345 1392 1405 sunt.

733 1445 895 1512 Ibid.
940 1443 1025 1511 37
1095 1446 1288 1512 Prius
1334 1445 1552 1512 audite
1600 1449 1849 1532 paucis,
1899 1445 2066 1530 quod
2114 1467 2263 1511 cum
2313 1444 2533 1510 dixero
2582 1446 2639 1510 si
2683 1442 3035 1528 placuerit,

1097 1551 1384 1618 Facitote

731 1659 826 1740 (l)
888 1659 1061 1724 Mira
1119 1661 1551 1726 insinuatione
1613 1662 1789 1746 agit,
1852 1661 1964 1744 qui
2026 1680 2149 1723 non
2202 1663 2279 1723 ut
2318 1659 2755 1736 consentiant,
2806 1655 2913 1721 sed
2962 1660 3041 1720 ut

642 1761 906 1831 audiant
965 1769 1220 1851 paucis,
1291 1769 1476 1851 petit.
1661 1766 1761 1846 (2)
1827 1767 1998 1831 Bene
2067 1765 2329 1851 „prius”
2397 1766 2580 1848 quasi
2643 1785 2764 1829 non
2828 1764 3040 1828 obstet

641 1875 984 1958 quominus
1046 1873 1284 1938 faciant
1345 1872 1515 1958 quod
1581 1872 1820 1954 velint3
1888 1879 2028 1938 tum
2096 1871 2321 1937 deinde
2383 1870 2551 1956 quod
2613 1872 3039 1935 attentionem

641 1982 878 2044 excitat
926 1978 1172 2044 addidit
1222 1981 1504 2065 „paucis,
1555 1979 1783 2045 deinde
1825 1982 1923 2058 „si
1962 1977 2351 2066 placuerit’':
2395 1977 2648 2043 facilius
2689 1979 2860 2042 enim
2899 1976 3044 2041 flec-

645 2089 825 2163 titur,
896 2107 1045 2150 cum
1117 2106 1242 2170 quo
1310 2107 1434 2151 non
1506 2093 1878 2173 pugnamus
1951 2093 2026 2150 ut
2096 2085 2469 2151 consentiat.
2656 2083 2752 2164 (3)
2801 2083 3039 2161 „Prius

644 2191 902 2257 audite”
989 2190 1156 2277 quod
1242 2191 1517 2270 (dicit),
1603 2192 1906 2257 fiduciam
1991 2196 2269 2258 ostentat
2343 2191 2808 2275 persuasoriam
2896 2211 3039 2255 rem

647 2298 902 2364 dicturi.

734 2405 1067 2471 Scholium
1127 2404 1223 2486 (3)
1285 2407 1506 2490 paucis
1569 2404 2019 2492 complectitur
2075 2403 2241 2488 quod
2291 2402 2591 2488 explicite
2638 2401 3036 2467 declaratum

644 2518 740 2579 est
798 2515 868 2577 iu
931 2513 1028 2594 (1)
1089 2518 1152 2577 et
1214 2512 1332 2593 (2).
1428 2512 1600 2577 Illud
1669 2512 1954 2589 Editori,
2018 2511 2173 2576 haec
2235 2509 2485 2575 Donato
2551 2509 2853 2595 adsigno,
2903 2511 3034 2573 nisi

645 2619 811 2705 quod
879 2619 983 2684 hic
1043 2639 1165 2683 non
1228 2617 1406 2683 dedit
1468 2623 1652 2696 „tum
1716 2617 1985 2683 deinde”
2050 2616 2158 2683 sed
2226 2615 2477 2694 „tum'’,
2529 2617 2834 2700 quoniam
2882 2637 3035 2681 mox

643 2727 934 2811 sequitur
984 2723 1319 2801 „deinde'’.
1370 2723 1675 2790 For-mula
1724 2728 1893 2788 tum
1942 2721 2241 2788 deinde
2287 2727 2473 2808 grata
2521 2721 2647 2786 fuit
2687 2720 3038 2805 Interpola-

643 2833 802 2907 tori,
853 2837 929 2894 ut
976 2850 1170 2915 supra
1219 2830 1527 2896 vidimus.

732 2935 893 3000 Ibid.
938 2934 1026 2999 40
1088 2935 1199 3000 Me
1224 2936 1418 3000 huius
1444 2935 1750 3021 quicquid
1777 2936 1938 3001 facio
1961 2934 2028 2999 id
2054 2935 2256 3001 facere
2281 2937 2562 2999 maxime
2588 2954 2776 2998 causa
2799 2953 2943 2998 mea

732 3040 1086 3106 Verborum
1139 3046 1461 3107 structura
1505 3045 1572 3106 in
1620 3043 1834 3108 medio
1883 3047 1980 3107 est
2026 3043 2268 3127 posita,
2318 3061 2432 3106 nec
2471 3039 2795 3106 Donatum
2838 3040 3037 3105 fuisse

644 3146 863 3225 crede,
928 3150 1038 3232 qui
1101 3151 1389 3234 scripsit:
1463 3149 1559 3229 (1)
1624 3147 1820 3214 Deest
1887 3147 2063 3225 „rei”
2129 3154 2243 3213 aut
2312 3145 2517 3225 „est'’,
2580 3153 2654 3211 ut
2718 3149 2835 3211 sit:
2887 3167 3037 3224 „me

644 3252 838 3318 huius
888 3254 1192 3339 quicquid
1240 3259 1337 3320 est
1377 3254 1541 3340 quod
1588 3255 1790 3332 faci0,
1838 3254 1906 3319 id
1952 3255 1997 3318 f.
2047 3275 2099 3319 c.
2150 3254 2308 3319 m.’'.

733 3359 898 3424 Ibid.
949 3359 1035 3424 42
1106 3359 1398 3425 Militem
1445 3382 1565 3447 ego
1612 3359 1887 3424 rivalem
1934 3359 2370 3445 recipiendum
2419 3380 2642 3424 censeo

737 3464 831 3545 (4)
901 3464 1248 3532 Considera
1310 3487 1434 3552 quo
1499 3467 1688 3532 vultu
1752 3467 1873 3531 hoc
1936 3465 2277 3531 dicendum
2342 3468 2427 3530 sit
2474 3472 2539 3530 et
2585 3464 2921 3551 intelleges
2972 3470 3039 3529 et

648 3571 1013 3649 „militem”
1066 3578 1131 3637 et
1182 3573 1537 3649 „rivalem”
1589 3581 1653 3638 et
1696 3572 2221 3658 „recipiendum”
2266 3579 2331 3638 et
2372 3572 2576 3659 „ego”
2621 3578 2686 3636 et
2720 3570 3035 3666 „censeo”

643 3685 881 3764 quanta
951 3678 1347 3764 significent;
1421 3701 1549 3745 non
1620 3681 1795 3746 enim
1865 3679 2029 3743 dixit
2089 3679 2483 3744 Thrasonem
2546 3678 2653 3743 sed
2716 3677 3033 3754 militem,

643 3784 812 3869 quod
859 3783 937 3848 ad
986 3783 1334 3849 stultitiam
1384 3785 1558 3851 valet
1606 3806 1873 3864 nomen;
1923 3807 2038 3851 nec
2080 3787 2325 3851 socium
2366 3785 2475 3850 sed
2515 3783 2820 3861 rivalem,
2863 3783 3033 3868 quod

640 3889 950 3962 ostendit,
1017 3890 1266 3975 quando
1332 3892 1589 3977 quidem
1654 3892 1879 3958 rivalis
1941 3895 2009 3956 in
2055 3895 2387 3957 meretrice
2434 3891 2815 3976 capiendus,
2863 3891 3035 3955 hunc

640 3999 856 4082 potius
905 3995 1275 4083 eligendum
1299 4020 1313 4076 ;
1364 4021 1478 4064 nec
1527 4022 1651 4065 non
1694 3999 2165 4064 excludendum
2210 3998 2319 4064 sed
2358 3998 2790 4083 recipiendum
2832 3996 3034 4074 dixit,

641 4108 718 4167 ut
765 4109 830 4168 et
877 4104 1238 4188 ostenderet
1275 4106 1432 4171 adeo
1473 4106 1803 4191 prodesse,
1845 4112 1923 4171 ut
1960 4109 2156 4171 etiam
2201 4104 2276 4170 de
2314 4105 2634 4169 industria
2670 4103 3041 4169 retinendus

602 4211 761 4286 ,sit3
815 4215 879 4273 et
927 4232 1051 4275 non
1100 4208 1245 4277 volo
1295 4217 1410 4276 aut
1457 4232 1610 4298 rego
1660 4212 1770 4278 sed
1818 4233 2077 4290 censeo,
2128 4217 2205 4276 ut
2251 4210 2654 4276 consiliarius
2693 4234 2817 4277 non
2856 4231 3039 4297 para-

642 4317 805 4380 situs
854 4316 1149 4382 videatur
1194 4316 1391 4402 loqui.

732 4421 900 4486 Nam
963 4423 1132 4508 quod
1197 4425 1398 4511 „ego”
1464 4424 1712 4488 addidit
1776 4445 1979 4501 nunc,
2042 4446 2115 4490 eo
2165 4426 2334 4490 dicto
2384 4445 2537 4488 usus
2585 4430 2717 4502 est,
2766 4444 2889 4509 quo
2935 4425 3039 4488 uti

643 4526 853 4592 solent
914 4531 1025 4612 qui
1087 4528 1234 4614 plus
1298 4533 1362 4593 in
1429 4532 1692 4617 negotio
1740 4531 1998 4609 vident,
2049 4537 2150 4611 (ut
2195 4535 2262 4596 in
2309 4531 2431 4595 hoc
2477 4533 2613 4615 ipso
2660 4531 3038 4615 pronomine
