3392 5384
1138 408 1224 454 nn
1271 407 1587 455 nurumms
1635 405 1959 454 rmrruoo.
2602 385 2734 452 385

347 575 493 639 dem
555 595 678 639 non
737 573 1120 658 refragabor.
1169 571 1294 636 Sed
1341 594 1467 637 non
1513 570 1723 636 isdem
1770 571 1981 636 verbis
2030 569 2195 634 alius
2245 569 2401 635 haec
2449 567 2737 633 dixisset.

349 681 549 746 Dicen
618 681 729 766 qui
799 675 1036 744 Chroni
1106 682 1408 758 (παλαιοῦ
1473 677 1749 754 πατρὸς)’
1802 675 2005 741 filiam
2070 677 2225 740 dicit
2289 696 2482 761 quam
2545 673 2743 739 simul

350 807 536 870 saepe
596 785 747 850 Iove
811 783 1054 848 dixerat
1115 789 1369 860 natam,
1434 781 1545 848 ille
1611 781 1868 848 Chrono
1915 784 2172 849 nomine
2219 783 2433 868 ipsum
2481 781 2740 846 Patrem

350 897 535 960 ornat
599 892 998 957 Aetherium.
1081 890 1223 956 Hoc
1291 895 1509 954 autem
1580 889 1755 954 idem
1822 895 2274 968 Φυσιολογικῶς
2339 888 2741 975 significatur

351 1000 587 1064 nostris
646 998 1058 1084 fragmentis,
1108 1018 1257 1062 cum
1305 995 1833 1082 philosophorum
1881 997 2175 1061 terminis
2223 994 2570 1060 delectatus
2618 995 2743 1060 Eu-

355 1104 592 1190 ripides
662 1123 997 1168 summum
1061 1108 1518 1188 aeternumque
1581 1101 1775 1166 deum
1834 1103 1902 1166 in
1966 1101 2244 1167 aetheria
2305 1102 2739 1183 στροφάλιγγι

357 1215 654 1275 naturam
700 1230 916 1274 rerum
965 1214 1325 1286 tenentem,
1373 1209 1594 1293 ipsum
1642 1211 1862 1272 autem
1902 1207 1980 1272 ab
2018 1191 2373 1273 immortali
2412 1205 2744 1294 Temporis

359 1316 623 1402 sphaera
669 1313 1134 1380 circumdatum
1189 1313 1501 1400 depingit.

451 1421 534 1485 Et
581 1421 759 1488 valet
803 1421 926 1486 hoc
975 1422 1232 1486 omnino
1279 1419 1356 1485 de
1404 1419 1703 1484 omnibus
1752 1418 2045 1485 versibus
2096 1419 2327 1504 quibus
2366 1420 2747 1486 Aetherium

357 1547 549 1592 suum
612 1525 822 1590 Deum
886 1524 1226 1612 Euripides
1286 1527 1578 1604 invocat3
1642 1527 1885 1590 incerta
1946 1530 2135 1604 sunt,
2186 1531 2253 1590 et·
2296 1525 2525 1606 dubia,
2574 1526 2747 1591 ultra

360 1634 530 1697 enim
591 1653 721 1698 non
781 1633 1068 1718 profecit.
1117 1631 1455 1719 Olympiis
1504 1632 1601 1697 dis
1646 1653 1878 1718 parum
1927 1630 2123 1696 fidens
2171 1631 2506 1698 meliorem
2552 1639 2745 1718 atque

358 1737 656 1804 altiorem
716 1740 1072 1826 imaginem
1119 1738 1222 1804 dei
1267 1744 1482 1804 mente
1528 1740 1855 1824 concipere
1903 1738 2163 1822 quidem
2210 1740 2575 1804 conabatur.
2625 1738 2749 1804 Sed

358 1847 469 1910 vix
507 1847 782 1931 contigit
821 1852 1077 1931 poetae,
1119 1850 1194 1909 ut
1232 1865 1519 1930 unquam
1559 1851 1672 1909 aut
1721 1844 2124 1909 auditoribus
2174 1849 2288 1909 aut
2335 1846 2458 1909 sibi
2507 1851 2749 1910 certam

358 1951 736 2016 informaret
776 1951 1129 2017 doctrinam
1171 1950 1248 2017 de
1289 1971 1544 2016 summo
1584 1953 1883 2029 numine;
1924 1950 1989 2014 id
2032 1950 2181 2015 fecit
2222 1957 2297 2016 ut
2335 1973 2507 2016 nunc
2539 1950 2747 2033 αἰθέρα

364 2081 531 2123 nunc
579 2061 648 2123 τὸ
699 2059 868 2137 θεῖον,
919 2059 1108 2124 modo
1161 2059 1286 2122 Δία
1336 2058 1530 2124 deum
1579 2056 1905 2122 salutaret.
1956 2057 2116 2122 Eam
2165 2061 2373 2144 igitur
2425 2061 2749 2124 notionem

366 2163 467 2228 dei
515 2185 674 2248 quae
736 2166 906 2230 inest
962 2167 1030 2229 in
1091 2164 1371 2229 Pirithoi
1434 2164 1813 2250 fragmentis
1872 2163 2133 2228 dubiam
2181 2172 2245 2228 et
2290 2167 2633 2242 incertam,
2682 2169 2749 2230 in

363 2272 587 2334 ceteris
635 2269 966 2355 Euripidis
1011 2269 1245 2336 fabulis
1291 2292 1417 2336 non
1466 2271 1706 2336 frustra
1752 2271 2140 2355 quaerimuS.

1268 2917 1355 2964 An
1402 2917 1856 2966 PLUTARCHUM.

956 3021 1318 3101 (Quomodo
1365 3021 1657 3088 adulator
1706 3043 1759 3088 e.
1787 3043 1847 3107 q.
1874 3043 1923 3088 s.
1973 3044 2026 3088 c.
2078 3023 2167 3103 4).

460 3204 620 3282 „Est
691 3205 1003 3290 quaedam
1072 3203 1355 3270 adulatio
1424 3204 1635 3270 multo
1708 3206 2002 3272 callidior
2063 3229 2260 3294 quam
2321 3230 2446 3294 qua
2510 3209 2749 3297 vulgus

362 3331 726 3378 scurrarum
789 3313 1019 3389 utitur,
1080 3310 1348 3395 ideoque
1412 3313 1607 3376 etiam
1667 3311 1880 3377 multo
1944 3315 2157 3398 magis
2219 3316 2405 3380 anxie
2452 3315 2749 3380 vitanda:

360 3415 523 3492 αὕτη
585 3416 711 3495 γὰρ
775 3417 1219 3492 ἀναπίμπλησι
1285 3417 1390 3480 καὶ
1441 3417 1550 3490 τὴν
1599 3419 1883 3491 ἀληθινὴν
1930 3419 2154 3498 φιλίαν
2196 3411 2494 3493 ἀπιστίας
2539 3445 2754 3498 συνεμ-

363 3524 714 3589 πίπτουσαν
787 3524 948 3605 αὐτῇ
1021 3522 1396 3594 manaim-§P
1474 3521 1684 3588 Immo
1750 3543 1932 3591 vero:
2002 3527 2556 3592 συνεκπίπτουσαν.
2628 3527 2753 3608 Qui

361 3630 561 3696 semel
631 3651 698 3697 se
769 3629 1108 3715 deceptum
1171 3628 1337 3694 vidit
1401 3631 1789 3715 suspiciosus
1852 3631 1988 3697 fieri
2050 3636 2261 3718 potest
2317 3635 2413 3698 ita
2472 3640 2549 3698 ut
2602 3655 2751 3699 cum

361 3735 690 3802 adulatore
754 3738 954 3801 etiam
1002 3756 1227 3800 verum
1276 3737 1560 3800 amicum
1606 3735 1818 3802 eiiciat
1862 3737 2046 3802 forae.
2099 3735 2195 3804 Of.
2246 3739 2414 3824 quod
2460 3761 2609 3804 mox
2658 3761 2751 3804 se-

363 3845 618 3927 quitur:
696 3842 1030 3922 δφείλομεν
1102 3835 1170 3907 εὖ
1231 3840 1419 3920 μάλα
1481 3841 1817 3923 φοβεῖσθαι
1882 3844 1969 3919 μή
2035 3869 2159 3918 πως
2228 3845 2260 3920 ἢ
2324 3847 2409 3927 τῷ
2470 3849 2635 3928 κακῷ
2681 3848 2751 3912 τὸ

363 3949 664 4029 χρήσιμον
712 3942 1202 4027 συνεκβάλωμὲν
1247 3954 1311 4014 et
1357 3954 1472 4012 τῶν
1521 3950 1750 4029 ἀγρίων
1801 3949 2171 4031 σπερμάτων
2220 3948 2336 4016 ὅσα
2380 3953 2483 4016 καὶ
2525 3960 2752 4033 σχῆμα

365 4056 470 4121 καὶ
526 4055 786 4134 μέγεθος
837 4056 1272 4137 παραπλήσιον
1320 4053 1552 4137 ἔχοντα
1601 4058 1684 4136 τῷ
1736 4059 1896 4138 πυρῷ
1947 4057 2383 4136 συμμέμικται
2436 4109 2450 4126 .
2482 4106 2497 4124 .
2528 4108 2543 4126 .
2592 4085 2756 4125 συν-

365 4162 760 4228 εκπίπτει
811 4162 912 4228 διὰ
962 4169 1078 4227 τῶν
1124 4164 1347 4241 ἀραιῶν
1396 4161 1664 4244 (πόρων).

2356 4270 2415 4337 J.
2465 4272 2522 4338 J.
2574 4272 2659 4337 H.

2394 4635 2458 4684 25
