3392 5384
666 431 753 500 30
1697 439 2011 495 nomos.

762 613 859 694 (4)
905 613 1082 699 Ergo
1130 611 1409 689 „vivus”
1458 632 1585 676 non
1630 605 1968 687 mortuus,
2020 608 2328 686 „videns”
2378 630 2506 673 non
2550 593 2889 674 dormiens.

759 717 1003 782 Scholii
1041 738 1245 803 genus
1285 718 1597 802 superiori
1631 737 1890 800 prorsus
1915 713 2128 780 simile
2152 721 2218 779 et
2241 715 2448 780 denuo
2473 715 2571 779 bis
2593 711 3052 798 interpolatum

669 824 747 888 ab
805 823 925 900 IP‚
971 844 1140 887 nunc
1187 843 1300 908 per
1346 829 1421 900 et,
1469 845 1624 886 nam.
1694 820 1921 887 Dicere
1969 824 2081 886 vix
2128 841 2287 904 opus
2334 826 2471 896 est,
2517 839 2712 905 quam
2742 822 3052 903 ineptum

671 931 756 993 sit
799 928 1148 1005 occidor,
1200 934 1262 992 et
1311 929 1646 1011 sapiens
1695 929 2077 991 sentiens
2138 927 2323 989 iuxta
2381 925 2448 988 id
2510 924 2676 1008 quod
2737 924 3056 1008 praecedit

676 1034 996 1118 „prudens
1076 1032 1341 1110 sciens’',
1422 1039 1534 1097 aut
1599 1053 1793 1116 quam
1856 1031 2099 1096 insulsa
2166 1032 2251 1094 sit
2323 1030 2679 1110 observatio
2750 1026 3056 1107 „videns”

670 1139 836 1216 addi,
877 1161 955 1203 ne
994 1138 1603 1223 quis‘dormientem
1644 1140 1840 1202 etiam
1881 1139 2111 1201 vivum
2150 1138 2355 1220 perire
2386 1136 2693 1210 obiceret3
2734 1141 3055 1218 postrema

673 1244 944 1328 denique
991 1250 1251 1328 sumpta
1296 1249 1446 1307 sunt
1493 1243 1571 1306 ab
1618 1245 1756 1327 ipso
1804 1241 2051 1306 Donato
2088 1244 2156 1305 in
2194 1240 2311 1321 (3).
2404 1239 2735 1305 Scholium
2761 1229 2855 1319 (4)
2878 1238 3058 1304 illius

670 1354 768 1413 est
829 1350 1162 1432 magistri,
1230 1367 1422 1432 quem
1482 1347 1820 1432 designavi
1878 1345 2099 1410 littera
2143 1347 2200 1410 A
2246 1348 2314 1409 in
2362 1339 2606 1412 Mnem'.
2654 1343 2747 1410 1.1.
2794 1367 2854 1430 p.
2901 1343 3055 1419 288,

668 1454 782 1517 ubi
827 1453 974 1517 vide
1026 1452 1464 1516 additamenta
1512 1454 1650 1516 eius
1697 1473 1812 1537 per
1857 1473 1989 1531 erqo
2034 1455 2104 1515 in
2142 1451 2404 1516 Andria.
2462 1450 2692 1515 Sabb.
2730 1452 3056 1529 immerito

667 1559 948 1622 servavit
997 1554 1095 1637 (2)
1145 1563 1210 1620 et
1257 1556 1506 1640 reliqua
1552 1558 1768 1621 omnia
1814 1556 2165 1622 damnavit.

757 1663 920 1727 Ibid.
968 1662 1058 1726 ’22
1083 1683 1175 1746 sq.

938 1769 1112 1832 Haec
1161 1768 1353 1832 verba
1400 1788 1528 1831 una
1573 1764 1936 1831 mehercule
1982 1766 2139 1831 falsa
2183 1766 2551 1844 lacrimula,

938 1874 1145 1952 Quam
1194 1872 1408 1936 oculos
1452 1871 1713 1936 terendo
1760 1875 1992 1937 misere
2040 1875 2148 1936 vix
2197 1874 2266 1938 vi
2311 1873 2724 1956 expresserit,

938 1978 1325 2063 Restinguet
2743 2048 2751 2056 ·

671 2083 749 2148 ad
812 2080 899 2146 22
924 2080 1023 2161 (2)
1083 2083 1426 2167 Expressio
1482 2082 1560 2146 ad
1607 2081 1863 2158 αὔξησιν
1913 2081 2167 2147 ducens.
2217 2121 2302 2132 -—
2353 2087 2417 2146 et
2463 2103 2588 2146 non
2639 2081 2897 2161 „vera'',
2947 2080 3054 2145 sed

674 2187 938 2266 „falsa’',
1006 2193 1070 2252 et
1131 2209 1255 2252 non
1300 2187 1568 2252 lacrima
1615 2186 1724 2252 sed
1769 2184 2107 2252 lacrimula
2153 2194 2217 2252 et
2264 2208 2389 2251 non
2438 2187 2654 2265 „ultro
2700 2187 2897 2252 flens''
2947 2186 3054 2251 sed

671 2293 931 2371 „oculos
977 2291 1278 2374 teorendo”
1328 2298 1393 2356 et
1439 2313 1564 2357 non
1609 2291 1879 2370 „facile”
1922 2292 2029 2357 sed
2075 2293 2229 2369 „vi”
2270 2299 2334 2357 et
2374 2314 2498 2357 non
2541 2289 3050 2369 „exstillaverit”

667 2399 777 2464 sed
846 2397 1333 2483 „expresserit''.
1384 2435 1470 2445 -—
1518 2397 1688 2462 Hinc
1751 2396 1942 2482 Verg.
1992 2396 2081 2476 (ΙΙ
2133 2396 2287 2477 196)
2352 2399 2689 2483 „captique
2748 2395 2909 2461 dolis
2968 2394 3053 2460 la-

667 2507 1009 2586 crimisque
1055 2505 1351 2568 coactis'’.
1490 2503 1650 2569 Ecce
1691 2502 2095 2589 splendidum
2138 2503 2508 2588 exemplum
2544 2501 3051 2587 interpolationis

668 2629 780 2693 per
817 2630 934 2670 non
961 2644 1045 2656 —-
1071 2607 1270 2692 sed'),
1315 2628 1440 2692 qua
1477 2609 1743 2673 verbose
1782 2609 1850 2672 id
1888 2608 2199 2685 reddidit,
2242 2608 2411 2693 quod
2449 2607 2737 2672 Donatus
2761 2609 3051 2692 sequenti

668 2712 912 2777 scholio
975 2713 1253 2778 breviter
1313 2716 1402 2778 sic
1450 2717 1794 2798 expressit:
1844 2713 2081 2778 'Potum
2129 2735 2387 2780 sensum
2435 2697 2643 2780 verbis
2691 2713 3051 2800 significan-

666 2819 842 2882 tibus
889 2816 1193 2902 protulit,
1255 2821 1330 2881 ut
1374 2816 1564 2903 Verg.
1616 2816 1780 2896 (Ecl.
1828 2817 1924 2883 III
1970 2817 2085 2898 27)
2133 2824 2198 2884 et
2242 2821 2423 2898 (Aen.
2470 2819 2557 2884 IV
2606 2818 2739 2900 95).
2810 2818 3044 2883 Sabb.

669 2922 824 2988 haec
869 2921 1117 3007 aliaque
1161 2922 1535 2987 huiusmodi
1579 2926 1907 2988 immerito
1957 2922 2203 2989 Donato
2251 2924 2531 3010 reliquit.

760 3138 791 3203 I
840 3139 903 3205 2.
932 3138 972 3202 4
1036 3138 1268 3205 Tremo
1314 3141 1669 3226 horreoque

759 3245 855 3326 (1)
916 3245 1013 3310 Ex
1078 3266 1292 3311 amore
1350 3249 1551 3311 nimio
1569 3268 1587 3326 3
1651 3249 1895 3312 nimius
1939 3250 2114 3334 ignis
2162 3248 2459 3314 effectum
2504 3248 2764 3333 frigoris
2809 3247 3052 3324 reddit,

669 3356 744 3415 ut
790 3372 866 3414 ex
915 3351 1154 3436 frigore
1203 3353 1402 3416 nimio
1449 3352 1706 3417 effectus
1750 3355 1925 3439 ignis
1964 3354 2250 3430 exsistit,
2294 3353 2641 3418 secundum
2680 3351 2847 3440 illud
2884 3353 3053 3437 quod

594 3546 599 3551 Ι
668 3455 924 3540 physici
973 3457 1155 3519 aiunt
1203 3456 1536 3532 ἀκρότητες
1587 3459 1888 3531 ἷσότητες.
1940 3458 2108 3523 Hinc
2157 3463 2220 3523 et
2264 3459 2455 3545 Verg.
2504 3455 2613 3538 (G.
2657 3457 2688 3522 Ι
2736 3457 2848 3537 93)
2899 3462 3053 3536 „aut

669 3555 906 3621 Boreae
949 3558 1339 3641 penetrabile
1386 3560 1594 3645 frigus
1641 3562 1934 3626 adurat'’.

763 3660 868 3726 Sic
928 3661 1005 3727 D.
1055 3662 1397 3748 Supplevit
1442 3664 1571 3729 IP:
1625 3666 1723 3746 (2)
1769 3666 2016 3731 Natura
2061 3670 2285 3752 magni
2329 3667 2553 3732 caloris
2599 3670 2794 3732 etiam
2842 3668 3048 3732 horro-

668 3788 808 3832 rem
852 3769 1123 3845 incutit,
1170 3774 1246 3832 ut
1292 3771 1528 3834 nimiae
1574 3771 1798 3836 febres.
2790 3771 2855 3837 S.
2906 3792 2959 3835 c.

761 3871 922 3936 Ibid.
976 3870 1035 3936 5.
1086 3873 1326 3938 Accede
1373 3874 1452 3938 ad
1497 3876 1718 3960 ignem
1767 3875 1936 3941 hunc
1984 3875 2367 3956 (Thaidem),
2415 3879 2546 3941 iam
2594 3875 2865 3941 calesces
2908 3874 3053 3961 plus

667 3979 823 4042 satis
2550 3995 2557 3999 ·

760 4082 856 4162 (2)
932 4081 1131 4158 „Plus
1201 4083 1400 4148 satis'’
1471 4106 1671 4162 nove,
1745 4084 1813 4149 id
1881 4092 1979 4150 est
2044 4085 2329 4170 (plus)
2392 4107 2691 4170 aequo;
2762 4091 2827 4150 et
2899 4084 3053 4149 ah'bi

671 4188 938 4267 (Heaut.
988 4187 1019 4250 Ι
1067 4186 1128 4252 2.
1156 4187 1270 4265 24)
1333 4210 1569 4273 „quam
1618 4210 1697 4253 ne
1747 4190 1903 4274 quid
1948 4193 2016 4253 in
2062 4189 2254 4254 illum
2300 4189 2450 4275 plus
2498 4193 2654 4255 satis
2702 4191 2898 4266 faxit,
2947 4209 3057 4274 pa-

670 4292 834 4355 ter”.
909 4327 993 4339 —
1065 4291 1184 4398 (3).
1223 4313 1421 4372 nove,
1488 4294 1598 4359 sed
1658 4294 2053 4380 intellig-itur
2113 4295 2302 4380 plus
2350 4297 2559 4360 satis
2606 4315 2841 4380 quam
2886 4294 3058 4358 hor-

739 4515 794 4580 1)
831 4516 1056 4581 Exempla
1090 4517 1149 4565 ad
1182 4516 1332 4566 Andr.
1368 4517 1418 4566 in
1457 4519 1638 4566 Mnem.
1671 4517 1742 4566 1.1.
1779 4534 1825 4581 p.
1861 4517 1960 4566 292
1976 4531 2043 4580 sq.
