3392 5384
677 394 763 460 40
1718 412 2026 462 nonnus.

787 579 1042 646 Scholia
1106 581 1386 664 quinque
1446 581 1656 663 prima
1701 583 2177 664 repraesentant
2224 578 2459 645 Donati
2503 578 2910 667 aliorumque
2953 580 3072 646 du-

675 687 1017 752 bitationes
1089 685 1165 751 de
1237 685 1588 750 differentia
1652 686 1823 749 inter
1892 683 2189 770 „speres”
2258 691 2322 750 et
2393 686 2824 773 „exspectes'',
2895 687 3063 772 quod

674 812 881 878 genus
927 789 1314 856 scholiorum
1365 796 1582 876 postea
1621 792 1966 875 separatim
2004 791 2306 857 tractabo,
2354 791 2602 858 Donato
2641 814 2765 857 non
2804 797 3063 857 tantum

676 919 824 962 cum
886 897 1116 962 Sabb.
1182 896 1448 982 adsigno
1497 896 1595 978 (5)
1661 917 1783 975 „an
1845 917 1949 962 me
2012 896 2269 982 speres’'
2315 903 2487 975 cett„
2537 897 2647 963 sed
2694 901 2892 964 etiam
2939 898 3059 979 (l),

675 1007 778 1068 ita.
829 1009 904 1068 ut
964 1005 1026 1066 in
1093 1001 1188 1081 (5)
1250 1003 1625 1087 respondeat
1680 1005 2039 1089 rogationi,
2105 1024 2296 1089 quam
2357 1006 2495 1088 ipse
2561 1006 2777 1090 posuit
2825 1006 2892 1068 in
2941 1005 3061 1085 (1).

676 1109 800 1173 His
867 1109 1254 1192 interposuit
1319 1107 1547 1173 Editor
1613 1129 1799 1173 suam
1867 1110 2302 1173 coniecturam
2372 1107 2468 1188 (2)
2500 1108 2567 1188 ¹),
2640 1111 2745 1174 cui
2817 1107 3060 1174 scholio

675 1220 895 1300 postea
957 1211 1352 1298 Gompilator
1413 1212 1654 1278 addidit
1717 1213 1962 1279 similes
2026 1217 2486 1300 magistrorum
2548 1215 2941 1278 coniecturas
2994 1217 3065 1279 in

676 1319 890 1404 aliquo
953 1321 1243 1404 margine
1304 1324 1585 1404 repertas
1646 1318 1741 1399 (3)
1790 1324 1853 1384 et
1901 1320 2015 1400 (4).
2156 1318 2445 1384 Alteram
2499 1319 3065 1404 interpolationem

676 1423 1125 1510 philosopham
1186 1423 1438 1489 lineolis
1501 1423 1768 1489 distinxi
1825 1426 1894 1489 in
1957 1422 2054 1504 (7)
2118 1429 2182 1490 et
2242 1423 2359 1505 (8),
2413 1445 2539 1510 qua
2584 1423 2682 1489 IP
2730 1424 3069 1508 discerpsit

679 1531 1057 1595 continuum
1119 1528 1354 1593 Donati
1418 1528 1773 1594 scholium:
1841 1534 2019 1608 „toto
2082 1532 2330 1595 animo:
2397 1531 2565 1616 quod
2625 1530 2807 1616 ipse''
2875 1533 3065 1606 cett.,

676 1657 997 1722 quamque
1059 1633 1396 1699 artificiose
1456 1655 1569 1720 per
1629 1657 1788 1712 nam,
1852 1641 1911 1698 et
1952 1634 2135 1698 amul
2177 1637 2521 1700 connexuit
2568 1657 2717 1700 cum
2764 1637 2952 1700 initio
3003 1639 3071 1699 et

676 1741 799 1808 fine
846 1741 1232 1806 DonatianO.

767 1846 1002 1913 Sabb.
1043 1866 1379 1932 perperam
1417 1844 1665 1911 Donato
1707 1844 1983 1911 detraxit
2023 1846 2120 1926 (1)
2160 1851 2226 1911 et
2264 1845 2361 1927 (8)
2401 1848 2589 1932 eique
2613 1849 2923 1912 concessit
2947 1844 3066 1925 (7).

771 1951 931 2016 Ibid.
984 1951 1114 2016 120
1177 1950 1397 2037 Neque
1442 1973 1548 2016 me
1593 1950 1847 2016 finxisse
1895 1950 2042 2016 falsi
2088 1954 2430 2037 quicquam

767 2057 966 2122 Don.:
1015 2057 1132 2143 (1).
1198 2057 1332 2121 Aut
1378 2057 1611 2122 dixisse
1650 2057 1870 2123 debuit
1918 2057 2078 2134 dici,
2129 2064 2242 2122 aut
2288 2057 2570 2123 abundat
2620 2056 2873 2136 „falsi''.

676 2161 819 2229 Hoc
866 2162 966 2228 IP
1011 2165 1440 2248 incogitanter
1485 2165 1576 2228 ita
1620 2164 1927 2228 correxit:
1980 2162 2077 2248 (2)
2126 2169 2240 2229 aut
2284 2163 2460 2240 ide0‚
2511 2166 2660 2249 quia
2706 2169 2773 2228 et
2820 2183 3063 2229 vanum

676 2268 920 2355 aliquid
968 2269 1128 2355 fingi
1173 2271 1421 2354 potuit,
1471 2274 1546 2333 ut
1593 2289 1785 2353 supra
1835 2270 1932 2347 „si
1982 2289 2216 2333 vanum
2260 2275 2373 2334 aut
2408 2268 2644 2334 falsum
2686 2275 2801 2334 aut
2837 2268 3065 2333 fictum

677 2375 814 2440 est''
867 2377 990 2460 (vs.
1041 2374 1179 2458 24).
2342 2392 2349 2398 ⁸
2805 2373 2871 2440 S.
2919 2395 2973 2439 c.

769 2586 832 2652 II
882 2587 940 2652 1.
971 2585 1010 2651 3
1072 2587 1209 2664 Ah,
1258 2589 1570 2674 rogitare,
1622 2589 1804 2671 quasi
1850 2587 2107 2652 difficile
2154 2585 2273 2653 sit!

771 2693 868 2773 (1)
915 2693 1111 2758 Deest
1161 2691 1341 2770 „vis”
1392 2691 1498 2758 vel
1547 2693 1873 2779 „pergis”,
1922 2699 1999 2758 ut
2044 2696 2161 2758 sit:
2212 2696 2493 2778 rogitare
2542 2695 2777 2780 pergis.

769 2797 864 2878 (2)
909 2796 1027 2882 Vel
1077 2796 1250 2874 „se”,
1299 2798 1356 2860 si
1398 2798 1617 2882 ipsum
1663 2800 1958 2883 respicit,
2007 2797 2112 2864 vel
2159 2798 2437 2877 ‚,hunc'’,
2503 2801 2559 2864 si
2604 2820 2864 2864 aversus
2911 2800 3069 2866 haec

676 2901 864 2980 dicit,
913 2907 991 2966 ut
1037 2904 1157 2967 sit:
1208 2905 1530 2988 „rogitare
1580 2901 1688 2997 te’j
1738 2909 1850 2968 aut
1899 2907 2225 2990 „rogitare
2271 2903 2519 2970 hunc''l

769 3007 866 3089 (3)
924 3008 1013 3072 Et
1083 3008 1490 3073 distinctione
1557 3010 1931 3094 interposita
1996 3009 2398 3075 inferendum
2464 3010 2760 3077 vultuose
2838 3013 3065 3096 „quasi

677 3112 930 3178 difficile
968 3111 1095 3177 sit'’
1140 3112 1477 3188 (scilicet)
1518 3113 1584 3178 id
1624 3114 1792 3199 quod
1828 3115 2106 3181 mandat.
2152 3115 2248 3180 Ita
2282 3119 2401 3199 [et]
2440 3118 2749 3202 ineptiam
2789 3119 3059 3182 nimiam

675 3222 841 3285 circa
892 3221 1045 3286 haec
1093 3217 1352 3285 solliciti
1397 3222 1698 3286 amatoris
1747 3223 2081 3305 expressit.
2132 3258 2217 3269 —
2265 3227 2329 3302 et
2375 3221 2657 3287 ostendit
2704 3221 2873 3286 nihil
2921 3242 3056 3288 esse

673 3325 959 3403 facilius,
1008 3345 1202 3411 quam
1249 3325 1555 3391 deducere
1601 3326 1681 3391 ad
1729 3328 2130 3392 meretricem
2177 3347 2475 3404 munera,
2526 3348 2675 3392 cum
2723 3334 2941 3391 contra
2984 3325 3063 3390 il-

673 3430 787 3495 lud
834 3435 921 3496 sit
967 3430 1422 3496 difficillimum
1441 3480 1457 3509 ,
1506 3434 1788 3517 poscenti
1834 3432 2077 3517 aliquid
2125 3453 2250 3497 non
2300 3432 2466 3498 dare.

765 3535 863 3617 (4)
927 3535 1317 3622 „Rogitare”
1380 3537 1766 3602 subauditur
1828 3545 1933 3615 „te
2002 3540 2238 3603 mirum
2301 3537 2462 3615 est'’,
2514 3539 2738 3623 „quasi
2799 3536 3055 3602 difficile

674 3639 801 3705 sit’'
854 3640 1213 3727 „complere
1261 3641 1431 3726 quod
1474 3641 1726 3708 iubes''.

2632 3747 2680 3762 Q

743 3947 796 4007 1)
842 3945 915 3994 Cf.
962 3945 1051 3994 Ad.
1098 3943 1178 3992 111
1223 3944 1355 3994 223
1400 3944 1465 3993 Te
1499 3944 1650 4009 ipsam
1684 3944 1919 4008 quaerito,
1953 3948 2003 3994 te
2037 3948 2255 4010 exspecto
2290 3945 2463 4010 oppido
2499 3949 2786 4011 opportune.
2821 3948 2894 3996 Ad
2930 3946 3058 3996 hunc

672 4043 718 4078 v.
769 4028 919 4078 Don.:
968 4028 1038 4090 (2)
1074 4027 1265 4076 Incerta
1298 4026 1558 4086 distinctio,
1592 4030 1763 4077 utrum
1800 4030 1879 4076 nte
1910 4031 2127 4093 exspecto
2159 4027 2367 4093 oppido'’
2410 4039 2520 4084 <an
2560 4028 2846 4094 »oppido’'>
2890 4044 3063 4095 oppor-

673 4113 790 4159 tune
824 4109 888 4158 sit
923 4109 1192 4158 dicendum.

742 4192 877 4240 Non
927 4205 1071 4240 raro
1127 4193 1266 4239 Don.
1317 4189 1724 4253 quaestiones
1778 4190 1993 4255 posuit
2046 4191 2185 4240 sine
2237 4190 2570 4240 decisione.
2623 4191 2703 4240 IP
2756 4207 2784 4240 a
2828 4207 2895 4251 re,
2931 4207 3051 4257 quae

674 4271 850 4335 agitur,
893 4271 1084 4321 aberrat
1130 4275 1179 4321 et
1223 4271 1630 4337 opportunitatem
1664 4271 1841 4336 arripit
1875 4272 2149 4323 inferendae
2184 4271 2479 4322 differentiae
2510 4272 2562 4322 in
2596 4274 2666 4336 (3)
2711 4275 2786 4322 An
2821 4288 3062 4338 exspec-

673 4354 811 4400 tare
861 4351 1169 4417 impatienter
1218 4368 1390 4417 cupere
1438 4355 1487 4401 et
1537 4351 1637 4401 sine
1687 4353 2061 4418 praescriptione
2109 4353 2352 4419 temporis,
2402 4369 2663 4419 sperare
2709 4355 2841 4404 iuxta
2872 4357 3059 4405 certum

674 4435 896 4497 tempus}>
929 4435 1051 4482 unde
1077 4437 1274 4499 apparet
1303 4433 1360 4482 ad
1402 4436 1479 4482 nte
1508 4431 1752 4498 expecto”,
1780 4434 1893 4496 quia
1926 4450 2011 4500 per
2045 4451 2094 4484 se
2129 4435 2331 4485 nimium
2366 4438 2465 4496 est,
2502 4451 2597 4485 non
2631 4451 2729 4485 esse
2762 4435 3058 4501 iungendum

681 4511 932 4577 »oppido'’.
1037 4514 1097 4563 In
1131 4513 1387 4579 postremis
1423 4528 1591 4563 revera
1622 4513 1908 4565 hariolatur.
