3392 5384
675 455 808 520 318
1015 427 1018 430 ’
1714 471 2024 522 Domus.

763 635 1268 724 Compilatorem
1303 640 1523 704 autem
1543 685 1559 716 ,
1602 637 1809 705 officio
1845 637 2110 725 defungi
2147 639 2589 718 festinantem,
2630 639 2697 704 in
2736 660 3066 727 excerpen-

674 744 772 810 dis
834 743 1094 810 scholiis
1155 745 1235 810 ad
1293 744 1356 834 ΙΙ
1405 744 1446 808 4
1471 765 1604 831 sqq.
1673 766 1797 812 non
1850 745 2217 811 adhibuisse
2265 746 2517 812 notulas
2562 746 2951 833 marginales
2995 749 3064 811 in

671 852 1058 918 editionibus
1106 850 1541 930 Terentianis,
1592 874 1749 938 quas
1798 874 1991 938 supra
2038 855 2574 931 commemoravi,
2626 853 2737 919 sed
2785 859 3068 918 tantum·

672 959 862 1024 modo
926 963 1484 1024 commentum
1547 957 2002 1024 secundum
2068 960 2477 1025 mediocriter
2522 959 3069 1025 adnotatiunculis

670 1068 1000 1131 munitum
1018 1114 1034 1144 ,
1072 1066 1220 1130 hinc
1247 1064 1596 1132 verisimile
1623 1071 1747 1144 est,
1774 1065 1944 1151 quod
1966 1049 2033 1131 in
2060 1064 2319 1131 scholiis
2343 1064 2511 1143 illis,
2539 1087 2701 1151 quae
2720 1063 2891 1132 CXC
2915 1070 3071 1130 sunt

669 1193 958 1250 numer0,
1007 1174 1118 1237 vix
1167 1179 1488 1258 septem
1535 1172 1906 1238 istiusmodi
1944 1170 2199 1238 notulas
2240 1175 2528 1238 invenire
2567 1174 2771 1259 potui.
2817 1170 2942 1238 Sed
2988 1172 3068 1237 ab

670 1276 869 1344 altera
915 1283 1094 1362 parte
1143 1277 1389 1343 scholia
1425 1279 1743 1344 rhetorica
1780 1278 2239 1363 post-Donatea
2278 1279 2662 1344 exhibentur
2700 1279 3066 1364 viginti,

667 1384 836 1449 unde
903 1383 1210 1450 concludo
1278 1383 1814 1470 ludimagistrum
1884 1382 2109 1462 illum,
2174 1387 2286 1470 qui
2351 1385 2811 1450 Phormionem
2876 1383 3065 1450 valde

666 1488 895 1555 multis
956 1490 1332 1555 huiusmodi
1396 1475 1854 1555 scholiunculis
1918 1493 2215 1558 tironum.
2270 1493 2338 1555 in
2403 1512 2594 1566 usum
2654 1492 2946 1568 ornavit,
2997 1489 3069 1554 id

665 1596 886 1662 fecisse
930 1599 998 1660 in
1047 1598 1449 1688 marginihus
1497 1599 1955 1662 commenti
2000 1596 2375 1662 secundi.

1437 1908 1783 1976 Scholia
1831 1911 2286 1976 variorum.

756 2122 924 2191 Cum
968 2126 1035 2190 in
1082 2125 1268 2190 initio
1320 2125 1513 2190 huius
1554 2123 2020 2209 disquisitionis
2060 2121 2303 2188 scholia
2340 2128 2636 2211 suspecta
2676 2122 3067 2202 dividerem}

663 2237 915 2317 praeter
976 2230 1376 2298 Imitationes
1425 2236 1490 2304 et
1536 2230 1853 2316 Excerpta
1902 2237 1964 2294 et
2010 2228 2545 2315 Interpolationes
2594 2236 2899 2316 quartum
2946 2252 3070 2318 ge-

660 2359 784 2404 nus
831 2341 1122 2424 seposui,
1173 2339 1341 2425 quod
1388 2340 1482 2405 ita
1529 2338 1965 2404 describebam
2014 2358 2163 2423 pag.
2213 2335 2289 2401 8:

645 2435 648 2438 Α
756 2446 810 2511 Α
849 2448 1172 2531 superiore
1210 2443 1324 2511 illo
1362 2465 1597 2531 genere
1632 2441 2206 2529 interpolationum
2246 2441 2699 2507 secernendum
2723 2447 2824 2508 est
2845 2441 3070 2522 aliud,

659 2552 774 2617 nbi
820 2553 1001 2616 iuxta
1047 2552 1270 2618 breves
1318 2550 1709 2636 Donatianas
1754 2550 2133 2627 verborum,
2183 2551 2389 2614 rarius
2434 2570 2652 2614 rerum
2691 2548 3072 2634 explicatio-

661 2678 806 2736 nes,
868 2655 1179 2744 leguntur
1239 2656 1582 2722 eorundem
1647 2655 1989 2721 verborum
2053 2654 2159 2721 vel
2217 2676 2433 2720 rerum
2493 2657 3068 2740 interpretationes

661 2765 1157 2849 magistrorum,
1207 2765 1512 2848 quicum
1561 2761 1677 2826 illo
1729 2767 1793 2826 et
1838 2764 2007 2826 inter
2050 2783 2115 2827 se
2161 2763 2337 2827 varie
2384 2767 2649 2826 certant.

751 2867 1038 2933 Tametsi
1095 2871 1162 2932 in
1226 2869 1328 2932 his
1389 2871 1626 2943 insunt·
1661 2888 1822 2952 quae
1870 2869 2068 2932 etiam
2123 2867 2783 2949 Editori-debeantur,
2835 2873 3069 2935 tamen

658 2975 778 3039 hoc
822 2995 1028 3061 genus
1075 2975 1420 3038 seiunctim
1467 2975 1769 3050 tractavi,
1819 2975 1969 3058 quia
2016 2973 2407 3038 scholiorum
2455 2975 2659 3039 forma
2701 2979 2767 3038 'et
2805 2975 3071 3042 indoles

657 3081 990 3166 proprium
1040 3078 1382 3145 ostendunt
1429 3078 1741 3145 colorem:
1791 3085 2128 3145 versantur
2172 3081 2302 3146 fere
2342 3083 2556 3146 omnia
2591 3083 2659 3146 in
2701 3082 3067 3148 verborum

659 3184 1026 3270 definitione
1089 3191 1278 3272 atque
1339 3187 1559 3253 brevia
1619 3191 1773 3251 sunt
1820 3192 1884 3252 et
1930 3186 2281 3267 eiusmodi,
2330 3192 2407 3252 ut
2452 3173 2538 3252 de'
2578 3192 2834 3253 auctore
2882 3194 3071 3255 certo

656 3291 929 3359 iudicari
975 3313 1160 3379 saepe
1204 3297 1498 3380 nequeat.

1576 3543 1668 3610 In
1713 3544 2137 3610 Eunucho,

655 3745 830 3813 Prol.
881 3745 923 3810 4
1013 3743 1184 3812 'l'um
1229 3746 1286 3811 si
1331 3746 1475 3831 quis
1520 3749 1649 3822 est,
1699 3745 1812 3830 qui
1857 3743 2104 3809 dictum
2150 3744 2216 3807 in
2265 3763 2330 3808 se
2376 3741 2825 3832 inclementius

1016 3852 1436 3918 Existimavit
1481 3872 1650 3930 esse,
1699 3853 1792 3915 sic
1836 3852 2199 3929 existimet,

967 3945 976 3951 ⁶
1019 3958 1423 4044 Responsum
1469 3977 1595 4022 non
1642 3956 1891 4022 dictum
1938 3977 2103 4036 esse,
2154 3958 2305 4042 quia
2351 3954 2537 4021 laesit
2585 3957 2759 4043 prior

745 4066 842 4147 (2)
909 4064 1218 4152 Superius
1292 4064 1626 4154 „dictum”
1693 4069 1817 4144 (vs.
1886 4062 1954 4144 4)
2016 4065 2431 4149 participium
2498 4059 2714 4149 (est),
2777 4063 3075 4130 inferius

652 4194 921 4250 nomen,
985 4193 1021 4237 a
1081 4193 1205 4259 quo
1268 4173 1466 4237 etiam
1531 4171 1865 4236 dicaces
1928 4169 2250 4248 dicuntur,
2301 4171 2413 4255 qui
2460 4167 2766 4256 malignis
2814 4171 3077 4237 iocosis

649 4278 888 4345 salibus
951 4277 1362 4344 maledicunt.
1538 4276 1636 4360 (3)
1707 4276 1951 4363 Figura
2015 4276 2251 4355 πλοκῆ,
2327 4297 2478 4340 nam
2542 4275 2881 4354 „dictum”
2946 4276 3073 4343 bis

649 4407 916 4451 numero
978 4386 1263 4471 positum
1325 4404 1517 4469 supra
1563 4403 1795 4448 nomen
1842 4381 2199 4468 significat,
2248 4382 2415 4447 infra
2463 4383 2917 4468 participium,
2972 4391 3073 4448 ut

647 4491 716 4555 in
756 4491 1493 4564 Heautontimorumeno
1537 4489 1646 4566 „in
1687 4509 1880 4574 quem
1921 4487 2178 4573 quidvis
2217 4488 2449 4553 harum
2476 4509 2694 4554 rerum
2717 4491 3073 4572 convenit,

649 4616 810 4682 quae
856 4601 1008 4662 sunt
1053 4595 1222 4662 dicta
1267 4598 1333 4662 in
1381 4594 1702 4662 stultum''
1756 4594 1892 4678 (VI.
1945 4593 2033 4676 3).
