3392 5384
1316 380 1634 429 nolumus.
2533 364 2665 429 439

346 548 527 613 Ibid.
579 546 664 614 ’79
733 548 834 611 Tu
882 553 946 611 te
989 547 1164 613 idem
1209 546 1445 613 melius
1494 546 1740 612 feceris.
1789 546 1949 613 Vide
1996 568 2209 633 supra.

340 653 456 719 III
511 653 573 719 2.
602 652 688 719 40
757 653 938 731 Non,
988 674 1218 719 verum
1263 654 1419 718 haec
1465 655 1829 719 antecessit.
1918 718 1929 727 ,

341 758 518 824 Vide
580 780 790 845 supra.
857 758 1080 824 Denuo
1151 758 1315 825 Don.
1386 760 1522 823 sine
1593 758 1910 823 decisione
1982 757 2267 825 diversas
2337 762 2665 847 opiniones

230 864 497 946 (‚‚a1ii'’
528 902 612 914 —
641 866 798 945 „alii
845 865 1150 951 putant’')
1204 864 1482 931 rettulit.
1826 878 1833 884 ’

344 971 410 1036 V
465 972 528 1037 9.
560 972 640 1037 16
711 972 812 1036 Mi
855 971 1048 1037 homo
1093 971 1158 1035 di
1206 970 1442 1035 melius
1490 969 1680 1036 duint

345 1077 624 1157 Quaerit
690 1078 938 1143 Probus
959 1125 977 1155 ,
1058 1098 1138 1142 an
1208 1083 1501 1141 matrona
1570 1082 1707 1141 tam
1778 1076 2185 1141 familiariter
2252 1083 2423 1143 recte
2492 1078 2661 1143 dicat

237 1182 512 1261 alieno,
570 1183 680 1247 sed
726 1183 997 1248 frustra:
1049 1203 1198 1247 nam
1244 1183 1631 1249 feminarum
1680 1184 1884 1248 oratio
1907 1230 1921 1258 ,
1971 1185 2092 1247 etsi
2140 1204 2265 1248 non
2313 1182 2660 1261 blanditur,

239 1288 500 1354 blanda
569 1294 684 1353 est.
821 1288 1168 1375 Eleganter
1238 1288 1396 1355 Don.
1471 1289 1710 1355 refutat
1779 1288 2099 1365 Probum,
2172 1288 2340 1373 quod
2404 1310 2518 1354 cur
2581 1291 2658 1354 ab

242 1396 475 1479 Aspro
534 1397 884 1480 sumpsisse
944 1396 1357 1481 perhibeatur
1417 1394 1545 1475 (W.
1607 1416 1668 1479 p.
1722 1392 1856 1475 23),
1921 1415 2181 1459 causam
2242 1416 2371 1459 non
2431 1395 2658 1474 videO,

243 1502 524 1565 etiamsi
568 1502 732 1565 hanc
777 1502 972 1565 Probi
1018 1504 1456 1587 quaestionem
1503 1500 1674 1586 apud
1718 1498 1914 1565 illum
1959 1500 2123 1566 forte
2167 1502 2437 1567 invenit.

348 1714 782 1799 Repperimus
1854 1772 1857 1775 ,

230 1886 238 1892 ,
350 1822 701 1907 Nigidium
766 1821 797 1886 Ι
858 1820 918 1888 4.
949 1821 990 1885 4
1040 1827 1104 1885 et
1155 1819 1260 1898 15,
1315 1819 1379 1884 II
1429 1820 1486 1886 1.
1517 1820 1579 1885 3.
1631 1821 1915 1885 Probum
1962 1820 1993 1885 Ι
2041 1821 2102 1885 1.
2134 1820 2214 1885 15
2265 1822 2655 1903 (annotavit),

252 1928 321 1992 3.
352 1926 395 1991 3
439 1930 709 2013 (inquit).
754 1927 815 1992 II
857 1928 919 1993 3.
946 1926 1031 1992 25
1073 1927 1381 2013 (quaerit).
1430 1926 1478 1989 V
1506 1926 1567 1991 9.
1602 1927 1683 1992 16
1711 1926 2019 2011 (quaerit).
2061 1928 2344 2014 Asprum
2386 1926 2417 1991 I
2453 1927 2515 1993 2.
2544 1928 2652 1993 24.

349 2034 604 2099 Probus
652 2036 856 2119 Asper
902 2033 1166 2098 indicati
1215 2039 1366 2098 sunt
1411 2034 1679 2099 fortasse
1726 2033 1757 2098 1
1804 2032 1867 2097 3.
1897 2032 1958 2112 8,
2028 2032 2090 2097 II
2139 2032 2200 2098 3.
2235 2034 2311 2097 11
2342 2033 2414 2113 Β,
2468 2032 2551 2099 79
2578 2035 2651 2101 B.

261 2138 500 2204 Editor
569 2141 827 2204 exhibet
897 2138 1248 2225 „quidam”
1318 2141 1364 2204 i.
1391 2160 1444 2204 e.
1517 2138 1809 2205 Donatus
1870 2138 1901 2203 1
1948 2138 2010 2203 4.
2042 2138 2102 2204 9.
2166 2138 2394 2206 Plures
2444 2140 2651 2206 fontes

255 2244 290 2308 I
340 2244 406 2310 3.
441 2243 545 2324 17,
596 2244 660 2309 4.
690 2244 796 2310 65.
845 2244 940 2309 III
987 2244 1050 2310 2.
1071 2243 1179 2310 40.

830 2562 918 2609 ΔΙ)
963 2560 1322 2609 ΡΙιὈΤΔΒΟΗΙ
1369 2561 1450 2607 DE
1497 2561 1731 2619 TRANQ.
1780 2562 1886 2609 AN.
1937 2561 1993 2609 0.
2042 2563 2086 2609 1.

356 2728 608 2806 „Haec,
657 2729 752 2791 mi
801 2727 1025 2805 Pacci,
1074 2725 1369 2791 lubenter
1415 2725 1493 2791 ad
1543 2731 1606 2790 te
1653 2727 1847 2791 mitto
1893 2728 2045 2812 quia
2090 2731 2159 2793 τὸ
2200 2730 2307 2791 τοῦ
2348 2734 2644 2809 τραγικοῦ

262 2833 538 2913 Μέροπος
587 2834 653 2898 οὐ
703 2833 1007 2903 πέπονθας
1055 2834 1176 2897 οὐδ’
1225 2834 1301 2904 ὥς
1341 2832 1558 2897 ἐκεῖνον
1605 2831 2076 2915 ,,εὖδαιμονίζων
2114 2832 2302 2915 ὄχλος
2345 2832 2645 2910 ἐξέπληξε

262 2940 396 3007 σε.”
420 2940 456 2967 ”
521 2940 853 3006 Hactenus
900 2942 1115 3004 omnia
1160 2942 1404 3024 optime
1451 2941 1835 3025 procedunt:
1887 2939 2189 3006 Paccium
2237 2946 2497 3027 propter
2543 2964 2647 3029 po-

263 3053 466 3113 tentes
526 3048 761 3111 amicos
822 3051 888 3109 et
941 3046 1274 3130 egregiam
1322 3044 1686 3124 facundiam
1737 3046 1978 3132 vulgus
2024 3048 2279 3114 felicem
2325 3050 2647 3133 praedicat

261 3174 460 3239 neque
508 3159 724 3217 tamen
772 3172 844 3217 ea
882 3171 982 3215 res
1022 3171 1173 3215 eum
1213 3149 1514 3226 ἐξέπληξε
1551 3153 1596 3213 i.
1624 3172 1679 3216 e.
1720 3158 2003 3217 mentem
2045 3156 2183 3217 eius
2220 3157 2643 3239 perturbavit.

265 3259 384 3325 Sed
429 3259 753 3325 adduntur
798 3257 987 3322 haec:
1042 3264 1159 3321 τῶν
1204 3263 1477 3333 Φυσικῶν
1518 3259 1749 3334 παθῶν,
1792 3278 1953 3342 quae
1999 3279 2329 3343 nunquam
2376 3262 2465 3325 sic
2512 3282 2644 3326 sen-

265 3369 496 3431 tentiae
560 3369 988 3431 annectentur
1042 3365 1197 3450 quin
1253 3364 1512 3429 absurdi
1557 3363 1804 3450 aliquid
1850 3370 2168 3433 nascatur.
2216 3364 2387 3430 Tum
2433 3370 2523 3433 sic
2568 3368 2638 3432 P.

267 3474 507 3558 pergit:
571 3471 748 3535 ἀλλὰ
815 3470 1122 3541 πολλάκις
1187 3470 1460 3542 ἀκηκοὼς
1523 3471 1925 3545 μνημονεύεις
1988 3472 2065 3541 ὥς
2132 3470 2271 3536 οὔτε
2322 3470 2644 3551 ποδάγρας

273 3578 669 3642 ἀπαλλάττει
717 3578 1033 3656 πατρίκιος
1083 3576 1191 3655 (Χ.
1232 3573 1519 3653 κάλτιος,
1572 3576 1797 3661 ecquid
1840 3576 2155 3655 πατρίκιος
2197 3576 2488 3650 κάλτιοςῖ)
2534 3579 2645 3645 sed

271 3686 345 3750 cf.
405 3706 455 3749 c.
509 3683 618 3765 10)
681 3681 820 3747 οὔτε
886 3682 1214 3753 δακτύλιος
1283 3685 1632 3755 πολυτελὴς
1699 3685 2099 3764 παρωνυχίας
2162 3683 2303 3749 οὔτε
2368 3685 2641 3763 διάδημα

274 3791 735 3868 κεφαλαλγίας.
784 3789 922 3854 Iam
970 3788 1180 3854 elucet
1226 3789 1393 3855 unde
1440 3789 1712 3854 absurda
1757 3792 1881 3855 ista
1921 3796 2059 3855 orta
2096 3792 2257 3857 sint:
2307 3792 2645 3877 adscripsit
2766 3806 2771 3811 ·

274 3895 489 3981 aliquis
537 3895 618 3960 ad
661 3896 984 3980 genitivos
1031 3894 1390 3973 ποδάγρας,
1441 3896 1881 3977 παρωνυχίας,
1933 3898 2391 3974 κεφαλαλγίας
2440 3903 2505 3963 et
2554 3900 2643 3962 sic

274 4002 713 4068 documentum
751 3999 926 4065 dedit
964 4021 1029 4065 se
1069 4002 1437 4065 universam
1477 3999 1599 4065 loci
1641 4002 2030 4066 sententiam
2064 4002 2222 4067 bene
2247 4002 2643 4089 intelligere:

275 4110 299 4173 ὅ
357 4113 454 4173 τοῦ
516 4110 801 4185 σώματος
868 4106 1094 4182 κόσμος
1143 4109 1250 4172 οὐκ
1299 4107 1711 4171 ἀπαλλάττει
1764 4114 1879 4183 τῶν
1925 4111 2199 4186 φυσικῶν
2247 4110 2475 4174 παθῶν.
2543 4107 2640 4176 Of.

277 4235 420 4301 quae
453 4216 750 4280 continuo
791 4218 1230 4299 opponuntur:
1272 4213 1450 4278 πόθεν
1493 4236 1570 4290 γε
1611 4213 1680 4287 δὴ
1726 4213 1869 4292 πρὸς
1912 4213 2189 4278 άλυπίαν
2230 4221 2505 4295 ψυχῆς
2550 4263 2564 4281 .
2589 4263 2638 4281 ..

276 4319 476 4401 ὄφελος
527 4321 558 4394 ἢ
611 4319 784 4395 δόξης
834 4320 867 4395 ἢ
919 4319 1269 4398 δυνάμεως;
1323 4318 1449 4385 Sed
1496 4321 1731 4384 misere
1780 4318 1995 4384 locum
2048 4322 2333 4405 corrupit
2382 4323 2494 4407 qui
2538 4341 2641 4385 an-

279 4429 650 4493 notationem
694 4429 764 4490 in
812 4430 1067 4491 textum
1112 4427 1369 4509 recepit.
2237 4426 2297 4491 J.
2346 4426 2405 4492 J.
2454 4426 2542 4492 H.
