3392 5384
1279 427 1365 474 nn
1407 426 1559 472 man
1605 427 1888 475 nomano.
2645 412 2779 479 395

380 614 532 658 eum
581 595 693 679 qui
738 593 944 660 alieno
993 595 1252 658 nomine
1299 593 1487 659 litem
1527 595 1734 680 gerit,
1779 593 1948 679 quod
1989 600 2087 658 est
2125 594 2314 660 hodie
2344 594 2391 676 ¹)
2431 599 2778 683 cognitoris

376 721 649 779 manue,
714 706 780 766 et
844 702 956 786 qui
1002 698 1282 766 alienam
1330 699 1512 765 litem
1561 699 1908 786 gerendam
1955 699 2258 764 mandare
2307 705 2555 786 potest,
2606 704 2777 788 quod

373 813 825 872 conservatum
888 808 1174 891 oportuit
1201 803 1252 886 2)
1321 808 1716 890 procuratori
1777 803 1982 870 tutori
2046 807 2343 874 curatori.
2410 808 2621 892 Atque
2684 811 2775 875 sic

375 916 661 978 nascitur
720 916 946 999 ingens
1007 914 1284 978 vitium:
1348 917 1425 975 ut
1479 933 1556 976 ne
1604 911 1817 976 oblata
1864 911 2124 996 quidem
2173 912 2249 977 de
2296 919 2435 978 rato
2481 917 2775 980 cautione

374 1019 650 1085 alienam
692 1023 1003 1094 actionem
1047 1023 1418 1104 procurator
1445 1015 1494 1099 3)
1535 1021 1766 1103 exequi
1806 1021 2006 1102 possit
2039 1021 2222 1084 iuxta
2249 1023 2595 1104 pristinum
2622 1019 2775 1088 Gal-

371 1124 586 1190 lorum
633 1126 938 1212 adagium
982 1127 1136 1202 „nul
1171 1148 1246 1188 ne
1281 1125 1502 1207 plaide
1535 1147 1662 1206 par
1697 1147 2035 1206 procureur
2060 1125 2179 1207 ⁴)”,
2230 1147 2353 1191 non
2400 1127 2466 1191 id
2512 1127 2770 1196 volente

370 1230 734 1318 legislatore
781 1232 890 1298 sed
933 1239 1150 1296 tamen
1190 1231 1499 1297 efficiente
1526 1231 1597 1312 5).
1649 1231 1800 1295 Pari
1842 1231 2102 1316 quidem
2146 1233 2435 1297 socordia
2474 1215 2767 1302 effect-um

373 1347 504 1416 est,
568 1344 642 1403 ut
688 1360 766 1402 ne
813 1337 1027 1403 oblata
1077 1337 1337 1422 quidem
1388 1336 1747 1402 iudicatum
1798 1335 1966 1402 solvi
2016 1337 2432 1404 satisdatione
2482 1341 2765 1407 absentis

375 1444 664 1510 defensor
730 1443 1114 1508 admittatur
1141 1443 1213 1525 ὓ),
1285 1464 1678 1529 quamquam
1741 1446 1965 1529 negari
2030 1465 2154 1508 non
2219 1451 2431 1529 potest
2493 1483 2579 1494 —
2648 1451 2770 1513 etsi

373 1551 649 1636 negabat
709 1549 1403 1637 Bethmann·Hollweg
1432 1548 1481 1632 7)
1530 1588 1616 1598 -
1654 1549 1904 1632 publice
1966 1550 2121 1613 utile
2181 1553 2683 1631 e(8ee),absentee
2730 1579 2769 1617 a

372 1657 823 1743 quibuscumque
889 1657 1145 1741 defendi
1171 1655 1243 1738 ⁸),
1314 1657 1502 1722 modo
1565 1656 1631 1720 id
1693 1656 1805 1721 fiat
1867 1659 2001 1721 sine
2063 1659 2448 1741 cuiusquam
2494 1661 2730 1725 iniuria

373 1783 534 1850 quae
581 1784 707 1828 non
754 1769 962 1849 potest
1008 1785 1142 1829 esse
1191 1763 1360 1842 ulla,
1410 1764 1524 1828 ubi
1568 1763 1932 1828 iudicatum
1979 1762 2149 1829 solvi
2195 1764 2627 1830 satisdabitur.

439 2027 494 2088 Ι)
541 2026 801 2089 Postquam
847 2022 1093 2089 displicuit
1136 2022 1372 2086 cognitori
1408 2021 1528 2071 solvi
1565 2038 1717 2088 posse.
1753 2023 1825 2074 Cf.
1864 2022 2031 2080 Eisele,
2074 2023 2301 2086 Ooqnitur
2332 2024 2435 2072 und
2469 2023 2765 2073 Precuratur

369 2107 542 2168 (1881)
576 2099 747 2168 §2112
780 2104 1010 2166 (Adducit
1044 2105 1077 2153 1.
1119 2106 1179 2154 13
1215 2120 1287 2169 pr.
1323 2106 1380 2152 D.
1415 2104 1462 2152 2.
1485 2105 1573 2162 14;
1607 2104 1639 2152 1.
1671 2104 1735 2156 73
1770 2107 1827 2154 D.
1856 2105 1901 2153 3.
1922 2107 1980 2162 8;
2012 2104 2043 2152 1.
2065 2105 2129 2152 86
2152 2107 2205 2155 D.
2226 2107 2309 2154 46.
2330 2106 2389 2164 3;
2420 2104 2525 2162 Ἶρι.
2548 2106 2605 2154 fr.
2626 2105 2760 2167 335).

437 2183 497 2254 2)
541 2189 608 2238 nx
656 2204 750 2253 quo
794 2188 948 2252 coepit
983 2187 1284 2250 cognitorum
1319 2187 1450 2236 natio
1485 2186 1702 2236 omnium
1739 2186 1901 2235 litium
1937 2186 2199 2250 gestionem
2233 2185 2322 2236 sibi
2361 2187 2590 2250 adrogare
2624 2187 2763 2251 quasi

375 2270 682 2337 privilegium
715 2270 966 2333 quoddam.

437 2353 491 2416 3)
530 2352 656 2401 Nam
689 2354 827 2400 tutor
861 2351 934 2399 vel
972 2354 1166 2400 curator
1199 2350 1490 2401 constitutus
1517 2350 1642 2399 idem
1673 2349 1827 2398 facere
1855 2365 1948 2398 non
1980 2349 2321 2414 prohibeberis.
2361 2352 2435 2399 Cf.
2464 2351 2762 2412 Endemann,

372 2433 806 2498 civilproaemrecht
852 2433 1032 2496 (1868)
1079 2433 1212 2494 §oh
1260 2433 1528 2493 (deutsche)
1579 2432 2015 2498 Oivilprozessordn.
2064 2433 2243 2495 (1879)
2276 2437 2298 2495 ς
2334 2435 2423 2493 5ος
2475 2433 2759 2492 Garsonnet,

369 2515 542 2568 Traite‘
561 2518 621 2566 de
650 2519 699 2566 la
722 2513 907 2579 procdd.
938 2515 965 2564 1
995 2515 1174 2578 (1882)
1206 2517 1226 2576 5
1250 2514 1421 2564 119ter
1437 2514 1509 2579 (p.
1527 2515 1654 2564 485:
1691 2517 1771 2564 -la
1799 2515 1999 2564 maxime
2034 2515 2150 2564 unul
2174 2513 2330 2579 n’aqit
2354 2533 2445 2580 par
2470 2514 2765 2580 procureur-'⁹

359 2638 373 2651 .
396 2635 410 2650 .
431 2637 444 2650 .
479 2604 551 2649 est
584 2596 833 2664 ἐίναπρὲνα
864 2615 930 2647 αα
963 2598 1165 2646 mandat
1199 2594 1402 2662 le'qal'').
1438 2599 1573 2661 Quae
1607 2613 1750 2661 quam
1788 2605 1921 2646 vetus
1956 2597 2018 2646 sit
2054 2598 2283 2663 exceptio,
2314 2597 2501 2648 docebit
2530 2599 2757 2648 Lauriere

359 2683 513 2747 apud:
549 2681 738 2744 Loyse1‚
777 2679 1039 2729 Instituta
1072 2685 1276 2738 coactum,
1312 2695 1387 2728 no.
1425 2678 1522 2733 374
1558 2679 1614 2742 (i.
1653 2678 1732 2743 f.).

423 2766 480 2829 4)
531 2764 624 2812 His
667 2762 826 2812 verbis
872 2762 988 2811 olim
1034 2759 1390 2826 significabatur
1436 2761 1519 2825 (cf.
1566 2761 1752 2824 Loysel,
1805 2763 2065 2812 Instituta
2112 2762 2419 2813 consumier-es
2466 2761 2564 2827 (ed.
2604 2763 2757 2826 1846)

359 2863 436 2896 no.
473 2847 613 2909 374),
648 2845 910 2911 cognitoris
945 2843 1130 2894 nullam
1164 2859 1263 2893 esse
1296 2843 1555 2902 dationem,
1590 2859 1731 2908 quem
1763 2844 2061 2894 Iustinianus
2096 2845 2203 2894 litia
2226 2843 2635 2910 procurandoru)
2672 2861 2758 2910 ap·

358 2929 507 2993 pellat
553 2928 608 2992 (l.
646 2929 709 2977 86
746 2928 805 2976 D.
844 2928 923 2976 46.
946 2930 996 2989 3)
1042 2927 1262 2976 hodierni
1309 2930 1469 2976 autem
1518 2927 1648 2975 Galli
1703 2924 1926 2977 naconem.
1974 2928 2130 2977 Hodie
2164 2928 2387 2992 adagium
2421 2944 2477 2977 eo
2514 2927 2756 2992 pertinere

359 3010 590 3067 creditur,
635 3025 694 3058 ne
741 3012 1026 3074 procurator
1069 3009 1275 3058 alienam
1310 3009 1548 3059 actionem
1584 3025 1668 3058 suo
1702 3010 1886 3058 nomine
1922 3014 2208 3075 exsequatur
2243 3012 2547 3072 (Garsonnet,
2588 3007 2759 3059 Traite‘

359 3092 420 3140 de
457 3089 644 3154 proce‘d.
697 3092 720 3139 1
768 3092 948 3153 (1882)
994 3092 1132 3152 §119
1169 3094 1234 3156 (p.
1270 3091 1396 3143 478:
1446 3107 1534 3140 non
1558 3092 1728 3156 plaido
1751 3109 1850 3156 par
1877 3108 2141 3155 procureur
2173 3095 2339 3157 quand
2368 3109 2429 3142 on
2462 3108 2512 3142 se
2531 3093 2650 3158 fait
2683 3109 2755 3142 re·

351 3172 597 3238 presentet·
619 3189 717 3236 par
748 3189 812 3220 am
845 3173 1148 3221 mandataire
1179 3172 1263 3236 qui
1296 3173 1401 3236 aqi!
1437 3190 1507 3223 eu
1540 3189 1646 3222 son
1679 3189 1805 3222 nom
1828 3190 1942 3237 pro
1952 3191 1985 3238 p
2000 3175 2140 3239 re”),
2171 3176 2297 3239 qnod
2334 3191 2393 3224 ne
2426 3175 2529 3224 fleri
2558 3174 2752 3239 quidem

353 3257 526 3320 potest,
571 3254 684 3318 quia
730 3253 814 3317 qui
862 3253 1066 3302 alienam
1112 3253 1347 3302 actionem
1393 3270 1477 3303 mo
1523 3255 1710 3304 nomine
1756 3256 2049 3318 exsequitur,
2098 3272 2191 3305 non
2237 3260 2309 3304 est
2352 3259 2639 3320 procurator
2671 3257 2751 3305 sed

353 3338 501 3388 falsus
547 3337 775 3386 creditor.
822 3325 1058 3401 Quocirca
1102 3351 1157 3384 eo
1193 3337 1451 3385 deflectunt
1485 3337 1788 3397 sententiam,
1826 3338 1961 3401 quasi
1997 3338 2179 3388 dictum
2215 3339 2304 3388 sit:
2338 3339 2389 3388 in
2418 3339 2626 3387 omnibus
2654 3338 2756 3388 litis

358 3419 696 3470 instrumentis
747 3418 928 3467 domini
979 3433 1152 3467 nomen
1205 3417 1567 3483 exprimendum
1617 3434 1743 3478 ease3
1802 3423 1978 3482 negant
2027 3423 2274 3485 praeterea
2323 3421 2624 3484 procuratori
2663 3421 2757 3469 rite

355 3501 651 3559 denuntiari,
695 3499 894 3565 proinde
941 3499 1135 3548 domino
1169 3497 1548 3548 denuntiandum
1582 3515 1699 3558 esse,
1736 3500 2159 3564 quotienscumque
2194 3502 2296 3565 lege
2332 3500 2606 3549 denuntiari
2642 3500 2757 3565 quid

356 3587 576 3649 oporteat
609 3582 851 3644 (Glasson‚
887 3583 956 3631 La
990 3579 1198 3645 reYorme
1229 3582 1288 3630 de
1323 3583 1374 3630 Ia
1401 3581 1587 3644 proce'd.
1627 3583 1717 3633 civ.
1756 3583 1939 3646 (1886)
1979 3600 2026 3649 p.
2062 3585 2199 3644 34s5.

426 3668 479 3731 5)
517 3666 774 3727 (deutsche)
797 3665 1234 3728 Civilprozessordn.
1253 3663 1423 3725 (1879)
1454 3662 1575 3725 574.
1596 3663 1642 3713 1.
1678 3665 1921 3730 Scriptum
1956 3664 2227 3730 oportebat:
2262 3665 2343 3715 die
2376 3665 2755 3726 Parteien(oder
2841 3728 2847 3733 ·

348 3748 454 3797 ihre
491 3745 894 3810 Stellvertreter),
929 3744 1099 3793 deinde
1134 3744 1387 3793 omissum:
1424 3747 1502 3793 als
1538 3746 2015 3812 Bevollmc'ichtiqten.
2053 3747 2296 3806 Ceterum,
2335 3747 2428 3797 nisi
2466 3749 2587 3796 esset
2621 3763 2755 3796 man·

349 3831 514 3880 datum
545 3829 727 3878 domini
759 3829 885 3894 apud
916 3831 1021 3877 acta
1040 3827 1382 3877 ostendendum
1402 3828 1447 3891 (5
1469 3827 1570 3888 76),
1588 3828 1743 3878 adhuc
1762 3831 1919 3894 posset
1937 3834 2221 3894 procurator
2238 3829 2531 3880 intervenire
2547 3829 2750 3878 iubendo

350 3913 646 3976 cognitorem
679 3911 862 3961 domini
898 3910 1092 3960 nomine
1126 3908 1274 3968 abuti,
1309 3910 1443 3974 quasi
1479 3911 1521 3958 is
1553 3911 1643 3960 sibi
1679 3912 1947 3961 mandasset
1982 3912 2223 3974 (Pothier‚
2265 3911 2433 3963 Praite'
2457 3913 2524 3962 du
2553 3913 2751 3963 mandat

353 4009 430 4042 no.
471 3995 631 4043 126.3
668 4008 768 4043 vv.:
812 3993 879 4042 α’(
907 3993 1118 4041 donnera
1146 3992 1346 4057 pouvoir
1380 4026 1393 4041 .
1419 4029 1430 4041 .
1452 4030 1462 4041 .
1496 3990 1743 4057 ὤσει-ηραν
1766 4009 1893 4057 pour
1926 3993 2068 4044 mmm.
2103 3995 2165 4043 io.
2202 4010 2283 4044 no.
2322 3994 2457 4057 127).

420 4076 476 4139 6)
513 4074 804 4134 Endemann,
844 4071 1280 4139 Civitprozemebht
1316 4071 1486 4135 (1868)
1522 4075 1626 4136 §90
1663 4074 1707 4127 I.
1743 4075 1815 4124 cf.
1854 4077 2101 4126 Groenew.
2135 4077 2194 4126 de
2228 4077 2341 4141 Leg.
2376 4075 2538 4141 abrog.
2572 4077 2631 4125 ad
2670 4079 2739 4138 §5

348 4156 469 4207 Inst.
506 4156 576 4206 1v
614 4157 694 4206 11.

414 4239 470 4304 7)
525 4239 755 4290 remobe
800 4238 970 4301 (1827)
1014 4257 1062 4305 p.
1109 4240 1338 4288 uam:
1389 4241 1484 4288 uda
1527 4240 1653 4290 nack
1699 4256 1885 4290 marm
1930 4240 2201 4307 Verfakren
2234 4259 2349 4291 -zum
2401 4241 2633 4293 Nachtet’l
2662 4243 2746 4294 des

341 4321 638 4373 abaoeeenden
674 4321 938 4384 Beklaqten
971 4321 1133 4370 wichte
1161 4321 1353 4385 vers&
1389 4320 1554 4372 wird”.
1595 4320 1741 4382 Quod
1778 4338 1943 4372 verum
1978 4339 2072 4372 non
2108 4327 2195 4374 est.

414 4404 473 4469 8)
516 4405 564 4453 [ι.
603 4405 667 4453 33
701 4405 774 4464 §2
815 4407 870 4453 D.
907 4406 1024 4454 3.3.
