3392 5384
730 407 858 474 166
1742 423 2119 474 rumorum.

722 591 940 672 δρόμου
999 590 1351 671 Φερόμενον.
1425 590 1518 656 De
1568 591 1934 655 Atticorum
1982 611 2107 656 usu
2154 588 2320 654 nihil
2368 587 2681 656 affirmare
2728 591 2959 669 ausim,
3008 589 3114 655 sed

720 702 1100 766 recentiores
1151 704 1320 764 certe
1367 699 1804 783 scripsissent:
1856 696 2344 768 έπικόπτεις
2365 743 2383 775 ,
2436 697 2607 781 quod
2654 699 2944 782 apprime
2990 696 3113 763 huc

724 807 1049 873 convenit.

815 1009 975 1077 Ibid.
1039 1033 1104 1096 p.
1171 1008 1304 1079 414
1324 1009 1378 1075 Β
1398 1059 1412 1076 .
1485 1007 1854 1074 Admodum
1923 1007 2345 1075 memorabile
2415 1013 2513 1074 est
2573 1006 2746 1093 quod
2806 1005 2887 1074 ad
2948 1007 3115 1073 hunc

721 1118 938 1185 locum
1002 1115 1280 1185 Cobetus
1342 1113 1675 1181 adnotavit
1745 1115 2007 1180 Miscell.
2064 1116 2213 1180 Oria.
2263 1137 2326 1200 p.
2378 1114 2531 1180 352.
2580 1115 2876 1201 Speciem
2924 1115 3118 1180 habet

724 1226 893 1312 quod
961 1224 1286 1290 contendit
1357 1221 1693 1288 Platonem
1765 1244 1887 1287 non
1953 1221 2347 1288 intellexisse
2418 1222 2573 1308 quid
2643 1230 2808 1288 esset
2880 1221 3119 1287 Home·

726 1334 933 1397 ticum
987 1331 1260 1397 verbum
1315 1330 1672 1406 ἀπογυιοῦν.
1738 1326 1912 1393 Illud
1968 1349 2222 1414 quoque
2268 1328 2550 1394 notabile
2587 1331 2656 1393 in
2699 1328 2913 1396 verbis
2961 1348 3122 1413 quae

724 1439 1017 1524 proxime
1098 1442 1491 1520 sequuntur:
1577 1435 1636 1498 έν
1710 1437 1793 1513 τῷ
1866 1434 2295 1515 κατόπτρῳ
2377 1434 2444 1499 οὐ
2517 1436 2683 1500 δοκεῖ
2744 1430 2982 1500 ἄτοπον
3052 1434 3123 1498 τὸ

726 1544 1165 1622 ἐμβεβλῆσθαι
1227 1544 1297 1608 τὸ
1360 1545 1471 1622 ῥοῦς
1544 1542 1671 1606 Hic
1733 1540 2004 1628 Egelius
2066 1543 2134 1606 in
2198 1541 2365 1607 Diss.
2433 1542 2625 1614 Acad.
2678 1542 2887 1607 Amet.
2945 1540 3120 1606 1902

725 1672 787 1736 p.
838 1649 921 1715 21
974 1635 1229 1735 quaerit
1270 1670 1385 1714 cur
1432 1648 1498 1712 τὸ
1547 1651 1621 1728 ῥῶ
1671 1649 1987 1714 insertum
2034 1653 2169 1713 tam
2214 1646 2474 1714 ἄτοπον-
2492 1635 2611 1728 sit,
2656 1646 2883 1714 deinde
2923 1649 3126 1733 suspi-

725 1763 907 1823 catur
954 1756 1294 1823 Platonem
1342 1755 1588 1820 dedisse
1635 1779 1785 1819 κατ
1804 1753 2061 1834 ρόπτῳ
2083 1804 2099 1833 ,
2149 1775 2310 1839 quae
2355 1753 2645 1842 vulgaris
2691 1756 2895 1821 forma
2947 1756 3127 1842 quin-

727 1863 939 1930 decim
983 1861 1142 1928 locis
1185 1863 1252 1926 in
1299 1860 1831 1946 Inscriptionibus
1876 1863 2164 1926 recurrit.

817 2080 978 2152 Ibid.
1020 2079 1262 2146 420D:
1304 2078 1479 2149 τέλος
1518 2080 1644 2158 γὰρ
1685 2079 1795 2155 ἤδη
1838 2079 1994 2160 θεῷ.
2038 2078 2220 2159 Quod
2252 2078 2611 2164 plurimum
2644 2083 2863 2161 miror,
2886 2080 3122 2148 Schan-

726 2189 864 2252 zius
929 2187 1032 2251 hic
1095 2185 1389 2252 codicum
1435 2187 1722 2271 ineptam
1770 2184 2110 2250 lectionem
2156 2187 2477 2264 servavit3
2527 2207 2652 2252 non
2703 2190 2905 2254 miror
2953 2189 3122 2275 quod

728 2292 921 2359 fidem
981 2313 1104 2358 non
1154 2293 1384 2357 habuit
1427 2291 1752 2377 Stephano
1799 2293 1910 2378 qui
1956 2291 2431 2358 commendavit
2477 2293 2559 2364 εἰς
2612 2295 2786 2366 τέλος
2833 2296 2964 2376 γὰρ
3014 2296 3120 2373 ἤδη

728 2400 916 2478 θέλω,
967 2398 1072 2466 vel
1118 2400 1306 2466 Astio
1358 2400 1469 2484 qui
1517 2397 1850 2485 supplevit
1896 2399 2070 2470 τέλος
2119 2404 2247 2479 γὰρ
2296 2400 2405 2475 ἤδη
2452 2400 2744 2466 ἐπιθεῖναι
2795 2401 2971 2480 θέλω,
3018 2402 3125 2468 sed

724 2507 1183 2584 Abreschium,
1258 2507 1371 2590 qui
1439 2503 1809 2571 emendavit
1882 2505 2058 2576 τέλος
2131 2506 2257 2584 γὰρ
2329 2505 2437 2581 ἤδη
2513 2507 2649 2572 θεῶ
2672 2554 2689 2586 ,
2754 2512 2898 2574 tuto
2946 2511 3125 2594 sequi

723 2619 1038 2699 potuerat.
1079 2611 1220 2698 Ego
1261 2632 1516 2698 quoque
1553 2613 1622 2676 in
1662 2611 1840 2677 idem
1878 2612 2228 2677 incideram
2266 2611 2574 2678 adhibitis
2604 2613 2859 2680 Politic.
2886 2613 3122 2681 29813:

724 2721 830 2784 θεῶ
899 2719 969 2793 δὴ
1021 2721 1122 2783 καὶ
1176 2718 1244 2782 τὸ
1293 2719 1462 2797 μετὰ
1511 2722 1722 2784 ταῦτα
1776 2718 2066 2795 ἑπόμενον
2114 2725 2179 2784 et
2227 2719 2489 2788 Menon.
2538 2742 2599 2807 p.
2648 2720 2842 2788 8213:
2893 2724 3003 2788 θεῶ
3055 2723 3123 2797 δὴ

724 2825 909 2890 αὐτὸν
950 2825 1592 2902 ἀναμιμνησκόμενον.
1635 2822 1918 2892 Cobetus
1958 2826 2184 2890 Mnem.
2232 2824 2406 2892 1859
2447 2849 2513 2912 p.
2540 2825 2675 2910 368
2712 2827 2882 2893 illud
2904 2831 3125 2915 ipsum

724 2934 832 2996 θεῶ
902 2931 1182 2996 reddidit
1245 2930 1495 2997 Iuliano
1560 2953 1622 3016 p.
1692 2930 1896 2996 30013
1955 2937 2021 2998 et
2088 2934 2401 2998 aoristum
2469 2935 2844 3020 imperativi
2907 2937 3123 3001 θέασαι

722 3037 1002 3103 Eusebio
1063 3037 1123 3100 ἕν
1183 3037 1380 3117 Ἑρμῇ
1447 3035 1656 3117 Λογίῳ
1707 3059 1769 3122 p.
1820 3036 1975 3102 456.
2040 3037 2186 3123 Ipse
2230 3038 2459 3104 Muem.
2513 3038 2687 3105 1888
2735 3062 2798 3125 p.
2848 3039 2979 3106 103
3026 3043 3121 3106 in-

723 3143 933 3209 dicavi
979 3142 1155 3208 Plut.
1205 3142 1432 3208 Moral.
1480 3165 1543 3229 Ρ.
1598 3141 1807 3210 7702·
1841 3146 1947 3209 θεῶ
1988 3143 2381 3224 Φλεγόμενον
2427 3146 2532 3211 καὶ
2584 3148 3002 3226 ἀδημονοῦντα
3056 3154 3121 3215 et

722 3271 786 3336 p.
837 3248 1080 3314 462D:
1150 3249 1254 3315 ὑπ’
1317 3250 1528 3326 αὐγὰς
1597 3250 1705 3314 θεῶ
1768 3250 1871 3315 καὶ
1924 3251 2086 3316 πολύ
2133 3274 2224 3316 σοι
2271 3251 2521 3329 βέλτιον
2568 3261 2907 3333 Φανεῒται,
2954 3257 3116 3321 item

722 3355 1098 3442 Apollodori
1144 3354 1393 3423 Comici
1439 3355 1880 3442 fragmentum
1931 3356 2101 3442 apud
2140 3356 2486 3424 Stobaeum
2534 3358 2702 3424 Flor.
2750 3358 2978 3426 XLVI.
3010 3360 3117 3426 15.

722 3461 888 3527 Sunt
953 3483 1205 3549 quoque
1268 3465 1393 3528 tria
1440 3461 1735 3548 exempla
1780 3463 1951 3548 apud
1998 3462 2381 3550 Synesium,
2432 3465 2509 3531 de
2558 3465 2777 3552 Regno
2824 3487 2886 3552 p.
2941 3466 3117 3550 1413,

723 3567 906 3635 Galv.
971 3569 1237 3634 Encom.
1302 3591 1363 3655 p.
1419 3568 1579 3636 70A
1624 3574 1690 3635 et
1738 3569 1814 3634 de
1861 3569 2141 3635 Insomn.
2192 3592 2257 3655 p.
2308 3570 2436 3636 140
2454 3571 2525 3636 B.
2576 3572 2710 3637 Aut
2754 3578 2912 3638 satis
2960 3572 3117 3640 haec

723 3680 912 3740 erunt
959 3680 1073 3740 aut
1117 3674 1284 3742 nihil
1329 3676 1452 3740 erit
1495 3677 1670 3741 satis.
1708 3661 1731 3670 ”

815 3891 976 3959 Ibid.
1041 3914 1104 3979 p.
1154 3891 1392 3960 4260:
1460 3901 1574 3968 τῆς
1623 3894 1910 3968 κινήσεως
1962 3891 2029 3969 ἣν
2077 3896 2226 3961 οὐδ’
2276 3893 2622 3974 εἴπομεν
2672 3897 2745 3961 δι’
2793 3892 2829 3962 ὅ
2872 3921 2929 3962 τι
2979 3895 3114 3977 ἔχει

723 4005 904 4065 τοῦτο
969 3997 1257 4077 τοῦνομα.
1324 4000 1527 4080 Quem
1590 4021 1715 4066 non
1780 4001 2041 4067 offendit
2101 4003 2313 4068 istud:
2378 4027 2453 4067 ne
2514 4004 2796 4069 diximus
2844 4001 3113 4090 quidem?

725 4105 1009 4172 Platonis
1055 4127 1284 4172 manus
1331 4109 1615 4172 revocari
1660 4115 1871 4193 potest
1918 4107 2165 4174 collatis
2211 4109 2484 4176 Phaedr.
2533 4132 2595 4196 p.
2645 4108 2876 4177 2530:
2926 4113 3111 4190 ἀρετὴ

723 4213 787 4278 δὲ
836 4215 928 4285 τίς
980 4218 1087 4278 τοῦ
1135 4213 1377 4291 ἀγαθοῦ
1425 4216 1506 4279 οὐ
1556 4214 2024 4294 διείπομεν,
2090 4215 2347 4282 Politic.
2396 4239 2457 4302 p.
2507 4214 2749 4283 275A:
2797 4214 3001 4282 ὅντινα
3052 4218 3111 4281 δὲ

724 4319 941 4398 τρόπον
989 4321 1072 4385 οὐ
1121 4319 1574 4398 διείπομεν.

818 4534 978 4599 Ibid.
1045 4557 1105 4620 p.
1160 4534 1404 4645 483Ατ
1468 4531 1663 4614 ὥσπερ
1730 4536 1782 4601 οἷ
1850 4537 1908 4600 έν
1972 4535 2269 4616 Αἰγίνῃ
2331 4534 2557 4616 νύκτωρ
2622 4535 2947 4617 περιιόντες
3000 4538 3109 4612 ὀψὲ
