3392 5384
672 423 805 492 296
917 455 930 468 ·
1621 435 1628 442 ’
1714 441 2030 492 nonnus.

672 608 985 688 videatur,
1043 611 1155 695 qui
1219 610 1433 676 verbis
1496 607 1774 689 „melius
1836 609 1955 674 hoc
2016 608 2183 674 clare
2244 605 2535 674 dictum''
2598 611 2771 686 cett„
2820 607 3067 692 optime

667 713 914 780 refellit
972 715 1158 794 illud,
1218 715 1390 802 quod
1449 718 1517 781 in
1563 716 1659 797 (6)
1708 722 1808 781 est
1854 715 1929 780 de
1979 717 2373 792 „summissa
2420 712 2644 781 voce’'.
2691 713 2918 799 Itaque
2956 733 3069 778 no-

669 842 831 887 vum
893 823 997 888 hic
1060 821 1431 908 exemplum
1492 825 1862 889 invenimus
1926 824 2063 887 eius
2127 823 2256 900 rei,
2307 842 2502 907 quam
2548 826 2735 886 antea
2765 817 2812 902 ¹)
2860 820 3068 886 obser-

669 929 1006 1007 vavimuS‚
1077 925 1403 995 Donatum
1471 931 1668 994 citare
1737 931 2337 1014 interpretationem
2400 931 2864 1013 antiquiorem,
2936 947 3067 991 non

669 1033 1006 1099 addentem
1066 1040 1144 1116 ut
1203 1033 1404 1122 vulgo
1470 1039 1664 1112 „sunt
1728 1037 1841 1120 qui
1900 1033 2342 1120 intelligant”,
2408 1032 2512 1100 vel
2574 1032 2701 1098 tale
2748 1033 2938 1118 quid,
2988 1053 3063 1097 ac

669 1139 817 1205 dein
860 1140 1023 1205 hanc
1065 1140 1344 1207 refutare
1393 1143 1489 1221 (in
1540 1140 1759 1222 A(l))
1806 1161 2117 1225 suamque
2165 1162 2406 1207 novam
2456 1141 2846 1227 subiungere
2892 1138 3011 1222 (7).

757 1244 829 1310 Si
896 1247 1050 1311 haec
1110 1267 1260 1313 vere
1327 1247 1654 1332 disputata
1716 1254 1902 1326 sunt,
1966 1247 2193 1312 Editor
2251 1249 2321 1312 in
2384 1254 2747 1312 commento
2808 1249 3065 1313 invenit

669 1355 950 1438 quinque
1009 1353 1250 1419 scholia
1310 1353 1428 1419 hoc
1489 1353 1710 1419 ordine
1774 1353 2117 1439 disposita:
2185 1353 2238 1418 B
2264 1353 2382 1434 (6),
2449 1355 2527 1431 A,
2555 1352 2608 1418 B
2631 1349 2730 1435 (7)
2794 1353 2871 1418 (16
2933 1352 3065 1419 loci

669 1462 1101 1539 enarratione,
1167 1466 1230 1525 et
1289 1459 1467 1550 13’(3)
1529 1459 1607 1524 de
1669 1465 1820 1526 nota
1867 1459 2147 1526 formula
2160 1481 2178 1540 ;
2245 1466 2570 1549 praeterea
2614 1462 2684 1524 in
2730 1461 3064 1545 margine,

671 1569 915 1651 opinor,
962 1565 1316 1652 legebatur·
1341 1567 1394 1632 B
1419 1566 1538 1649 (4).
1589 1566 1767 1633 Haec
1810 1569 1905 1633 ita
1951 1566 2308 1644 ordinavit,
2350 1571 2426 1632 ut
2464 1572 2882 1652 praeponeret
2921 1567 3063 1632 bre-

667 1675 1010 1739 vissimum
1058 1670 1176 1752 (4),
1227 1681 1372 1737 tum
1417 1669 1724 1739 insereret
1769 1694 1963 1738 suum
2012 1672 2108 1753 (5)
2154 1679 2219 1738 et
2264 1679 2619 1738 assumeret
2658 1673 2776 1754 (6),
2833 1674 2911 1751 A,
2963 1669 3063 1751 (7)

669 1778 786 1859 (3).
836 1776 1237 1864 Compilator
1271 1801 1360 1845 ex
1406 1783 1698 1867 margine
1747 1781 1825 1845 ab
1871 1782 2057 1846 initio
2104 1781 2323 1866 posuit
2365 1780 2461 1860 (l)
2503 1780 2600 1862 (2)
2638 1779 3063 1864 adiunxitque

668 1883 764 1966 (3)
813 1906 847 1949 e
894 1885 1016 1950 fine
1062 1885 1467 1952 translatum.
1517 1884 1800 1951 Tandem
1850 1889 1940 1964 ie,
1992 1888 2103 1972 qui
2150 1886 2418 1951 confecit
2463 1888 2693 1951 seriem
2731 1887 2809 1964 A,
2854 1907 3061 1950 unum

671 1990 861 2056 modo
908 1990 1221 2056 scholium
1265 1994 1580 2077 excerpsit
1621 1992 1698 2058 de
1739 1994 2255 2079 pronuntiatione
2285 1989 2357 2073 ²),
2400 1994 2639 2058 etenim
2678 1993 2748 2057 in
2787 1991 2845 2056 A
2878 1990 3059 2058 locus

672 2097 948 2163 difficilis
993 2119 1253 2184 prorsus
1300 2100 1646 2164 omittitur.

757 2312 920 2378 Ibid.
962 2313 1042 2378 ad
1080 2334 1190 2379 vv.
1232 2312 1320 2378 22
1359 2318 1425 2378 et
1464 2311 1551 2377 23
1590 2314 1660 2377 in
1697 2312 1751 2377 B
1791 2317 2097 2398 quattuor
2133 2312 2372 2378 scholia
2408 2312 2724 2398 leguntur
2745 2315 3025 2398 genuina
3037 2333 3057 2392 ;

665 2422 734 2485 in
800 2419 858 2484 A
919 2441 1126 2485 unum
1171 2424 1429 2484 tantum
1476 2419 1554 2484 ad
1601 2440 1696 2485 vs·
1738 2418 1872 2512 23:
1925 2418 2064 2498 „Ob
2112 2418 2319 2484 hanc’'
2364 2419 2434 2484 id
2481 2424 2577 2485 est
2621 2440 2736 2504 pro
2780 2418 2915 2484 filia
2958 2421 3060 2504 ip·

669 2529 838 2604 sius,
891 2562 974 2574 -
1021 2526 1216 2611 idque
1263 2532 1637 2612 suspectum
1682 2532 1942 2611 propter
1987 2525 2265 2592 formam
2312 2534 2483 2612 (pro
2532 2527 2628 2611 fg).

759 2631 924 2697 Ibid.
989 2632 1070 2697 ad
1133 2652 1227 2697 vs.
1277 2631 1365 2697 24
1427 2635 1496 2696 in
1557 2631 1610 2696 B
1675 2633 1799 2696 tria
1848 2631 2090 2698 scholia
2136 2631 2373 2698 Donati
2418 2631 2606 2717 plena
2654 2636 2719 2697 et
2762 2634 3054 2718 integra3

664 2740 735 2803 in
780 2739 838 2802 A
883 2738 1038 2803 haec
1086 2737 1249 2802 duo:
1298 2738 1396 2819 (l)
1443 2739 1904 2822 Aspernari
1952 2744 2049 2804 est
2096 2741 2302 2804 averti
2347 2761 2470 2804 non
2516 2738 2731 2804 solum
2773 2759 3055 2830 corpore,

665 2843 774 2908 sed
836 2845 1032 2908 etiam
1094 2846 1330 2908 animo,
1394 2843 1488 2924 (2)
1551 2845 2017 2928 Aspernari
2081 2850 2176 2910 est
2239 2866 2531 2911 recusare
2592 2851 2706 2911 aut
2753 2846 2883 2911 fere
2927 2867 3057 2910 non

665 2970 1003 3035 agnoscere
1017 2969 1033 3026 ;
1082 2956 1178 3014 est
1225 2955 1445 3014 autem
1493 2949 1739 3015 dictum
1790 2951 1868 3015 ab
1922 2952 2042 3029 „a”
2092 2958 2157 3017 et
2207 2951 2540 3038 „sperno’'.

755 3055 1165 3120 Alterutrum
1227 3077 1263 3122 a
1323 3055 1570 3122 Donato
1633 3056 2134 3123 abiudicandum
2154 3080 2171 3137 ;
2238 3058 2421 3124 credo
2484 3059 2644 3137 hoc,
2708 3060 2825 3125 ubi
2870 3059 3055 3126 verbi

663 3161 1047 3249 significatio
1111 3165 1325 3228 minus
1384 3168 1554 3229 recte
1602 3163 1875 3230 effici-tur
1921 3186 1999 3230 ex
2046 3167 2127 3230 iis
2175 3186 2335 3250 quae
2382 3165 2693 3231 Phormio
2739 3165 2904 3231 dixit
2948 3186 3046 3232 vs.

665 3268 703 3333 5
729 3290 845 3354 sq„
893 3290 1042 3335 cum
1080 3290 1296 3355 reapse
1336 3273 1422 3336 sit
1460 3269 1650 3356 longe
1689 3271 2151 3351 vehementior,
2192 3277 2267 3336 ut
2308 3285 2404 3337 est
2443 3274 2511 3337 in
2551 3270 2761 3358 Gloes.
2804 3272 3053 3358 „despi-

661 3397 834 3453 cere,
897 3382 1335 3456 contemnere,
1399 3375 1769 3442 detestari''.
1856 3376 1950 3441 De
1998 3377 2093 3459 (1)
2142 3377 2354 3444 confer
2402 3377 2786 3444 Livianum:
2840 3383 3053 3464 „Post-

661 3503 856 3569 quam
917 3484 1416 3568 aspernabantur
1476 3483 1803 3569 flagitium
1850 3484 2079 3548 aures’'
2128 3482 2305 3569 (VIII
2350 3483 2412 3550 8.
2443 3484 2509 3566 3)
2556 3490 2621 3550 et
2668 3484 3050 3552 Plautinum

658 3588 825 3654 illud
871 3591 938 3653 in
985 3586 1169 3675 Capt.
1217 3588 1313 3655 III
1363 3588 1424 3654 3.
1451 3588 1493 3654 2
1545 3609 1624 3667 „a
1670 3610 1775 3654 me
1824 3596 2166 3676 segregant
2212 3596 2645 3676 spernuntque
2689 3591 2798 3656 se''

749 3694 910 3761 Ibid.
961 3695 1070 3761 25.
1141 3695 1215 3760 In
1263 3695 1316 3759 B
1363 3695 1487 3760 duo
1536 3694 1795 3761 Donati.
1866 3695 1941 3760 In
1987 3697 2081 3761 A.
2132 3697 2297 3778 (1),
2296 3696 2603 3790 ,Pergin''
2655 3697 3045 3777 ἄπόστροφος

661 3822 774 3887 per
836 3800 1206 3880 παρένθεσιν.
1302 3801 1468 3886 (2),
1468 3800 1669 3879 ,Male
1717 3801 1938 3888 loqui''
1989 3825 2101 3889 pro
2147 3802 2547 3868 maledicere.
2642 3803 2738 3884 (3)
2788 3804 3049 3891 „Impu-

655 3907 926 3972 rissime'
935 3907 1490 3992 'improbissime.
1637 3907 1735 3989 (2)
1776 3915 2145 3994 excerptum
2186 3929 2265 3974 ex
2304 3910 2357 3975 B
2395 3909 2523 3991 (2).
2568 3909 2782 3989 „male
2820 3910 3043 3996 loqui'’

659 4034 774 4098 pro
812 4012 982 4078 male
1019 4014 1258 4093 dicere,
1301 4020 1365 4080 et
1404 4016 1654 4099 quaerit
1690 4015 1974 4093 Probus,
2019 4018 2162 4101 quis
2200 4023 2346 4081 ante
2384 4015 2756 4082 Terentium
2788 4017 3046 4083 dixerit.

660 4118 874 4185 Schol.
924 4118 1020 4202 (3)
1082 4119 1330 4186 Donato
1391 4121 1648 4187 concedi
1691 4126 1936 4206 potest,
1985 4122 2095 4188 sed
2142 4121 2363 4188 dubito
2410 4121 2487 4187 de
2529 4123 2625 4205 (l)
2669 4129 2935 4209 propter
2978 4124 3046 4189 id

731 4385 780 4454 I)
814 4395 970 4459 Supra
1003 4409 1049 4459 p.
1088 4395 1149 4442 81
1189 4393 1247 4442 ad
1282 4394 1405 4443 Eun.
1441 4394 1467 4443 I
1504 4393 1709 4457 2.4(3).

727 4475 783 4540 2)
829 4475 968 4524 Unde
1015 4475 1262 4540 utriusque
1307 4476 1488 4525 ordinis
1532 4478 1575 4525 A
1623 4485 1671 4526 et
1722 4477 1763 4526 B
1798 4475 1935 4543 origo
1970 4478 2226 4544 repetenda
2258 4479 2338 4539 eit,
2373 4481 2537 4545 postea
2572 4479 2829 4543 inquiram,
2862 4484 2912 4532 et
2946 4480 3042 4532 iam

659 4555 765 4606 vide
800 4573 920 4622 quae
954 4556 1180 4609 dicuntur
1211 4559 1271 4608 ad
1305 4574 1371 4608 ve.
1407 4559 1471 4608 28
1507 4560 1556 4608 et
1591 4560 1669 4609 30.
