3392 5384
1438 416 1753 467 nonnus.
2668 400 2802 467 249

406 590 550 670 post
573 605 940 649 concessum
960 632 975 661 ‚
1008 588 1079 647 ut
1107 585 1391 659 „mirum
1416 584 1628 649 nisirh.
1656 605 1715 669 q.
1742 607 1804 670 p.
1833 606 1893 653 0.
1917 584 2078 649 est''.
2107 619 2191 631 -
2219 582 2314 663 (3)
2341 584 2466 649 Hic
2486 633 2502 663 ,
2548 586 2800 671 inquit,

406 691 723 756 eiusmodi
769 697 898 768 est,
949 695 1024 754 ut
1069 691 1264 755 etiam
1304 712 1452 754 cum
1501 689 1673 755 mala
1721 690 2082 756 condicione
2129 690 2575 775 paciscendum
2620 694 2727 757 sit.

494 796 704 863 Schol.
770 797 865 876 (2)
935 798 1196 881 respicit
1269 794 1633 861 Gnathonis
1705 796 1898 860 verba
1968 818 2065 861 vs.
2132 794 2216 862 57
2287 798 2520 874 „Prius
2582 800 2802 864 audite

404 905 658 991 paucis;
728 902 895 987 quod
958 924 1109 968 cum
1173 902 1422 979 dixero,
1488 904 1541 967 si
1605 901 1955 987 placuerit,
2014 902 2345 980 facitote”‚
2395 925 2508 969 nec
2553 903 2804 970 Donato

402 1011 746 1097 indignum
811 1009 1136 1074 videretur
1199 1011 1253 1072 si
1318 1008 1630 1074 Phaedria
1679 1029 1902 1073 revera
1949 1016 2062 1073 aut
2111 1008 2647 1075 deliberationem
2695 1016 2808 1075 aut

374 1119 869 1184 concessionem
932 1120 1316 1192 recusasset,
1368 1114 1539 1200 quod
1586 1136 1768 1180 secus
1817 1122 1946 1193 est,
1996 1136 2148 1180 nam
2197 1116 2363 1180 nihil
2419 1116 2586 1181 dixit
2633 1139 2808 1203 prae-

401 1230 499 1289 ter
562 1221 645 1289 73
672 1244 763 1308 sq.
834 1222 1049 1300 „Hem
1112 1218 1639 1306 recipiendum?''
1704 1220 1773 1286 Si
1831 1222 1930 1302 (2)
1986 1244 2098 1307 pro
2145 1222 2640 1307 interpolatione
2688 1222 2798 1288 eli-

402 1333 707 1406 minatur,
773 1328 1086 1394 redundat
1151 1349 1358 1392 unum
1422 1330 1802 1394 continuum
1849 1327 2131 1393 scholion
2184 1328 2422 1394 Donati
2469 1330 2565 1410 (1)
2598 1340 2677 1420 -Ι-
2709 1329 2805 1410 (3)

408 1438 652 1503 bonum
700 1440 764 1500 et
808 1438 1165 1521 integrum.

492 1542 654 1607 Ibid.
706 1539 789 1605 55
862 1541 1244 1625 Recipiatis:
1296 1543 1451 1605 satis
1502 1540 1612 1605 diu
1664 1541 1786 1606 hoc
1835 1542 1964 1605 iam
2015 1562 2244 1605 saxum
2294 1563 2483 1607 vorso

495 1648 600 1714 Sic
646 1644 903 1713 Gnatho
948 1647 1179 1732 lepide.
1230 1648 1356 1712 Pro
1407 1648 1680 1725 „verso”
1734 1654 2175 1713 commentum
2229 1647 2535 1724 „volvo''.

494 1758 592 1838 (2)
638 1756 1060 1821 Proverbium
1107 1758 1173 1820 in
1220 1757 1486 1843 eosqui
1521 1754 1954 1820 inextricabili
1990 1754 2204 1820 labore
2243 1755 2461 1821 afflicti
2499 1760 2678 1833 sunt,
2706 1793 2792 1805 —-

403 1862 499 1944 (3)
563 1863 648 1927 Et
708 1863 865 1926 bene
929 1861 1244 1938 „saxum”
1308 1860 1385 1926 de
1435 1861 1638 1926 stulto
1685 1861 1932 1939 milite,
1981 1867 2046 1926 et
2099 1874 2212 1937 <se
2231 1859 2304 1936 22>
2355 1865 2572 1947 ipsum
2619 1862 2795 1949 Sisy-

404 1970 608 2056 phum
655 1969 824 2034 fecit.
875 2005 959 2017 —
1008 1967 1102 2047 (4)
1151 1967 1333 2033 velut
1382 1967 1699 2055 Sisyphus
1749 1967 1918 2054 apud
1967 1968 2223 2033 inferos.

495 2074 677 2140 Tolle
720 2073 1277 2161 interpolationem
1326 2080 1391 2140 et
1437 2074 1643 2140 denuo
1690 2075 1974 2161 resurgit
2019 2096 2223 2140 unum
2273 2074 2471 2140 schol.
2522 2077 2797 2161 integer-

404 2184 666 2247 rimum.

504 2287 666 2352 Ibid.
720 2285 803 2350 58
874 2286 1001 2350 Ubi
1049 2290 1183 2364 vis,
1235 2285 1457 2351 accede

496 2393 590 2474 (3)
636 2393 723 2457 Et
775 2392 969 2470 „ubi”
1018 2394 1143 2456 nisi
1190 2392 1512 2477 quando
1559 2392 1991 2470 intellexeris,
2042 2395 2279 2458 vitium
2331 2399 2446 2457 est.
2587 2392 2799 2457 Adno-

406 2503 564 2565 tatio
605 2499 980 2565 scholastica
1027 2519 1511 2584 supervacanea.
1554 2498 1783 2564 Simile
1822 2488 2196 2565 adnotatum
2224 2507 2336 2581 ,est
2373 2500 2553 2565 1111.
2586 2499 2668 2564 16
2696 2500 2793 2580 (2)

409 2606 619 2685 „Ubi”
686 2628 799 2691 pro
862 2604 1183 2692 quando
1246 2612 1313 2670 et
1375 2608 1445 2669 in
1509 2606 1609 2670 his
1656 2613 1722 2671 et
1767 2628 1961 2691 supra
2008 2612 2127 2686 (vs.
2187 2606 2315 2688 15),
2365 2608 2471 2673 sed
2521 2607 2786 2685 merit0,

402 2716 552 2800 quia
614 2714 859 2798 ambigi
920 2712 1196 2798 potest’'.
1262 2708 1439 2777 Alibi
1486 2715 1616 2777 iam
1664 2716 1880 2778 notavi
1932 2716 2416 2798 repetitionem:
2473 2713 2669 2791 „Ubi
2721 2718 2789 2778 et

401 2820 619 2886 locum
667 2824 731 2884 et
776 2824 1034 2904 tempus
1080 2818 1468 2905 significat”,
1515 2818 1608 2883 III
1663 2819 1721 2883 1.
1751 2818 1837 2883 5O
1861 2820 1959 2900 (1)
2007 2826 2073 2885 et
2122 2819 2182 2886 5.
2212 2819 2317 2885 52.

490 2927 652 2992 Ibid.
707 2925 791 2991 60
862 2926 947 2990 Et
991 2926 1370 3005 conlaudavi
1415 2926 1768 2991 secundum
1820 2928 1986 2991 facta
2032 2934 2095 2993 et
2144 2931 2424 2994 virtutes
2469 2933 2616 2993 tuas

493 3033 588 3113 (1)
638 3032 723 3097 Et
768 3032 887 3096 hoc
932 3033 1294 3111 ἀμφίβολον
1345 3033 1450 3111 (cf.
1500 3033 1577 3098 ad
1629 3031 1763 3113 59),
1803 3055 1958 3099 nam
2008 3037 2280 3099 virtutes
2329 3036 2638 3113 εἰρωνικῶς
2677 3055 2794 3118 pro

401 3142 583 3206 vitiis
630 3142 978 3222 ponuntur,
1035 3142 1110 3201 ut
1161 3139 1395 3214 „nescia
1442 3140 1548 3222 qui
1593 3139 1691 3201 vir
1739 3139 1896 3202 sieff'
1941 3140 2088 3217 (Ad.
2131 3140 2218 3204 IV
2246 3139 2305 3207 7.
2338 3140 2404 3221 5)
2446 3148 2503 3203 et
2542 3140 2669 3219 (W.
2711 3147 2794 3220 c.)
2871 3174 2880 3181 ·

405 3248 709 3323 „ornatus
758 3263 924 3307 esses
972 3264 1046 3306 ex
1095 3246 1228 3308 tuis
1275 3245 1671 3310 virtutibus'’
1721 3244 1868 3322 (Ad.
1919 3245 1982 3308 II
2035 3246 2093 3311 1.
2123 3246 2256 3326 22).
2399 3246 2495 3326 (2)
2532 3246 2796 3330 Proprie

402 3351 724 3417 militibus
770 3349 1221 3415 adscribuntur
1270 3349 1545 3426 ‚,facta’'.
1709 3350 1806 3430 (3)
1857 3352 2154 3417 Amarior
2192 3356 2290 3416 est
2335 3354 2542 3415 ironia
2589 3354 2658 3415 in
2710 3353 2800 3416 vi-

399 3462 599 3524 tiosos
648 3457 941 3521 homines
987 3476 1181 3541 quam
1228 3458 1486 3520 veritas.
2039 3445 2047 3451 ’

492 3563 587 3630 De
633 3563 938 3649 postremi
986 3563 1348 3627 sinceritate
1397 3559 1578 3626 valde
1624 3561 1884 3640 dubit0,
1928 3566 2097 3648 sapit
2136 3562 2596 3648 philosophum
2636 3565 2792 3629 trita

398 3671 831 3757 profitentem3
874 3668 1252 3755 praecedens
1290 3668 1385 3746 (2)
1434 3667 1821 3757 confidenter
1868 3669 2126 3735 scholiis
2167 3669 2558 3735 militaribus
2599 3669 2793 3735 adnu-

399 3799 611 3854 mero,
663 3797 825 3862 quac
863 3775 1093 3840 intulit
1139 3775 1383 3840 Editor.

494 3884 655 3949 Ibid.
707 3881 793 3946 62
863 3882 959 3946 Ite
1010 3882 1127 3947 hac

494 3990 589 4072 (2)
637 3990 774 4069 Quo
823 3995 1007 4054 vocat
1048 3985 1406 4074 parasitus?
1457 3988 1555 4051 Ad
1595 3990 1998 4054 meretricem
2042 4010 2118 4053 an
2164 3990 2242 4054 ad
2286 4011 2506 4055 cenam
2547 3989 2798 4067 militis,

400 4103 477 4162 ut
522 4098 819 4183 promisit
873 4096 1105 4173 „Hunc
1151 4094 1612 4160 comedendum
1664 4100 1729 4159 et
1775 4094 2195 4161 deridendum
2244 4096 2509 4162 censeo'’
2561 4103 2679 4173 (vs.
2709 4072 2793 4162 57

399 4206 510 4290 qui
534 4209 749 4269 tamen
776 4202 966 4267 aliter
990 4204 1220 4280 audit).
1316 4201 1409 4281 (3)
1440 4200 1887 4268 Oomessatum
1913 4203 1994 4267 ad
2021 4203 2306 4271 militem
2336 4203 2440 4268 vel
2467 4202 2798 4269 Thaidem.

487 4310 662 4376 Illud
706 4312 1037 4394 spurium,
1080 4309 1198 4374 hoc
1237 4328 1644 4393 germanum.
1704 4308 2024 4376 Donatum
2066 4308 2393 4377 dubitasse
2434 4312 2502 4373 in
2542 4331 2608 4374 re
2647 4311 2801 4375 satis

398 4421 570 4482 certa
618 4416 898 4480 ostendit
944 4414 1263 4480 scholium
1310 4411 1426 4494 (4).
