3392 5384
730 357 771 424 6
1749 377 2061 428 nonnos.

727 544 899 606 binis
964 539 1279 606 columnis
1337 543 1523 605 iuxta
1568 543 1794 626 positis
1840 563 1916 607 ex
1964 541 2286 608 codicibus
2330 545 2809 612 transscriberet
2825 593 2842 624 ,
2889 546 3118 613 deinde

729 647 1259 713 Terentianorum
1322 669 1628 713 versuum
1693 649 1980 714 ordinem
2035 655 2294 716 secutus
2340 650 2784 732 confunderet;
2832 653 2902 718 id
2946 654 3114 739 quod

726 759 787 821 ei
835 772 964 820 non·
1012 775 1262 840 semper
1307 756 1599 840 contigit.
1648 754 1862 819 Simul
1907 758 2289 821 comissuras
2336 778 2530 842 quam
2577 761 2857 824 maxime
2903 759 3114 825 occul-

726 867 861 926 tare
910 865 1171 926 conatus
1220 866 1351 937 est,
1401 867 1475 925 ut
1522 862 1718 924 unius
1766 866 1832 926 et
1877 860 2188 947 simplicis
2235 865 2442 948 operis
2481 866 2760 949 speciem
2801 864 3107 944 efficeret;

726 968 989 1032 fortasse
1054 968 1252 1031 etiam
1314 964 1440 1030 alia
1499 965 1806 1031 nonnulla
1869 967 1944 1032 de
1991 988 2107 1032 suo
2155 966 2418 1034 addidit.
2484 967 2881 1055 Gompilator
2922 991 3108 1049 vero,

730 1094 921 1152 „cum
985 1092 1099 1158 per
1161 1076 1463 1155 quattuor
1526 1071 1659 1152 (vel
1716 1075 2033 1158 quinque,
2095 1073 2338 1140 scilicet
2395 1074 2594 1140 Andr.
2655 1075 2820 1140 Eun.
2869 1075 3106 1141 Heaut.

725 1179 845 1244 Ad.
910 1178 1068 1243 Hec.
1089 1198 1105 1254 ;
1169 1179 1248 1243 cf.
1313 1198 1505 1262 supra
1566 1180 1601 1262 ξ
1644 1177 1759 1258 51)
1822 1177 2069 1244 fabulas
2131 1179 2198 1243 id
2245 1182 2482 1264 egisset
2527 1180 2782 1260 sedulo,
2833 1188 2907 1246 ut
2953 1180 3112 1247 duos

729 1285 1223 1350 commentarios
1285 1285 1353 1346 in
1416 1303 1619 1348 unum
1684 1285 2087 1349 concinnaret
2152 1290 2217 1349 et
2262 1288 2758 1363 contaminaret,
2804 1289 2872 1351 in
2919 1287 3120 1352 Phor-

732 1391 969 1454 mionis
1032 1387 1094 1451 11
1161 1387 1200 1452 3
1271 1389 1519 1454 abiecta
1566 1390 1784 1453 subito
1832 1389 2148 1455 industria
2193 1392 2479 1476 integros
2527 1394 2779 1476 posuit,
2828 1394 3120 1477 primum

728 1495 1005 1560 alterum
1064 1515 1101 1559 a
1149 1515 1242 1559 vs.
1294 1491 1332 1560 Ι7
1385 1501 1559 1572 (nam
1606 1494 1732 1558 huc
1780 1515 1981 1578 usque
2025 1498 2447 1564 contaminati
2493 1503 2671 1577 sunt)
2719 1497 2800 1562 ad
2856 1519 2950 1562 vs.
3003 1497 3112 1576 93,
3189 1517 3197 1524 ·

729 1599 954 1665 deinde
1018 1598 1295 1665 alterum
1335 1620 1372 1664 a
1418 1621 1512 1664 vs.
1564 1599 1601 1664 5
1653 1598 1733 1664 ad
1781 1621 1877 1665 vs.
1926 1599 2046 1680 933
2098 1600 2325 1666 dehinc
2371 1607 2591 1667 autem
2638 1623 2799 1687 quae
2847 1624 3118 1688 sequun-

728 1715 837 1771 tur
884 1705 1126 1771 scholia
1174 1726 1375 1789 usque
1426 1705 1505 1770 ad
1554 1704 1748 1770 finem
1794 1704 2077 1780 fabulae,
2137 1727 2210 1771 ea
2256 1710 2349 1772 ita
2394 1715 2756 1793 comparata
2803 1715 2954 1772 sunt
2976 1758 2992 1787 ‚
3041 1716 3118 1774 ut

732 1833 937 1877 unum
980 1813 1513 1876 commentarium
1554 1811 1842 1876 adhiberi
1879 1811 2242 1897 intellegas.
2285 1813 2492 1893 Quare
2529 1819 2777 1878 certum
2804 1819 2901 1878 est
2923 1814 3120 1880 Phor—

730 1920 962 1982 mionis
1025 1921 1465 1982 commentum
1527 1916 1724 1980 fuisse
1777 1916 2122 1995 ultimum,
2180 1917 2258 1982 ad
2304 1920 2473 2004 quod
2521 1940 2669 1984 cum
2718 1923 3117 2005 pervenisset

730 2022 1126 2108 compilator,
1187 2022 1443 2087 fastidio
1505 2028 1806 2106 concepto
1869 2023 2268 2101 destituerit,
2334 2045 2529 2109 quam
2589 2045 2789 2110 usque
2859 2025 3117 2090 dederat

730 2128 1033 2214 operam''
1100 2127 1402 2206 (Rabbow
1451 2149 1511 2212 p.
1563 2125 1722 2206 331)
1750 2125 1820 2205 1).
1887 2127 2056 2192 Hinc
2110 2131 2317 2214 igitur
2363 2132 2918 2194 numerosissimae
2963 2129 3116 2195 illae

727 2236 1157 2321 repetitiones,
1241 2232 1391 2297 hinc
1470 2253 1924 2316 saepenumero
1992 2235 2402 2318 perturbatus
2470 2235 2858 2300 scholiorum
2928 2235 3116 2313 ordo,

729 2342 877 2405 hinc
940 2360 1123 2423 porro
1185 2340 1352 2402 mira
1410 2336 1528 2402 illa
1587 2336 1667 2402 ad
1721 2337 1981 2402 Phorm.
2044 2339 2108 2402 II
2156 2339 2195 2403 3
2260 2342 2608 2404 commenti
2668 2341 2908 2418 forma,
2969 2341 3119 2404 hinc

730 2447 1001 2529 denique
1048 2446 1427 2510 rarescentia
1473 2444 1550 2508 ad
1598 2444 1867 2510 Phorm.
1912 2443 2156 2508 III—V
2203 2445 2488 2510 scholia”
2519 2443 2591 2524 ²).

822 2549 1188 2615 Secundum
1236 2549 1396 2613 hanc
1442 2551 1649 2634 igitur
1687 2552 2120 2615 coniecturam
2157 2552 2491 2636 integrum
2526 2550 2761 2616 Donati
2798 2571 3114 2616 commen·

730 2663 874 2721 tum
944 2654 1284 2739 aliquando
1345 2656 1572 2739 periit,
1635 2675 1867 2740 nempe
1930 2662 2073 2719 tum
2135 2676 2285 2719 cum
2345 2656 2652 2720 incideret
2708 2659 2775 2720 in
2839 2657 3118 2722 duorum

731 2767 1175 2846 excerptorum
1237 2781 1465 2824 manus
1485 2808 1502 2837 ,
1565 2763 1676 2844 qui
1737 2782 1887 2825 cum
1947 2762 2260 2825 nimirum
2323 2781 2508 2846 saepe
2555 2761 2774 2826 eadem
2819 2761 2967 2826 inde
3015 2783 3122 2826 ex-

733 2873 1058 2952 cerperent
1123 2886 1396 2950 cumque
1458 2871 1710 2949 postea,
1776 2864 2027 2931 saeculo
2091 2872 2295 2942 sexto,
2353 2867 2732 2952 compilator
2794 2868 2946 2932 haec
3010 2889 3118 2932 ex-

731 2979 978 3058 cerpta,
1019 2974 1193 3037 varie
1232 2973 1598 3056 ceteroquin
1635 2971 2055 3056 interpolat-a,
2096 2973 2164 3034 in
2207 2992 2412 3036 unum
2437 2973 2644 3037 denuo
2669 2976 3116 3059 coniungeret,

731 3078 867 3143 fieri
928 3099 1050 3142 non
1112 3079 1324 3162 potuit
1384 3080 1540 3161 quin
1603 3083 1934 3141 orerentur
1997 3078 2565 3160 repetitiones
2612 3081 3108 3143 numerosis-

731 3187 1009 3250 simae.
1074 3182 1245 3247 'I'um
1311 3183 1505 3247 ordo
1570 3184 2023 3247 commenti
2084 3183 2633 3267 perturbatus
2698 3185 3012 3269 repetitur
3075 3206 3112 3250 e

727 3292 971 3356 ratione
1019 3309 1145 3374 qua
1191 3287 1574 3373 compilator
1620 3286 1747 3352 duo
1794 3287 1910 3351 illa
1957 3293 2272 3373 excerpta,
2323 3309 2472 3352 cum
2517 3287 2794 3372 aliorum
2838 3291 3118 3374 interpo-

729 3397 1075 3462 lationibus
1146 3417 1178 3460 e
1247 3396 1523 3460 duorum
1605 3394 1898 3459 codicum
1967 3393 2368 3480 marginibus
2439 3415 2745 3460 versuum
2821 3396 3115 3471 ordinem

798 3656 852 3716 1)
895 3654 951 3704 P.
988 3651 1252 3702 Rabbow
1296 3653 1353 3700 de
1389 3649 1566 3700 Donati
1600 3653 1870 3701 commento
1903 3650 1955 3701 in
1989 3651 2268 3701 Terentium
2303 3668 2428 3716 spec.
2462 3651 2641 3702 observ.
2679 3653 2906 3716 primum,
2943 3656 3118 3719 repeti-

728 3739 835 3785 tum
870 3721 927 3784 ex
959 3737 1082 3784 Ann.
1120 3733 1240 3799 phil.
1276 3737 1325 3783 et
1358 3733 1494 3798 paed.
1529 3732 1622 3782 vol.
1658 3732 1782 3781 CLX
1827 3733 1966 3785 1897.

798 3817 854 3876 2)
908 3817 1092 3880 Nempe
1143 3815 1321 3864 scholia
1374 3830 1494 3879 quae
1539 3813 1783 3879 pertinent
1827 3815 1886 3863 ad
1933 3814 2242 3864 Phormionis‘
2283 3820 2414 3864 actus
2461 3815 2514 3864 11
2559 3830 2745 3865 scenam
2778 3816 2856 3865 111
2891 3815 2941 3866 in
2976 3817 3118 3867 libris

731 3898 942 3950 melioris
989 3901 1128 3947 notae
1174 3897 1430 3946 distributa
1477 3900 1590 3946 sunt
1634 3896 1684 3945 in
1732 3898 1850 3945 duos
1897 3896 2102 3956 ordines,
2137 3913 2342 3960 quorum
2376 3897 2500 3946 alter
2533 3897 2742 3947 alterum
2780 3897 2969 3963 excipit.
3007 3899 3118 3948 Hos

730 3981 867 4030 Wes
886 3996 973 4031 sn.
1025 3980 1159 4029 iuxta
1207 3980 1447 4044 ponendos
1496 3978 1684 4028 curavit
1733 3977 1979 4028 distinctos
2029 3979 2207 4028 litteris
2253 3980 2296 4027 A
2344 3983 2392 4029 et
2439 3981 2496 4029 B.
2533 3980 2604 4031 Cf.
2641 3979 2799 4029 Praei.
2835 3981 2894 4028 ad
2929 3980 3024 4030 vol.
3059 3981 3118 4030 II

729 4081 778 4129 p.
809 4076 862 4112 vt
896 4078 967 4126 sq.
1017 4060 1319 4111 Scholiorum
1371 4060 1561 4109 ordines
1606 4060 1738 4109 inter
1787 4075 1836 4109 se
1881 4060 2189 4110 diversissimi
2234 4065 2359 4110 sunt.
2408 4060 2525 4110 Inde
2573 4061 2629 4110 ab
2677 4064 2787 4110 actu
2821 4060 2900 4110 111
2933 4060 3118 4111 scholia

729 4144 1036 4195 Phormionis
1070 4143 1222 4193 multo
1258 4142 1443 4191 rariora
1478 4145 1525 4191 et
1557 4141 1780 4191 breviora
1814 4145 1926 4191 sunt
1960 4158 2101 4206 quam
2138 4143 2196 4192 ad
2229 4150 2317 4192 act.
2358 4141 2384 4190 1
2415 4141 2469 4191 11
2495 4146 2543 4190 et
2572 4143 2630 4190 ad
2666 4142 2874 4206 reliquas
2902 4142 3115 4202 fabulas3

731 4226 841 4276 hino
885 4231 992 4275 orta
1037 4229 1109 4274 est
1152 4224 1373 4290 suspicio,
1419 4224 1782 4289 compilatorem
1829 4223 1952 4272 hanc
1997 4223 2205 4273 fabulam
2246 4227 2537 4289 postremam
2573 4227 2797 4273 tractasse
2833 4228 2882 4273 et
2915 4224 3026 4273 inde
3059 4223 3120 4273 ab

732 4311 842 4357 actu
886 4306 940 4356 11
987 4308 1016 4356 3
1060 4306 1219 4372 primo
1265 4306 1447 4356 scholia
1490 4305 1786 4355 describendi
1833 4306 2070 4356 rationem
2114 4309 2336 4366 mutasse,
2372 4307 2481 4356 dein
2514 4310 2562 4356 et
2597 4306 2655 4356 ab
2688 4310 2796 4356 actu
2831 4305 2910 4354 111
2942 4305 3123 4356 laboris

731 4389 888 4438 taedio
934 4389 1155 4438 defecisse
1200 4392 1248 4436 et
1297 4403 1355 4438 ex
1401 4388 1582 4438 dnobus
1615 4388 1716 4437 illis
1750 4388 1982 4453 excerptis
2015 4390 2160 4452 (quae
2195 4405 2250 4438 ex
2287 4389 2374 4438 hac
2408 4389 2647 4454 imprimis
2682 4388 2972 4437 scholiorum
3006 4404 3117 4438 con-

729 4471 914 4520 dicione
947 4469 1036 4519 sibi
1070 4473 1376 4535 sumpserunt
1413 4469 1557 4521 Sabb.
1593 4469 1742 4519 Rabb.
1781 4485 1840 4520 en
1883 4470 2079 4532 Wessn.)
2114 4470 2321 4521 alterum
2356 4473 2546 4520 tantum
2579 4469 2896 4535 descripsisse.
