<?xml version="1.0" encoding="UTF-8"?>
<!DOCTYPE html PUBLIC "-//W3C//DTD XHTML 1.0 Transitional//EN"
    "http://www.w3.org/TR/xhtml1/DTD/xhtml1-transitional.dtd">
<html xmlns="http://www.w3.org/1999/xhtml" xml:lang="en" lang="en">
 <head>
  <title>
</title>
<meta http-equiv="Content-Type" content="text/html;charset=utf-8" />
  <meta name='ocr-system' content='tesseract 3.04.00' />
  <meta name='ocr-capabilities' content='ocr_page ocr_carea ocr_par ocr_line ocrx_word'/>
</head>
<body>
  <div class='ocr_page' id='page_1' title='image "./mnemosynebiblio13servgoog_0051.png"; bbox 0 0 3392 5384; ppageno 0'>
   <div class='ocr_carea' id='block_1_1' title="bbox 562 97 3275 182">
    <p class='ocr_par' dir='ltr' id='par_1_1' title="bbox 562 97 3275 182">
     <span class='ocr_line' id='line_1_1' title="bbox 3268 97 3273 144; baseline 0 -10"><span class='ocrx_word' id='word_1_1' title='bbox 3268 97 3273 144; x_wconf 53' lang='grc' dir='ltr'><em>ξ</em></span> 
     </span>
     <span class='ocr_line' id='line_1_2' title="bbox 562 145 3275 182; baseline 0 0"><span class='ocrx_word' id='word_1_2' title='bbox 562 163 568 167; x_wconf 87' lang='grc'>-</span> <span class='ocrx_word' id='word_1_3' title='bbox 3270 145 3275 182; x_wconf 75' lang='lat'>1</span> 
     </span>
    </p>
   </div>
   <div class='ocr_carea' id='block_1_2' title="bbox 3278 315 3286 408">
    <p class='ocr_par' dir='ltr' id='par_1_2' title="bbox 3278 315 3286 408">
     <span class='ocr_line' id='line_1_3' title="bbox 3278 315 3286 408; baseline 0 -36"><span class='ocrx_word' id='word_1_4' title='bbox 3278 315 3286 408; x_wconf 43' lang='lat' dir='ltr'>i</span> 
     </span>
    </p>
   </div>
   <div class='ocr_carea' id='block_1_3' title="bbox 1407 513 2751 578">
    <p class='ocr_par' dir='ltr' id='par_1_3' title="bbox 1407 513 2751 578">
     <span class='ocr_line' id='line_1_4' title="bbox 1407 513 2751 578; baseline 0.001 -2"><span class='ocrx_word' id='word_1_5' title='bbox 1407 528 1717 577; x_wconf 63' lang='lat' dir='ltr'>nonnus.</span> <span class='ocrx_word' id='word_1_6' title='bbox 2666 513 2751 578; x_wconf 84' lang='lat'>39</span> 
     </span>
    </p>
   </div>
   <div class='ocr_carea' id='block_1_4' title="bbox 363 679 2755 4686">
    <p class='ocr_par' dir='ltr' id='par_1_4' title="bbox 365 679 2755 1415">
     <span class='ocr_line' id='line_1_5' title="bbox 375 679 2755 787; baseline 0.001 -27"><span class='ocrx_word' id='word_1_7' title='bbox 375 679 650 760; x_wconf 81' lang='lat' dir='ltr'>servatio</span> <span class='ocrx_word' id='word_1_8' title='bbox 675 743 690 772; x_wconf 93' lang='lat'>,</span> <span class='ocrx_word' id='word_1_9' title='bbox 739 695 865 759; x_wconf 87' lang='lat' dir='ltr'>nisi</span> <span class='ocrx_word' id='word_1_10' title='bbox 912 696 1083 759; x_wconf 90' lang='lat' dir='ltr'>enim</span> <span class='ocrx_word' id='word_1_11' title='bbox 1133 700 1440 781; x_wconf 85' lang='lat' dir='ltr'>perpetuo</span> <span class='ocrx_word' id='word_1_12' title='bbox 1488 695 1645 760; x_wconf 88' lang='lat' dir='ltr'>fiant</span> <span class='ocrx_word' id='word_1_13' title='bbox 1683 697 1751 787; x_wconf 84' lang='lat' dir='ltr'>in</span> <span class='ocrx_word' id='word_1_14' title='bbox 1791 715 2047 773; x_wconf 87' lang='lat' dir='ltr'>scaena,</span> <span class='ocrx_word' id='word_1_15' title='bbox 2091 716 2251 780; x_wconf 88' lang='lat' dir='ltr'>quae</span> <span class='ocrx_word' id='word_1_16' title='bbox 2289 695 2507 761; x_wconf 87' lang='lat' dir='ltr'>fabula</span> <span class='ocrx_word' id='word_1_17' title='bbox 2544 702 2755 782; x_wconf 90' lang='lat' dir='ltr'>postu-</span> 
     </span>
     <span class='ocr_line' id='line_1_6' title="bbox 370 799 2755 886; baseline 0 -21"><span class='ocrx_word' id='word_1_18' title='bbox 370 799 500 878; x_wconf 85' lang='lat' dir='ltr'>lat,</span> <span class='ocrx_word' id='word_1_19' title='bbox 566 799 747 864; x_wconf 85' lang='lat' dir='ltr'>nulla</span> <span class='ocrx_word' id='word_1_20' title='bbox 792 820 1101 884; x_wconf 87' lang='lat' dir='ltr'>umquam</span> <span class='ocrx_word' id='word_1_21' title='bbox 1149 801 1452 886; x_wconf 79' lang='lat' dir='ltr'>procedit.</span> <span class='ocrx_word' id='word_1_22' title='bbox 1523 800 1610 865; x_wconf 84' lang='lat' dir='ltr'>Et</span> <span class='ocrx_word' id='word_1_23' title='bbox 1656 801 1811 886; x_wconf 89' lang='lat' dir='ltr'>quid</span> <span class='ocrx_word' id='word_1_24' title='bbox 1862 805 1959 866; x_wconf 88' lang='lat' dir='ltr'>est</span> <span class='ocrx_word' id='word_1_25' title='bbox 2007 802 2128 877; x_wconf 93' lang='lat' dir='ltr'>„ob</span> <span class='ocrx_word' id='word_1_26' title='bbox 2174 802 2640 868; x_wconf 86' lang='lat' dir='ltr'>retentionem&#39;&#39;</span> <span class='ocrx_word' id='word_1_27' title='bbox 2688 807 2755 868; x_wconf 88' lang='lat' dir='ltr'>et</span> 
     </span>
     <span class='ocr_line' id='line_1_7' title="bbox 369 904 2749 993; baseline 0.001 -23"><span class='ocrx_word' id='word_1_28' title='bbox 369 911 748 992; x_wconf 88' lang='lat' dir='ltr'>posssuntne</span> <span class='ocrx_word' id='word_1_29' title='bbox 790 913 1010 984; x_wconf 83' lang='lat' dir='ltr'>„act-us</span> <span class='ocrx_word' id='word_1_30' title='bbox 1047 905 1299 972; x_wconf 87' lang='lat' dir='ltr'>fabulae</span> <span class='ocrx_word' id='word_1_31' title='bbox 1323 904 1741 992; x_wconf 77' lang='lat' dir='ltr'>procedere”?</span> <span class='ocrx_word' id='word_1_32' title='bbox 1783 918 1789 924; x_wconf 86' lang='grc'>’</span> <span class='ocrx_word' id='word_1_33' title='bbox 1881 905 2211 972; x_wconf 82' lang='lat' dir='ltr'>Scholium</span> <span class='ocrx_word' id='word_1_34' title='bbox 2238 908 2372 993; x_wconf 86' lang='lat'>(4):</span> <span class='ocrx_word' id='word_1_35' title='bbox 2412 907 2499 972; x_wconf 85' lang='lat' dir='ltr'>Et</span> <span class='ocrx_word' id='word_1_36' title='bbox 2524 907 2749 986; x_wconf 88' lang='lat' dir='ltr'>simul,</span> 
     </span>
     <span class='ocr_line' id='line_1_8' title="bbox 369 1010 2753 1098; baseline 0.001 -23"><span class='ocrx_word' id='word_1_37' title='bbox 369 1013 517 1096; x_wconf 91' lang='lat' dir='ltr'>quia</span> <span class='ocrx_word' id='word_1_38' title='bbox 564 1012 848 1076; x_wconf 88' lang='lat' dir='ltr'>absentia</span> <span class='ocrx_word' id='word_1_39' title='bbox 887 1011 1235 1076; x_wconf 79' lang='lat' dir='ltr'>Phaedriae</span> <span class='ocrx_word' id='word_1_40' title='bbox 1273 1032 1432 1096; x_wconf 91' lang='lat' dir='ltr'>opus</span> <span class='ocrx_word' id='word_1_41' title='bbox 1473 1017 1606 1089; x_wconf 90' lang='lat' dir='ltr'>est,</span> <span class='ocrx_word' id='word_1_42' title='bbox 1649 1011 1805 1076; x_wconf 91' lang='lat' dir='ltr'>dum</span> <span class='ocrx_word' id='word_1_43' title='bbox 1847 1033 1959 1098; x_wconf 88' lang='lat' dir='ltr'>per</span> <span class='ocrx_word' id='word_1_44' title='bbox 1998 1010 2346 1079; x_wconf 81' lang='lat' dir='ltr'>Chaeream</span> <span class='ocrx_word' id='word_1_45' title='bbox 2384 1012 2753 1079; x_wconf 90' lang='lat' dir='ltr'>ludificatur</span> 
     </span>
     <span class='ocr_line' id='line_1_9' title="bbox 369 1117 2753 1202; baseline 0.001 -21"><span class='ocrx_word' id='word_1_46' title='bbox 369 1119 708 1195; x_wconf 81' lang='lat' dir='ltr'>meretrix,</span> <span class='ocrx_word' id='word_1_47' title='bbox 771 1120 1087 1202; x_wconf 86' lang='lat' dir='ltr'>pertinere</span> <span class='ocrx_word' id='word_1_48' title='bbox 1151 1118 1406 1184; x_wconf 86' lang='lat' dir='ltr'>videtur</span> <span class='ocrx_word' id='word_1_49' title='bbox 1470 1117 1548 1183; x_wconf 91' lang='lat' dir='ltr'>ad</span> <span class='ocrx_word' id='word_1_50' title='bbox 1613 1117 1789 1194; x_wconf 88' lang='lat' dir='ltr'>„Rus</span> <span class='ocrx_word' id='word_1_51' title='bbox 1852 1118 2003 1182; x_wconf 90' lang='lat' dir='ltr'>ibo&#39;&#39;</span> <span class='ocrx_word' id='word_1_52' title='bbox 2068 1118 2193 1201; x_wconf 84' lang='lat' dir='ltr'>(vs.</span> <span class='ocrx_word' id='word_1_53' title='bbox 2248 1117 2425 1202; x_wconf 86' lang='lat'>107),</span> <span class='ocrx_word' id='word_1_54' title='bbox 2492 1118 2601 1183; x_wconf 85' lang='lat' dir='ltr'>sed</span> <span class='ocrx_word' id='word_1_55' title='bbox 2660 1121 2753 1184; x_wconf 90' lang='lat' dir='ltr'>ibi</span> 
     </span>
     <span class='ocr_line' id='line_1_10' title="bbox 367 1221 2752 1309; baseline 0.002 -23"><span class='ocrx_word' id='word_1_56' title='bbox 367 1223 536 1287; x_wconf 87' lang='lat' dir='ltr'>nihil</span> <span class='ocrx_word' id='word_1_57' title='bbox 595 1221 839 1309; x_wconf 85' lang='lat' dir='ltr'>legitur</span> <span class='ocrx_word' id='word_1_58' title='bbox 900 1244 1177 1307; x_wconf 91' lang='lat' dir='ltr'>quocum</span> <span class='ocrx_word' id='word_1_59' title='bbox 1238 1225 1542 1309; x_wconf 85' lang='lat' dir='ltr'>coniungi</span> <span class='ocrx_word' id='word_1_60' title='bbox 1604 1227 1745 1308; x_wconf 93' lang='lat' dir='ltr'>(„et</span> <span class='ocrx_word' id='word_1_61' title='bbox 1803 1223 2075 1303; x_wconf 88' lang='lat' dir='ltr'>simul&#39;’)</span> <span class='ocrx_word' id='word_1_62' title='bbox 2138 1226 2359 1308; x_wconf 88' lang='lat' dir='ltr'>possit.</span> <span class='ocrx_word' id='word_1_63' title='bbox 2430 1224 2654 1309; x_wconf 86' lang='lat' dir='ltr'>Itaque</span> <span class='ocrx_word' id='word_1_64' title='bbox 2715 1247 2752 1290; x_wconf 87' lang='lat' dir='ltr'>a</span> 
     </span>
     <span class='ocr_line' id='line_1_11' title="bbox 365 1328 2749 1415; baseline 0 -23"><span class='ocrx_word' id='word_1_65' title='bbox 365 1331 678 1415; x_wconf 79' lang='lat' dir='ltr'>magistro</span> <span class='ocrx_word' id='word_1_66' title='bbox 703 1328 979 1413; x_wconf 92' lang='lat' dir='ltr'>quodam</span> <span class='ocrx_word' id='word_1_67' title='bbox 1003 1334 1296 1393; x_wconf 89' lang='lat' dir='ltr'>assutum</span> <span class='ocrx_word' id='word_1_68' title='bbox 1319 1329 1576 1393; x_wconf 86' lang='lat' dir='ltr'>videtur</span> <span class='ocrx_word' id='word_1_69' title='bbox 1599 1329 1997 1413; x_wconf 78' lang='lat' dir='ltr'>praecedenti</span> <span class='ocrx_word' id='word_1_70' title='bbox 2018 1329 2136 1415; x_wconf 84' lang='lat'><strong>(3).</strong></span> <span class='ocrx_word' id='word_1_71' title='bbox 2231 1329 2295 1395; x_wconf 79' lang='lat' dir='ltr'>S.</span> <span class='ocrx_word' id='word_1_72' title='bbox 2324 1335 2672 1415; x_wconf 89' lang='lat' dir='ltr'>utrumque</span> <span class='ocrx_word' id='word_1_73' title='bbox 2697 1352 2749 1395; x_wconf 92' lang='lat' dir='ltr'>c.</span> 
     </span>
    </p>

    <p class='ocr_par' dir='ltr' id='par_1_5' title="bbox 455 1433 1926 1512">
     <span class='ocr_line' id='line_1_12' title="bbox 455 1433 1926 1512; baseline -0.001 -12"><span class='ocrx_word' id='word_1_74' title='bbox 455 1433 621 1500; x_wconf 87' lang='lat' dir='ltr'>Ibid.</span> <span class='ocrx_word' id='word_1_75' title='bbox 674 1433 804 1499; x_wconf 89' lang='lat'>110</span> <span class='ocrx_word' id='word_1_76' title='bbox 867 1433 942 1498; x_wconf 89' lang='lat' dir='ltr'>In</span> <span class='ocrx_word' id='word_1_77' title='bbox 985 1434 1105 1499; x_wconf 92' lang='lat' dir='ltr'>hoc</span> <span class='ocrx_word' id='word_1_78' title='bbox 1154 1434 1455 1511; x_wconf 89' lang='lat' dir='ltr'>biduum,</span> <span class='ocrx_word' id='word_1_79' title='bbox 1505 1433 1734 1512; x_wconf 80' lang='lat' dir='ltr'>Thais,</span> <span class='ocrx_word' id='word_1_80' title='bbox 1784 1433 1926 1501; x_wconf 87' lang='lat' dir='ltr'>vale</span> 
     </span>
    </p>

    <p class='ocr_par' dir='ltr' id='par_1_6' title="bbox 366 1539 2750 1837">
     <span class='ocr_line' id='line_1_13' title="bbox 457 1539 2750 1627; baseline 0 -22"><span class='ocrx_word' id='word_1_81' title='bbox 457 1541 621 1605; x_wconf 90' lang='lat' dir='ltr'>Don.</span> <span class='ocrx_word' id='word_1_82' title='bbox 665 1539 763 1624; x_wconf 90' lang='lat'>(1)</span> <span class='ocrx_word' id='word_1_83' title='bbox 811 1540 998 1605; x_wconf 85' lang='lat' dir='ltr'>Nunc</span> <span class='ocrx_word' id='word_1_84' title='bbox 1041 1539 1268 1617; x_wconf 81' lang='lat' dir='ltr'>„vale”</span> <span class='ocrx_word' id='word_1_85' title='bbox 1311 1542 1674 1606; x_wconf 80' lang='lat' dir='ltr'>abscessum</span> <span class='ocrx_word' id='word_1_86' title='bbox 1716 1539 2065 1627; x_wconf 80' lang='lat' dir='ltr'>significat,</span> <span class='ocrx_word' id='word_1_87' title='bbox 2107 1561 2235 1605; x_wconf 88' lang='lat' dir='ltr'>non</span> <span class='ocrx_word' id='word_1_88' title='bbox 2274 1539 2750 1619; x_wconf 87' lang='lat' dir='ltr'>salutationem,</span> 
     </span>
     <span class='ocr_line' id='line_1_14' title="bbox 366 1642 2748 1732; baseline 0 -22"><span class='ocrx_word' id='word_1_89' title='bbox 366 1667 518 1711; x_wconf 93' lang='lat' dir='ltr'>nam</span> <span class='ocrx_word' id='word_1_90' title='bbox 580 1648 635 1709; x_wconf 89' lang='lat' dir='ltr'>si</span> <span class='ocrx_word' id='word_1_91' title='bbox 697 1665 873 1709; x_wconf 91' lang='lat' dir='ltr'>mera</span> <span class='ocrx_word' id='word_1_92' title='bbox 932 1644 1229 1710; x_wconf 85' lang='lat' dir='ltr'>salutatio</span> <span class='ocrx_word' id='word_1_93' title='bbox 1277 1651 1406 1724; x_wconf 87' lang='lat' dir='ltr'>est,</span> <span class='ocrx_word' id='word_1_94' title='bbox 1456 1646 1651 1711; x_wconf 91' lang='lat' dir='ltr'>biduo</span> <span class='ocrx_word' id='word_1_95' title='bbox 1701 1645 1912 1711; x_wconf 91' lang='lat' dir='ltr'>solum</span> <span class='ocrx_word' id='word_1_96' title='bbox 1958 1647 2233 1711; x_wconf 86' lang='lat' dir='ltr'>amicam</span> <span class='ocrx_word' id='word_1_97' title='bbox 2280 1645 2490 1712; x_wconf 82' lang='lat' dir='ltr'>valere</span> <span class='ocrx_word' id='word_1_98' title='bbox 2535 1642 2748 1732; x_wconf 87' lang='lat' dir='ltr'>opt-at,</span> 
     </span>
     <span class='ocr_line' id='line_1_15' title="bbox 366 1751 2431 1837; baseline -0 -21"><span class='ocrx_word' id='word_1_99' title='bbox 366 1751 476 1816; x_wconf 88' lang='lat' dir='ltr'>sed</span> <span class='ocrx_word' id='word_1_100' title='bbox 519 1751 944 1835; x_wconf 85' lang='lat' dir='ltr'>praescribere</span> <span class='ocrx_word' id='word_1_101' title='bbox 991 1756 1274 1829; x_wconf 87' lang='lat' dir='ltr'>conatur,</span> <span class='ocrx_word' id='word_1_102' title='bbox 1323 1757 1560 1837; x_wconf 88' lang='lat' dir='ltr'>quanto</span> <span class='ocrx_word' id='word_1_103' title='bbox 1606 1755 1895 1835; x_wconf 86' lang='lat' dir='ltr'>tempore</span> <span class='ocrx_word' id='word_1_104' title='bbox 1939 1752 2279 1817; x_wconf 88' lang='lat' dir='ltr'>abfuturus</span> <span class='ocrx_word' id='word_1_105' title='bbox 2327 1755 2431 1816; x_wconf 89' lang='lat' dir='ltr'>sit.</span> 
     </span>
    </p>

    <p class='ocr_par' dir='ltr' id='par_1_7' title="bbox 363 1845 2751 2258">
     <span class='ocr_line' id='line_1_16' title="bbox 457 1845 2749 1943; baseline 0 -23"><span class='ocrx_word' id='word_1_106' title='bbox 457 1857 634 1922; x_wconf 87' lang='lat' dir='ltr'>Haec</span> <span class='ocrx_word' id='word_1_107' title='bbox 677 1859 898 1941; x_wconf 88' lang='lat' dir='ltr'>inepta</span> <span class='ocrx_word' id='word_1_108' title='bbox 942 1858 1250 1922; x_wconf 87' lang='lat' dir='ltr'>sermonis</span> <span class='ocrx_word' id='word_1_109' title='bbox 1281 1845 1649 1921; x_wconf 66' lang='lat' dir='ltr'>⁴differentia</span> <span class='ocrx_word' id='word_1_110' title='bbox 1688 1858 1969 1921; x_wconf 83' lang='lat' dir='ltr'>variavit</span> <span class='ocrx_word' id='word_1_111' title='bbox 2015 1857 2171 1922; x_wconf 90' lang='lat' dir='ltr'>IP:-</span> <span class='ocrx_word' id='word_1_112' title='bbox 2215 1856 2313 1943; x_wconf 88' lang='lat'>(3)</span> <span class='ocrx_word' id='word_1_113' title='bbox 2364 1858 2749 1922; x_wconf 86' lang='lat' dir='ltr'>Accusativo</span> 
     </span>
     <span class='ocr_line' id='line_1_17' title="bbox 365 1962 2751 2047; baseline -0.001 -19"><span class='ocrx_word' id='word_1_114' title='bbox 365 1983 514 2028; x_wconf 89' lang='lat' dir='ltr'>casu</span> <span class='ocrx_word' id='word_1_115' title='bbox 574 1963 759 2026; x_wconf 87' lang='lat' dir='ltr'>utens</span> <span class='ocrx_word' id='word_1_116' title='bbox 819 1963 1132 2046; x_wconf 78' lang='lat' dir='ltr'>expressit</span> <span class='ocrx_word' id='word_1_117' title='bbox 1193 1965 1498 2027; x_wconf 90' lang='lat' dir='ltr'>amatoris</span> <span class='ocrx_word' id='word_1_118' title='bbox 1551 1964 2061 2047; x_wconf 87' lang='lat' dir='ltr'>impatientiam,</span> <span class='ocrx_word' id='word_1_119' title='bbox 2130 1963 2485 2040; x_wconf 86' lang='lat' dir='ltr'>„biduum”</span> <span class='ocrx_word' id='word_1_120' title='bbox 2537 1962 2751 2026; x_wconf 87' lang='lat' dir='ltr'>dicens</span> 
     </span>
     <span class='ocr_line' id='line_1_18' title="bbox 363 2066 2750 2152; baseline 0 -21"><span class='ocrx_word' id='word_1_121' title='bbox 363 2069 770 2152; x_wconf 85' lang='lat' dir='ltr'>praescripsit</span> <span class='ocrx_word' id='word_1_122' title='bbox 810 2066 886 2132; x_wconf 89' lang='lat' dir='ltr'>de</span> <span class='ocrx_word' id='word_1_123' title='bbox 927 2072 1211 2152; x_wconf 87' lang='lat' dir='ltr'>tempore</span> <span class='ocrx_word' id='word_1_124' title='bbox 1229 2087 1245 2144; x_wconf 81' lang='lat'>3</span> <span class='ocrx_word' id='word_1_125' title='bbox 1285 2072 1351 2132; x_wconf 88' lang='lat' dir='ltr'>et</span> <span class='ocrx_word' id='word_1_126' title='bbox 1390 2066 1620 2144; x_wconf 83' lang='lat' dir='ltr'>„vale”</span> <span class='ocrx_word' id='word_1_127' title='bbox 1661 2069 1971 2132; x_wconf 89' lang='lat' dir='ltr'>maiorem</span> <span class='ocrx_word' id='word_1_128' title='bbox 2015 2070 2153 2133; x_wconf 86' lang='lat' dir='ltr'>vim</span> <span class='ocrx_word' id='word_1_129' title='bbox 2192 2069 2382 2133; x_wconf 87' lang='lat' dir='ltr'>habet</span> <span class='ocrx_word' id='word_1_130' title='bbox 2423 2089 2502 2132; x_wconf 85' lang='lat' dir='ltr'>ex</span> <span class='ocrx_word' id='word_1_131' title='bbox 2538 2066 2750 2132; x_wconf 93' lang='lat' dir='ltr'>dolore</span> 
     </span>
     <span class='ocr_line' id='line_1_19' title="bbox 363 2172 2657 2258; baseline 0 -22"><span class='ocrx_word' id='word_1_132' title='bbox 363 2172 741 2237; x_wconf 88' lang='lat' dir='ltr'>discedentis</span> <span class='ocrx_word' id='word_1_133' title='bbox 790 2193 984 2257; x_wconf 88' lang='lat' dir='ltr'>quam</span> <span class='ocrx_word' id='word_1_134' title='bbox 1029 2173 1327 2258; x_wconf 90' lang='lat' dir='ltr'>obsequio</span> <span class='ocrx_word' id='word_1_135' title='bbox 1371 2172 1734 2237; x_wconf 84' lang='lat' dir='ltr'>salutantis.</span> <span class='ocrx_word' id='word_1_136' title='bbox 2489 2173 2554 2237; x_wconf 79' lang='lat' dir='ltr'>S.</span> <span class='ocrx_word' id='word_1_137' title='bbox 2604 2194 2657 2237; x_wconf 88' lang='lat' dir='ltr'>c.</span> 
     </span>
    </p>

    <p class='ocr_par' dir='ltr' id='par_1_8' title="bbox 368 2276 2751 2468">
     <span class='ocr_line' id='line_1_20' title="bbox 454 2276 2751 2362; baseline 0 -21"><span class='ocrx_word' id='word_1_138' title='bbox 454 2277 633 2342; x_wconf 92' lang='lat' dir='ltr'>Idem</span> <span class='ocrx_word' id='word_1_139' title='bbox 701 2301 763 2344; x_wconf 85' lang='lat' dir='ltr'>v.</span> <span class='ocrx_word' id='word_1_140' title='bbox 805 2278 864 2344; x_wconf 88' lang='lat' dir='ltr'>d.</span> <span class='ocrx_word' id='word_1_141' title='bbox 929 2277 1246 2343; x_wconf 89' lang='lat' dir='ltr'>scholium</span> <span class='ocrx_word' id='word_1_142' title='bbox 1304 2278 1401 2361; x_wconf 80' lang='lat'>(2)</span> <span class='ocrx_word' id='word_1_143' title='bbox 1467 2279 1592 2355; x_wconf 83' lang='lat' dir='ltr'>„Et</span> <span class='ocrx_word' id='word_1_144' title='bbox 1660 2276 1859 2350; x_wconf 88' lang='lat' dir='ltr'>simul</span> <span class='ocrx_word' id='word_1_145' title='bbox 1922 2277 2199 2343; x_wconf 91' lang='lat' dir='ltr'>ostendit</span> <span class='ocrx_word' id='word_1_146' title='bbox 2260 2297 2452 2362; x_wconf 86' lang='lat' dir='ltr'>quam</span> <span class='ocrx_word' id='word_1_147' title='bbox 2502 2280 2751 2343; x_wconf 84' lang='lat' dir='ltr'>invitus</span> 
     </span>
     <span class='ocr_line' id='line_1_21' title="bbox 368 2382 2349 2468; baseline 0.001 -22"><span class='ocrx_word' id='word_1_148' title='bbox 368 2382 721 2459; x_wconf 88' lang='lat' dir='ltr'>abscedat&#39;·&#39;,</span> <span class='ocrx_word' id='word_1_149' title='bbox 766 2405 880 2468; x_wconf 88' lang='lat' dir='ltr'>pro</span> <span class='ocrx_word' id='word_1_150' title='bbox 928 2386 1128 2448; x_wconf 88' lang='lat' dir='ltr'>otioso</span> <span class='ocrx_word' id='word_1_151' title='bbox 1177 2386 1523 2468; x_wconf 87' lang='lat' dir='ltr'>superioris</span> <span class='ocrx_word' id='word_1_152' title='bbox 1569 2383 2005 2448; x_wconf 87' lang='lat' dir='ltr'>additamento</span> <span class='ocrx_word' id='word_1_153' title='bbox 2054 2386 2349 2448; x_wconf 88' lang='lat' dir='ltr'>semovit.</span> 
     </span>
    </p>

    <p class='ocr_par' dir='ltr' id='par_1_9' title="bbox 458 2486 2259 2564">
     <span class='ocr_line' id='line_1_22' title="bbox 458 2486 2259 2564; baseline 0.001 -14"><span class='ocrx_word' id='word_1_154' title='bbox 458 2486 619 2552; x_wconf 88' lang='lat' dir='ltr'>Ibid.</span> <span class='ocrx_word' id='word_1_155' title='bbox 674 2486 802 2552; x_wconf 88' lang='lat'>113</span> <span class='ocrx_word' id='word_1_156' title='bbox 866 2489 976 2552; x_wconf 90' lang='lat' dir='ltr'>Me</span> <span class='ocrx_word' id='word_1_157' title='bbox 1022 2509 1231 2564; x_wconf 90' lang='lat' dir='ltr'>ames,</span> <span class='ocrx_word' id='word_1_158' title='bbox 1280 2509 1386 2552; x_wconf 90' lang='lat' dir='ltr'>me</span> <span class='ocrx_word' id='word_1_159' title='bbox 1434 2488 1779 2560; x_wconf 87' lang='lat' dir='ltr'>desideres,</span> <span class='ocrx_word' id='word_1_160' title='bbox 1827 2509 1933 2552; x_wconf 86' lang='lat' dir='ltr'>me</span> <span class='ocrx_word' id='word_1_161' title='bbox 1982 2490 2259 2552; x_wconf 89' lang='lat' dir='ltr'>somnies</span> 
     </span>
    </p>

    <p class='ocr_par' dir='ltr' id='par_1_10' title="bbox 364 2591 2749 2888">
     <span class='ocr_line' id='line_1_23' title="bbox 461 2591 2747 2678; baseline 0.001 -22"><span class='ocrx_word' id='word_1_162' title='bbox 461 2593 560 2676; x_wconf 89' lang='lat'>(1)</span> <span class='ocrx_word' id='word_1_163' title='bbox 613 2591 920 2669; x_wconf 71' lang='grc' dir='ltr'>Λῦξησις,</span> <span class='ocrx_word' id='word_1_164' title='bbox 969 2595 1119 2676; x_wconf 88' lang='lat' dir='ltr'>quia</span> <span class='ocrx_word' id='word_1_165' title='bbox 1165 2591 1312 2678; x_wconf 91' lang='lat' dir='ltr'>plus</span> <span class='ocrx_word' id='word_1_166' title='bbox 1360 2600 1452 2657; x_wconf 87' lang='lat' dir='ltr'>est</span> <span class='ocrx_word' id='word_1_167' title='bbox 1500 2594 1578 2657; x_wconf 86' lang='lat' dir='ltr'>ab</span> <span class='ocrx_word' id='word_1_168' title='bbox 1617 2614 1833 2657; x_wconf 87' lang='lat' dir='ltr'>amore</span> <span class='ocrx_word' id='word_1_169' title='bbox 1872 2593 2281 2658; x_wconf 89' lang='lat' dir='ltr'>desiderium.</span> <span class='ocrx_word' id='word_1_170' title='bbox 2419 2593 2540 2658; x_wconf 81' lang='lat' dir='ltr'>Sic·</span> <span class='ocrx_word' id='word_1_171' title='bbox 2562 2593 2747 2672; x_wconf 86' lang='lat' dir='ltr'>Don.;</span> 
     </span>
     <span class='ocr_line' id='line_1_24' title="bbox 366 2691 2749 2785; baseline 0.001 -23"><span class='ocrx_word' id='word_1_172' title='bbox 366 2697 466 2762; x_wconf 94' lang='lat' dir='ltr'>IB</span> <span class='ocrx_word' id='word_1_173' title='bbox 503 2703 707 2784; x_wconf 84' lang='lat' dir='ltr'>rog-at.</span> <span class='ocrx_word' id='word_1_174' title='bbox 758 2696 857 2780; x_wconf 89' lang='lat'>(3)</span> <span class='ocrx_word' id='word_1_175' title='bbox 903 2718 1052 2760; x_wconf 90' lang='lat' dir='ltr'>cum</span> <span class='ocrx_word' id='word_1_176' title='bbox 1104 2696 1401 2774; x_wconf 87' lang='lat' dir='ltr'>„amare”</span> <span class='ocrx_word' id='word_1_177' title='bbox 1442 2701 1507 2761; x_wconf 90' lang='lat' dir='ltr'>et</span> <span class='ocrx_word' id='word_1_178' title='bbox 1552 2691 1993 2773; x_wconf 85' lang='lat' dir='ltr'>„desiderare”</span> <span class='ocrx_word' id='word_1_179' title='bbox 2042 2702 2127 2762; x_wconf 89' lang='lat' dir='ltr'>sit</span> <span class='ocrx_word' id='word_1_180' title='bbox 2165 2699 2518 2764; x_wconf 86' lang='lat' dir='ltr'>voluntatis</span> <span class='ocrx_word' id='word_1_181' title='bbox 2558 2706 2749 2785; x_wconf 87' lang='lat' dir='ltr'>atque</span> 
     </span>
     <span class='ocr_line' id='line_1_25' title="bbox 364 2800 2746 2888; baseline 0 -19"><span class='ocrx_word' id='word_1_182' title='bbox 364 2804 661 2888; x_wconf 87' lang='lat' dir='ltr'>obsequi,</span> <span class='ocrx_word' id='word_1_183' title='bbox 708 2823 868 2866; x_wconf 92' lang='lat' dir='ltr'>num</span> <span class='ocrx_word' id='word_1_184' title='bbox 915 2805 1112 2867; x_wconf 87' lang='lat' dir='ltr'>etiam</span> <span class='ocrx_word' id='word_1_185' title='bbox 1163 2800 1608 2880; x_wconf 82' lang='lat' dir='ltr'>„somniare’&#39;?</span> <span class='ocrx_word' id='word_1_186' title='bbox 1746 2803 1909 2868; x_wconf 84' lang='lat' dir='ltr'>Ecce</span> <span class='ocrx_word' id='word_1_187' title='bbox 1954 2802 2393 2888; x_wconf 88' lang='lat' dir='ltr'>philosophus.</span> <span class='ocrx_word' id='word_1_188' title='bbox 2601 2803 2664 2869; x_wconf 80' lang='lat' dir='ltr'>S.</span> <span class='ocrx_word' id='word_1_189' title='bbox 2692 2826 2746 2869; x_wconf 88' lang='lat' dir='ltr'>c.</span> 
     </span>
    </p>

    <p class='ocr_par' dir='ltr' id='par_1_11' title="bbox 455 2905 1597 2991">
     <span class='ocr_line' id='line_1_26' title="bbox 455 2905 1597 2991; baseline -0.003 -18"><span class='ocrx_word' id='word_1_190' title='bbox 455 2907 614 2974; x_wconf 89' lang='lat' dir='ltr'>Ibid.</span> <span class='ocrx_word' id='word_1_191' title='bbox 669 2905 798 2972; x_wconf 84' lang='lat'>115</span> <span class='ocrx_word' id='word_1_192' title='bbox 825 2927 916 2991; x_wconf 88' lang='lat' dir='ltr'>sq.</span> <span class='ocrx_word' id='word_1_193' title='bbox 1591 2907 1597 2912; x_wconf 83' lang='lat'>&#39;</span> 
     </span>
    </p>

    <p class='ocr_par' dir='ltr' id='par_1_12' title="bbox 632 3013 2293 3204">
     <span class='ocr_line' id='line_1_27' title="bbox 632 3013 2267 3107; baseline 0 -29"><span class='ocrx_word' id='word_1_194' title='bbox 632 3013 744 3078; x_wconf 88' lang='lat' dir='ltr'>Me</span> <span class='ocrx_word' id='word_1_195' title='bbox 797 3014 1104 3090; x_wconf 74' lang='lat' dir='ltr'>somnieS,</span> <span class='ocrx_word' id='word_1_196' title='bbox 1153 3033 1258 3094; x_wconf 88' lang='lat' dir='ltr'>me</span> <span class='ocrx_word' id='word_1_197' title='bbox 1306 3016 1665 3097; x_wconf 87' lang='lat' dir='ltr'>exspectes,</span> <span class='ocrx_word' id='word_1_198' title='bbox 1714 3013 1791 3107; x_wconf 88' lang='lat' dir='ltr'>de</span> <span class='ocrx_word' id='word_1_199' title='bbox 1838 3035 1942 3078; x_wconf 86' lang='lat' dir='ltr'>me</span> <span class='ocrx_word' id='word_1_200' title='bbox 1988 3016 2267 3100; x_wconf 82' lang='lat' dir='ltr'>cogites,</span> 
     </span>
     <span class='ocr_line' id='line_1_28' title="bbox 632 3119 2293 3204; baseline 0 -20"><span class='ocrx_word' id='word_1_201' title='bbox 632 3119 746 3194; x_wconf 80' lang='lat' dir='ltr'>Me</span> <span class='ocrx_word' id='word_1_202' title='bbox 791 3140 1037 3204; x_wconf 85' lang='lat' dir='ltr'>speres,</span> <span class='ocrx_word' id='word_1_203' title='bbox 1085 3139 1192 3184; x_wconf 85' lang='lat' dir='ltr'>me</span> <span class='ocrx_word' id='word_1_204' title='bbox 1240 3122 1305 3183; x_wconf 92' lang='lat' dir='ltr'>te</span> <span class='ocrx_word' id='word_1_205' title='bbox 1353 3119 1666 3194; x_wconf 91' lang='lat' dir='ltr'>oblectes,</span> <span class='ocrx_word' id='word_1_206' title='bbox 1718 3139 1978 3183; x_wconf 89' lang='lat' dir='ltr'>mecum</span> <span class='ocrx_word' id='word_1_207' title='bbox 2024 3125 2159 3183; x_wconf 90' lang='lat' dir='ltr'>tota</span> <span class='ocrx_word' id='word_1_208' title='bbox 2207 3123 2293 3184; x_wconf 88' lang='lat' dir='ltr'>sis</span> 
     </span>
    </p>

    <p class='ocr_par' dir='ltr' id='par_1_13' title="bbox 367 3223 2747 3415">
     <span class='ocr_line' id='line_1_29' title="bbox 455 3223 2747 3311; baseline -0 -21"><span class='ocrx_word' id='word_1_209' title='bbox 455 3226 553 3311; x_wconf 90' lang='lat'>(1)</span> <span class='ocrx_word' id='word_1_210' title='bbox 615 3223 781 3292; x_wconf 89' lang='lat' dir='ltr'>Cum</span> <span class='ocrx_word' id='word_1_211' title='bbox 844 3246 991 3300; x_wconf 91' lang='lat' dir='ltr'>„me</span> <span class='ocrx_word' id='word_1_212' title='bbox 1054 3225 1388 3309; x_wconf 88' lang='lat' dir='ltr'>expectas&#39;’</span> <span class='ocrx_word' id='word_1_213' title='bbox 1448 3227 1582 3288; x_wconf 88' lang='lat' dir='ltr'>iam</span> <span class='ocrx_word' id='word_1_214' title='bbox 1630 3223 1895 3301; x_wconf 84' lang='lat' dir='ltr'>dixerit,</span> <span class='ocrx_word' id='word_1_215' title='bbox 1946 3224 2100 3308; x_wconf 91' lang='lat' dir='ltr'>quid</span> <span class='ocrx_word' id='word_1_216' title='bbox 2147 3225 2272 3290; x_wconf 91' lang='lat' dir='ltr'>sibi</span> <span class='ocrx_word' id='word_1_217' title='bbox 2316 3224 2462 3290; x_wconf 87' lang='lat' dir='ltr'>vult</span> <span class='ocrx_word' id='word_1_218' title='bbox 2506 3227 2747 3291; x_wconf 88' lang='lat' dir='ltr'>iterum</span> 
     </span>
     <span class='ocr_line' id='line_1_30' title="bbox 367 3327 1122 3415; baseline -0.001 -21"><span class='ocrx_word' id='word_1_219' title='bbox 367 3351 515 3408; x_wconf 85' lang='lat' dir='ltr'>„me</span> <span class='ocrx_word' id='word_1_220' title='bbox 561 3327 859 3415; x_wconf 82' lang='lat' dir='ltr'>speres&#39;&#39;?</span> <span class='ocrx_word' id='word_1_221' title='bbox 1007 3403 1016 3406; x_wconf 42' lang='grc'><strong>,</strong></span> <span class='ocrx_word' id='word_1_222' title='bbox 1116 3407 1122 3412; x_wconf 24' lang='lat'>¹</span> 
     </span>
    </p>

    <p class='ocr_par' dir='ltr' id='par_1_14' title="bbox 456 3433 2545 3522">
     <span class='ocr_line' id='line_1_31' title="bbox 456 3433 2545 3522; baseline -0.001 -22"><span class='ocrx_word' id='word_1_223' title='bbox 456 3436 554 3522; x_wconf 81' lang='lat'>(2)</span> <span class='ocrx_word' id='word_1_224' title='bbox 603 3437 705 3500; x_wconf 90' lang='lat' dir='ltr'>An</span> <span class='ocrx_word' id='word_1_225' title='bbox 751 3437 1284 3519; x_wconf 85' lang='lat' dir='ltr'>exspectatio</span> <span class='ocrx_word' id='word_1_226' title='bbox 1331 3439 1652 3498; x_wconf 87' lang='lat' dir='ltr'>certorum</span> <span class='ocrx_word' id='word_1_227' title='bbox 1696 3437 1829 3511; x_wconf 91' lang='lat' dir='ltr'>est,</span> <span class='ocrx_word' id='word_1_228' title='bbox 1880 3455 2065 3518; x_wconf 85' lang='lat' dir='ltr'>spes</span> <span class='ocrx_word' id='word_1_229' title='bbox 2112 3433 2545 3500; x_wconf 80' lang='lat' dir='ltr'>incertorum?</span> 
     </span>
    </p>

    <p class='ocr_par' dir='ltr' id='par_1_15' title="bbox 368 3539 2753 3732">
     <span class='ocr_line' id='line_1_32' title="bbox 457 3539 2753 3628; baseline 0 -23"><span class='ocrx_word' id='word_1_230' title='bbox 457 3539 555 3627; x_wconf 88' lang='lat'>(3)</span> <span class='ocrx_word' id='word_1_231' title='bbox 617 3540 706 3605; x_wconf 84' lang='lat' dir='ltr'>Et</span> <span class='ocrx_word' id='word_1_232' title='bbox 767 3541 1300 3624; x_wconf 87' lang='lat' dir='ltr'>exspectatio</span> <span class='ocrx_word' id='word_1_233' title='bbox 1366 3541 1874 3624; x_wconf 87' lang='lat' dir='ltr'>propinquarum</span> <span class='ocrx_word' id='word_1_234' title='bbox 1938 3561 2192 3616; x_wconf 87' lang='lat' dir='ltr'>rerum,</span> <span class='ocrx_word' id='word_1_235' title='bbox 2260 3562 2443 3626; x_wconf 89' lang='lat' dir='ltr'>spes</span> <span class='ocrx_word' id='word_1_236' title='bbox 2503 3541 2753 3628; x_wconf 83' lang='lat' dir='ltr'>longin-</span> 
     </span>
     <span class='ocr_line' id='line_1_33' title="bbox 368 3667 660 3732; baseline 0 -21"><span class='ocrx_word' id='word_1_237' title='bbox 368 3667 660 3732; x_wconf 89' lang='lat' dir='ltr'>quarum.</span> 
     </span>
    </p>

    <p class='ocr_par' dir='ltr' id='par_1_16' title="bbox 458 3751 2701 3837">
     <span class='ocr_line' id='line_1_34' title="bbox 458 3751 2701 3837; baseline 0.001 -22"><span class='ocrx_word' id='word_1_238' title='bbox 458 3751 555 3836; x_wconf 89' lang='grc'>(4)</span> <span class='ocrx_word' id='word_1_239' title='bbox 602 3752 689 3817; x_wconf 84' lang='lat' dir='ltr'>Et</span> <span class='ocrx_word' id='word_1_240' title='bbox 734 3753 1275 3836; x_wconf 87' lang='lat' dir='ltr'>exspectatio</span> <span class='ocrx_word' id='word_1_241' title='bbox 1327 3752 1606 3816; x_wconf 86' lang='lat' dir='ltr'>destinat</span> <span class='ocrx_word' id='word_1_242' title='bbox 1651 3756 1947 3837; x_wconf 85' lang='lat' dir='ltr'>tempus,</span> <span class='ocrx_word' id='word_1_243' title='bbox 1997 3773 2185 3837; x_wconf 87' lang='lat' dir='ltr'>spes</span> <span class='ocrx_word' id='word_1_244' title='bbox 2229 3774 2350 3818; x_wconf 88' lang='lat' dir='ltr'>non</span> <span class='ocrx_word' id='word_1_245' title='bbox 2402 3754 2701 3819; x_wconf 88' lang='lat' dir='ltr'>destinat.</span> 
     </span>
    </p>

    <p class='ocr_par' dir='ltr' id='par_1_17' title="bbox 365 3855 2751 4154">
     <span class='ocr_line' id='line_1_35' title="bbox 457 3855 2751 3945; baseline 0.001 -24"><span class='ocrx_word' id='word_1_246' title='bbox 457 3858 557 3944; x_wconf 85' lang='lat'>(5)</span> <span class='ocrx_word' id='word_1_247' title='bbox 617 3857 720 3922; x_wconf 87' lang='lat' dir='ltr'>An</span> <span class='ocrx_word' id='word_1_248' title='bbox 784 3878 930 3932; x_wconf 87' lang='lat' dir='ltr'>„me</span> <span class='ocrx_word' id='word_1_249' title='bbox 991 3856 1246 3942; x_wconf 88' lang='lat' dir='ltr'>speres&#39;’</span> <span class='ocrx_word' id='word_1_250' title='bbox 1308 3855 1481 3922; x_wconf 88' lang='lat' dir='ltr'>idem</span> <span class='ocrx_word' id='word_1_251' title='bbox 1543 3858 1785 3934; x_wconf 86' lang='lat' dir='ltr'>facere,</span> <span class='ocrx_word' id='word_1_252' title='bbox 1836 3857 1903 3921; x_wconf 93' lang='lat' dir='ltr'>id</span> <span class='ocrx_word' id='word_1_253' title='bbox 1950 3862 2048 3922; x_wconf 90' lang='lat' dir='ltr'>est</span> <span class='ocrx_word' id='word_1_254' title='bbox 2093 3859 2168 3923; x_wconf 90' lang='lat' dir='ltr'>de</span> <span class='ocrx_word' id='word_1_255' title='bbox 2218 3865 2292 3933; x_wconf 88' lang='lat' dir='ltr'>te</span> <span class='ocrx_word' id='word_1_256' title='bbox 2324 3862 2626 3945; x_wconf 82' lang='lat' dir='ltr'>cogitare,</span> <span class='ocrx_word' id='word_1_257' title='bbox 2676 3866 2751 3924; x_wconf 91' lang='lat' dir='ltr'>ut</span> 
     </span>
     <span class='ocr_line' id='line_1_36' title="bbox 365 3962 2750 4050; baseline 0 -22"><span class='ocrx_word' id='word_1_258' title='bbox 365 3966 451 4028; x_wconf 91' lang='lat' dir='ltr'>sit</span> <span class='ocrx_word' id='word_1_259' title='bbox 499 3963 794 4048; x_wconf 85' lang='lat' dir='ltr'>„speres”</span> <span class='ocrx_word' id='word_1_260' title='bbox 843 3962 1095 4040; x_wconf 88' lang='lat' dir='ltr'>credas,</span> <span class='ocrx_word' id='word_1_261' title='bbox 1147 3967 1220 4026; x_wconf 95' lang='lat' dir='ltr'>ut</span> <span class='ocrx_word' id='word_1_262' title='bbox 1271 3965 1492 4027; x_wconf 86' lang='lat' dir='ltr'>statim</span> <span class='ocrx_word' id='word_1_263' title='bbox 1540 3965 1607 4026; x_wconf 91' lang='lat' dir='ltr'>in</span> <span class='ocrx_word' id='word_1_264' title='bbox 1653 3963 1927 4027; x_wconf 87' lang='lat' dir='ltr'>subditis</span> <span class='ocrx_word' id='word_1_265' title='bbox 1965 3965 2251 4029; x_wconf 85' lang='lat' dir='ltr'>invenies</span> <span class='ocrx_word' id='word_1_266' title='bbox 2298 3967 2419 4049; x_wconf 88' lang='lat' dir='ltr'>(vs.</span> <span class='ocrx_word' id='word_1_267' title='bbox 2474 3963 2601 4028; x_wconf 83' lang='lat'>123</span> <span class='ocrx_word' id='word_1_268' title='bbox 2628 3970 2750 4050; x_wconf 85' lang='lat' dir='ltr'>sq.)</span> 
     </span>
     <span class='ocr_line' id='line_1_37' title="bbox 368 4067 2472 4154; baseline 0 -21"><span class='ocrx_word' id='word_1_269' title='bbox 368 4089 560 4146; x_wconf 91' lang='lat' dir='ltr'>„nam</span> <span class='ocrx_word' id='word_1_270' title='bbox 608 4071 746 4133; x_wconf 91' lang='lat' dir='ltr'>eius</span> <span class='ocrx_word' id='word_1_271' title='bbox 795 4068 1056 4133; x_wconf 85' lang='lat' dir='ltr'>fratrem</span> <span class='ocrx_word' id='word_1_272' title='bbox 1103 4088 1286 4152; x_wconf 88' lang='lat' dir='ltr'>spero</span> <span class='ocrx_word' id='word_1_273' title='bbox 1333 4071 1466 4133; x_wconf 88' lang='lat' dir='ltr'>iam</span> <span class='ocrx_word' id='word_1_274' title='bbox 1514 4067 1981 4153; x_wconf 90' lang='lat' dir='ltr'>propemodum</span> <span class='ocrx_word' id='word_1_275' title='bbox 2033 4067 2472 4154; x_wconf 78' lang='lat' dir='ltr'>repperisse&#39;&#39;?</span> 
     </span>
    </p>

    <p class='ocr_par' dir='ltr' id='par_1_18' title="bbox 457 4173 2189 4260">
     <span class='ocr_line' id='line_1_38' title="bbox 457 4173 2189 4260; baseline -0.001 -21"><span class='ocrx_word' id='word_1_276' title='bbox 457 4174 553 4260; x_wconf 90' lang='lat'>(6)</span> <span class='ocrx_word' id='word_1_277' title='bbox 606 4175 758 4253; x_wconf 86' lang='lat' dir='ltr'>„Me</span> <span class='ocrx_word' id='word_1_278' title='bbox 804 4180 868 4238; x_wconf 92' lang='lat' dir='ltr'>te</span> <span class='ocrx_word' id='word_1_279' title='bbox 916 4174 1230 4239; x_wconf 89' lang='lat' dir='ltr'>oblectes&#39;&#39;</span> <span class='ocrx_word' id='word_1_280' title='bbox 1281 4177 1598 4258; x_wconf 88' lang='lat' dir='ltr'>septimus</span> <span class='ocrx_word' id='word_1_281' title='bbox 1645 4195 1827 4238; x_wconf 88' lang='lat' dir='ltr'>casus</span> <span class='ocrx_word' id='word_1_282' title='bbox 1874 4173 2189 4250; x_wconf 88' lang='lat' dir='ltr'>&lt;„me’&#39;&gt;.</span> 
     </span>
    </p>

    <p class='ocr_par' dir='ltr' id='par_1_19' title="bbox 363 4278 2750 4686">
     <span class='ocr_line' id='line_1_39' title="bbox 453 4278 2749 4362; baseline -0 -15"><span class='ocrx_word' id='word_1_283' title='bbox 453 4278 551 4362; x_wconf 79' lang='lat'><strong>(¹7)</strong></span> <span class='ocrx_word' id='word_1_284' title='bbox 617 4280 920 4358; x_wconf 88' lang='lat' dir='ltr'>„Mecum</span> <span class='ocrx_word' id='word_1_285' title='bbox 985 4285 1119 4344; x_wconf 91' lang='lat' dir='ltr'>tota</span> <span class='ocrx_word' id='word_1_286' title='bbox 1181 4279 1310 4344; x_wconf 90' lang='lat' dir='ltr'>sis&#39;’</span> <span class='ocrx_word' id='word_1_287' title='bbox 1362 4284 1498 4346; x_wconf 92' lang='lat' dir='ltr'>toto</span> <span class='ocrx_word' id='word_1_288' title='bbox 1546 4283 1795 4345; x_wconf 89' lang='lat' dir='ltr'>animo:</span> <span class='ocrx_word' id='word_1_289' title='bbox 1847 4317 1931 4327; x_wconf 94' lang='lat'>—</span> <span class='ocrx_word' id='word_1_290' title='bbox 1979 4300 2129 4344; x_wconf 89' lang='lat' dir='ltr'>nam</span> <span class='ocrx_word' id='word_1_291' title='bbox 2174 4278 2359 4344; x_wconf 90' lang='lat' dir='ltr'>illam</span> <span class='ocrx_word' id='word_1_292' title='bbox 2404 4302 2572 4346; x_wconf 92' lang='lat' dir='ltr'>nunc</span> <span class='ocrx_word' id='word_1_293' title='bbox 2618 4284 2749 4346; x_wconf 88' lang='lat' dir='ltr'>ani-</span> 
     </span>
     <span class='ocr_line' id='line_1_40' title="bbox 364 4385 2749 4471; baseline 0 -19"><span class='ocrx_word' id='word_1_294' title='bbox 364 4408 549 4453; x_wconf 88' lang='lat' dir='ltr'>mum</span> <span class='ocrx_word' id='word_1_295' title='bbox 595 4386 738 4452; x_wconf 85' lang='lat' dir='ltr'>vult</span> <span class='ocrx_word' id='word_1_296' title='bbox 784 4408 956 4463; x_wconf 87' lang='lat' dir='ltr'>esse,</span> <span class='ocrx_word' id='word_1_297' title='bbox 1004 4405 1426 4470; x_wconf 89' lang='lat' dir='ltr'>non·corpus.</span> <span class='ocrx_word' id='word_1_298' title='bbox 1479 4386 1576 4467; x_wconf 80' lang='grc'>(8)</span> <span class='ocrx_word' id='word_1_299' title='bbox 1623 4390 1688 4450; x_wconf 92' lang='lat' dir='ltr'>et</span> <span class='ocrx_word' id='word_1_300' title='bbox 1728 4385 1926 4450; x_wconf 91' lang='lat' dir='ltr'>simul</span> <span class='ocrx_word' id='word_1_301' title='bbox 1973 4423 2057 4433; x_wconf 94' lang='lat'>—</span> <span class='ocrx_word' id='word_1_302' title='bbox 2108 4385 2277 4470; x_wconf 91' lang='lat' dir='ltr'>quod</span> <span class='ocrx_word' id='word_1_303' title='bbox 2316 4389 2453 4471; x_wconf 88' lang='lat' dir='ltr'>ipse</span> <span class='ocrx_word' id='word_1_304' title='bbox 2491 4389 2569 4452; x_wconf 89' lang='lat' dir='ltr'>ab</span> <span class='ocrx_word' id='word_1_305' title='bbox 2611 4391 2749 4453; x_wconf 89' lang='lat' dir='ltr'>eius</span> 
     </span>
     <span class='ocr_line' id='line_1_41' title="bbox 364 4490 2750 4580; baseline -0 -20"><span class='ocrx_word' id='word_1_306' title='bbox 364 4515 623 4580; x_wconf 88' lang='lat' dir='ltr'>corpore</span> <span class='ocrx_word' id='word_1_307' title='bbox 670 4495 936 4579; x_wconf 88' lang='lat' dir='ltr'>patitur,</span> <span class='ocrx_word' id='word_1_308' title='bbox 1002 4491 1068 4555; x_wconf 93' lang='lat' dir='ltr'>id</span> <span class='ocrx_word' id='word_1_309' title='bbox 1115 4490 1263 4558; x_wconf 87' lang='lat' dir='ltr'>vult</span> <span class='ocrx_word' id='word_1_310' title='bbox 1311 4491 1510 4556; x_wconf 93' lang='lat' dir='ltr'>militi</span> <span class='ocrx_word' id='word_1_311' title='bbox 1555 4494 1693 4556; x_wconf 90' lang='lat' dir='ltr'>eius</span> <span class='ocrx_word' id='word_1_312' title='bbox 1741 4496 1956 4556; x_wconf 87' lang='lat' dir='ltr'>mente</span> <span class='ocrx_word' id='word_1_313' title='bbox 2002 4494 2369 4578; x_wconf 81' lang='lat' dir='ltr'>contingere</span> <span class='ocrx_word' id='word_1_314' title='bbox 2418 4499 2750 4578; x_wconf 91' lang='lat' dir='ltr'>tamquam</span> 
     </span>
     <span class='ocr_line' id='line_1_42' title="bbox 363 4593 1433 4686; baseline -0.007 -20"><span class='ocrx_word' id='word_1_315' title='bbox 363 4603 622 4686; x_wconf 90' lang='lat' dir='ltr'>penitus</span> <span class='ocrx_word' id='word_1_316' title='bbox 668 4597 924 4663; x_wconf 90' lang='lat' dir='ltr'>excluso</span> <span class='ocrx_word' id='word_1_317' title='bbox 971 4598 1050 4662; x_wconf 88' lang='lat' dir='ltr'>ab</span> <span class='ocrx_word' id='word_1_318' title='bbox 1099 4599 1323 4661; x_wconf 88' lang='lat' dir='ltr'>amica.</span> <span class='ocrx_word' id='word_1_319' title='bbox 1411 4593 1433 4617; x_wconf 77' lang='lat'><strong><em>⁹</em></strong></span> 
     </span>
    </p>
   </div>
  </div>
 </body>
</html>
