3392 5384
719 418 851 484 220
1760 432 2071 482 Donamus.

723 599 801 667 ad
842 623 1002 688 quae
1042 602 1119 667 de
1157 603 1386 667 itinere
1427 601 1869 667 divertendum
1899 590 2013 665 sit.
2120 600 2458 667 Rationem
2484 604 2841 669 causativas
2870 602 3087 688 „quia”

711 731 839 776 non
910 730 1231 795 assequor.
1335 709 1554 774 Etiam
1622 708 1753 790 (3):
1820 707 1964 794 plus
2028 714 2124 774 est
2184 710 2488 774 scientem
2553 711 2862 775 restitisse
2908 730 3090 794 quam

713 818 1116 901 praeteriisse
1164 818 1589 894 nescientem,
1641 822 2009 901 suspectum
2060 821 2184 890 est..

805 922 966 988 Ibid.
1021 922 1060 986 9
1131 922 1415 987 Biduum
1464 922 1568 987 hic
1615 922 2011 988 manendum
2062 929 2158 987 est
2206 922 2326 987 soli
2370 925 2504 989 sine
2552 920 2709 988 illa?

803 1029 899 1111 (l)
965 1028 1146 1107 „Soli
1207 1032 1368 1111 [sine
1432 1028 1619 1112 illa]’'
1683 1028 1935 1095 scilicet
1984 1026 2132 1094 'sine
2192 1029 2327 1095 illa.
2468 1029 2746 1111 (2),Aut
2796 1030 2933 1100 sine
2978 1027 3096 1093 alio

663 1134 676 1149 '
714 1134 1198 1201 oblectamento.
1339 1132 1434 1216 (3)
1484 1135 1652 1201 Satis
1701 1142 2009 1201 amanter.
2150 1134 2245 1217 (4)
2284 1135 2420 1201 Iam
2463 1156 2654 1201 causa
2692 1141 2821 1213 est,
2866 1155 2981 1200 cur
3015 1134 3098 1199 bi-

717 1242 921 1307 duum
980 1247 1291 1329 gravetur
1351 1241 1490 1308 loco
1553 1244 1761 1320 tristi,
1826 1263 1941 1307 cur
2001 1240 2313 1308 solacium
2362 1240 2892 1327 conquirendum.
2942 1239 3097 1305 Sunt

718 1355 936 1413 autem
999 1350 1109 1433 qui
1170 1348 1341 1413 idem
1404 1355 1632 1434 putent
1694 1370 1829 1414 esse
1878 1348 2085 1427 „soli”
2148 1351 2327 1427 „sine
2372 1348 2549 1428 illa'',
2600 1354 2676 1413 ut
2725 1351 2906 1427 „sine
2949 1346 3097 1412 illa''

719 1453 1008 1531 ἐξήγησις
1072 1456 1209 1519 eius
1266 1457 1350 1519 sit
1396 1455 1565 1540 quod
1613 1455 1859 1520 dixerat
1910 1454 2136 1534 „soli''.
2278 1455 2373 1536 (3)
2421 1461 2485 1521 et
2533 1454 2647 1537 (4),
2697 1476 2859 1541 quae
2907 1454 3103 1519 forma

717 1582 784 1626 se
823 1561 1261 1639 commendat,
1305 1561 1487 1626 Aelio
1529 1560 1731 1625 danda
1771 1561 2091 1639 videntur,
2134 1562 2245 1647 qui
2293 1565 2509 1627 tamen
2556 1583 2671 1627 cur
2718 1583 2846 1627 non
2897 1561 3105 1648 proba·

716 1670 881 1732 verit
925 1666 1194 1733 alteram
1237 1669 1833 1753 interpretationem
1883 1670 2069 1733 unice
2119 1689 2358 1745 veram,
2409 1691 2536 1734 non
2586 1668 2801 1747 video,
2852 1688 2968 1733 nec
3018 1669 3106 1731 in-

718 1772 991 1861 tellegO,
1043 1774 1362 1859 quomodo
1409 1776 1544 1859 ipse
1596 1772 1805 1852 „soli”
1856 1772 2273 1859 explicuerit,
2316 1776 2443 1839 nisi
2481 1775 2600 1839 hoc
2638 1773 2840 1840 lateat
2884 1776 2953 1838 in
2994 1773 3105 1854 (2),

718 1883 902 1946 cuius
948 1886 1162 1946 tamen
1210 1881 1448 1959 forma,
1498 1885 1575 1946 ut
1620 1881 1838 1967 primi,
1888 1879 2172 1967 aliquem
2219 1884 2611 1969 magistrum
2659 1880 2899 1967 prodit.

807 1986 970 2052 Ibid.
1025 1987 1106 2051 14
1173 1986 1330 2053 Vide
1379 2008 1572 2074 supra
1619 2009 1684 2074 p.
1739 1987 1843 2053 18.

812 2202 898 2267 IV
947 2199 1008 2267 3.
1039 2200 1076 2268 '7
1151 2202 1428 2268 Absente
1473 2202 1656 2267 nobis

807 2308 971 2374 Don.
1035 2308 1130 2391 (l)
1191 2314 1303 2374 aut
1349 2307 2005 2395 subdistinguendum
2052 2314 2117 2375 et
2165 2307 2681 2374 subaudiendum
2733 2308 2952 2387 „me’',
3004 2312 3110 2374 aut

720 2416 1070 2497 ἀργαισμός
1133 2420 1228 2481 est
1291 2415 1501 2501 figura
1569 2415 1869 2492 „absente
1930 2415 2153 2481 nobis’'
2221 2437 2334 2501 pro
2399 2416 2812 2494 „absentibus
2862 2416 3108 2481 nobis''.

721 2524 1115 2609 Pomponius
1162 2525 1228 2587 in
1275 2522 1600 2609 Ergastilo
1649 2529 2023 2607 „praesente
2073 2524 2341 2588 amicis’'
2382 2528 2555 2600 cett„
2598 2522 2795 2588 Varro
2834 2525 2903 2588 in
2946 2523 3109 2587 Mar-

721 2629 882 2696 cello
947 2629 1084 2707 „id'
1115 2634 1446 2714 praesente
1505 2627 1784 2715 legatis''
1851 2634 1979 2694 cett
2013 2627 2079 2710 ¹).
2221 2628 2321 2693 IP
2371 2629 2466 2711 (2)
2516 2630 2839 2709 „Absente
2889 2627 3106 2696 nobis'’

721 2758 870 2802 cum
920 2736 1076 2802 dicit
1122 2758 1236 2821 pro
1281 2738 1751 2822 praepositione
1797 2738 1981 2822 ponit
2029 2737 2323 2815 absente,
2366 2742 2443 2802 ut
2480 2738 2535 2801 si
2572 2735 2809 2802 diceret
2854 2756 3108 2816 „coram

722 2842 1012 2909 amicis''.

812 2950 1182 3028 Praeteriit,
1226 2971 1438 3035 spem,
1482 2954 1738 3035 tempus
1778 2970 1926 3014 cum
1973 2949 2049 3014 de
2094 2949 2462 3015 istiusmodi
2500 2951 2887 3015 commentis
2912 2949 3113 3015 conici

722 3062 966 3143 poterat
1043 3056 1352 3142 „perhaps
1422 3056 1533 3121 the
1592 3058 1757 3122 view
1822 3057 1896 3122 of
1949 3056 2162 3121 Donat
2219 3055 2524 3121 himself''
2602 3055 2941 3137 (Smith,
3004 3056 3112 3120 Ar-

720 3165 996 3229 chaisms
1044 3164 1116 3229 of
1153 3163 1444 3229 Terence.
1494 3161 1852 3229 Baltimore
1905 3162 2081 3228 1890
2131 3185 2193 3248 p.
2251 3164 2381 3246 14).

808 3270 968 3337 Ibid.
1023 3269 1102 3334 11
1177 3268 1565 3335 Eunuchum
1618 3292 1812 3355 quem
1861 3270 2097 3335 dedisti
2144 3271 2327 3335 nobis
2375 3290 2532 3355 quas
2581 3270 2803 3335 turbas
2852 3266 3063 3335 dedit!

811 3378 907 3459 (1)
978 3370 1164 3460 [Aut]
1227 3377 1629 3457 σύλλημψις,
1695 3382 1771 3442 ut
1838 3377 2104 3455 „urbem
2170 3397 2370 3462 quam
2427 3381 2639 3442 statuo
2700 3380 2915 3441 vestra
2970 3375 3106 3442 est”

722 3484 903 3564 (Aen.
946 3484 976 3548 1
1017 3481 1175 3565 573)
1215 3522 1300 3531 —
1340 3489 1454 3549 aut
1505 3484 1783 3569 „quem”
1834 3505 1983 3550 cum
2021 3485 2525 3571 interrogatione
2564 3482 3107 3568 pronuntiandum

720 3596 796 3654 ut
857 3592 941 3655 sit
1005 3588 1331 3676 qualem
1384 3628 1467 3639 —
1524 3590 1620 3671 (2)
1671 3594 1791 3674 [et]
1843 3590 2105 3677 quidam
2150 3589 2387 3658 volunt
2440 3589 2717 3676 „quem”
2768 3589 3106 3655 subdistin-

719 3718 938 3784 guere,
1003 3699 1182 3782 quasi
1246 3697 1415 3763 dicat
1481 3696 1848 3783 „qualem’',
1904 3698 2014 3764 sed
2062 3700 2355 3763 nesciunt
2400 3698 2519 3763 hac
2566 3697 2775 3784 figura
2821 3696 3105 3762 multum

725 3809 969 3869 veteres
1027 3824 1174 3869 usos
1220 3824 1390 3870 esse:
1443 3803 1900 3881 „eunuchum”
1951 3806 2123 3869 enim
2172 3803 2252 3869 ad
2302 3802 2618 3882 „dedisti”
2672 3803 2943 3868 verbum
2991 3806 3110 3868 ret-

719 3910 877 3976 tulit
921 3932 1123 3990 nunc,
1175 3910 1253 3976 ad
1301 3910 1561 3989 „dedit”
1611 3932 1766 3998 ergo
1818 3917 2077 3998 propter
2123 3910 2298 3976 aliud
2344 3908 2591 3986 ἀξίωμα
2644 3909 3108 3975 adsumendum

722 4020 1114 4083 extrinsecus
1164 4020 1260 4095 „is
1308 4017 1682 4083 ennuchus''
1708 4038 1723 4098 ;
1771 4039 1923 4083 nam
1973 4020 2267 4103 quotiens
2305 4022 2454 4083 cett.
2570 4016 2666 4098 (3)
2704 4016 2789 4081 Et
2830 4016 3106 4102 „quem”

721 4130 786 4189 et
857 4125 1099 4209 „quas”
1173 4127 1264 4190 sic
1333 4127 1583 4210 accipe,
1658 4128 1845 4211 quasi
1918 4126 2155 4192 dixerit
2220 4123 2521 4211 „qualem
2582 4123 2995 4190 eunuchum”
3044 4127 3108 4189 et
3216 4190 3227 4199 ,

727 4230 991 4317 „quales
1037 4232 1322 4297 turbas’'.

787 4492 842 4555 1)
878 4492 1085 4540 Omnem
1119 4492 1351 4543 eiusmodi
1385 4491 1650 4541 doctrinam
1689 4492 1788 4541 We
1808 4506 2091 4541 seuerus
2126 4506 2154 4541 a
2194 4493 2379 4542 Donato
2412 4494 2653 4557 sumptam
2687 4492 2827 4556 putat
2861 4506 2916 4540 ex
2946 4488 3101 4541 Probo

716 4575 768 4624 et
804 4574 970 4638 Aspre.
