3392 5384
1331 409 1709 460 ruromox.
2576 395 2705 463 155

323 597 400 640 ex
461 575 748 662 Diogene
803 576 1059 652 Laertio
1117 574 1267 640 VIII
1315 573 1400 638 46
1459 579 1524 640 et
1570 573 1910 640 Iamblichi
1957 578 2094 641 vita
2140 577 2551 664 Pythagorae
2599 599 2703 643 ex-

323 689 548 747 trema.
614 681 737 747 Sed
801 683 970 767 apud
1030 680 1370 748 Platonem
1416 702 1603 766 saepe
1647 681 1866 746 addita
1911 683 2189 766 reperias
2238 703 2400 767 quae
2444 684 2513 746 in
2556 707 2700 748 vera

323 789 448 850 vita
492 809 682 854 nemo
729 788 1094 852 addidisset.
1144 786 1363 852 Veluti
1401 789 1470 850 in
1510 786 1878 872 Terpsionis
1920 789 2133 852 verbis
2174 787 2431 853 Theaet.
2465 788 2699 856 1420:

325 899 450 964 πῶς
510 895 617 957 οὐκ
679 895 866 957 αὐτοῦ
932 901 1310 970 Μεγαροῖ
1369 894 1705 970 κατέλυεν;
1772 893 1948 957 urbis
2010 914 2243 957 nomen
2303 901 2554 979 praeter
2607 897 2703 960 rei

320 1001 657 1065 veritatem
719 999 1115 1082 adscriptum
1176 1004 1292 1063 est.
1357 998 1550 1063 Initio
1612 996 2053 1062 Parmenidis:
2102 999 2353 1071 Ἐπειδὴ
2406 999 2707 1081 Ἀθήναζε

319 1103 538 1168 οἴκοθεν
600 1105 684 1170 ἐκ
733 1104 1270 1184 Κλαζομενῶν
1327 1103 1725 1184 ἀφικόμεθα,
1782 1107 1996 1188 potuit
2041 1104 2159 1169 hoc
2206 1104 2442 1170 sciolus
2490 1108 2709 1171 rescis-

323 1229 459 1273 cere
496 1230 574 1273 ex
613 1211 695 1289 iis
735 1229 895 1294 quae
934 1211 1112 1273 brevi
1150 1214 1296 1293 post
1335 1208 1659 1273 dicuntur.
1702 1208 1935 1272 Itidem
1961 1210 2029 1271 in
2056 1208 2315 1275 exordio
2340 1210 2703 1295 Symposii:

321 1312 539 1379 οἴκοθεν
601 1316 776 1378 άνιὼν
836 1315 1151 1392 Φαληρό
1167 1319 1326 1390 θεν,
1389 1320 1791 1399 postremum
1837 1313 2229 1381 vocabulum
2276 1337 2403 1380 non
2446 1315 2705 1381 videtur

319 1422 522 1506 ipsius
582 1417 884 1484 Platonis,
948 1418 1073 1484 Sed
1121 1417 1593 1504 Apollodorum
1640 1419 1985 1484 familiaris
2034 1420 2296 1503 quidem
2343 1420 2550 1484 ὄπισθε
2600 1445 2711 1484 κα-

317 1526 492 1616 τιδὼν
539 1525 826 1603 πόρρωθεν
874 1525 1136 1590 ἐκάλεσε
1184 1525 1288 1589 καὶ
1337 1523 1574 1605 παίζων
1622 1522 1769 1599 ἅμα
1816 1535 1894 1605 τῇ
1944 1526 2179 1603 κλήσει,
2235 1525 2311 1589 ‘0
2359 1527 2697 1605 Φαληρεύς,

317 1627 475 1710 ἔφη,
541 1627 712 1702 οὗτος
774 1630 1371 1708 Ἀπολλόδωρος
1438 1631 1503 1694 οὐ
1563 1639 1908 1707 περιμενεῖς
1924 1651 1941 1710 3
1993 1629 2463 1710 Quaesiverunt
2507 1633 2701 1696 inter-

314 1741 525 1820 pretes
584 1736 738 1820 quid
782 1743 948 1801 esset
992 1739 1060 1799 in
1107 1736 1210 1800 his
1233 1736 1504 1800 festivi:
1553 1734 1929 1827 intelligent
1977 1736 2241 1800 fortasse
2283 1736 2544 1800 inducto
2590 1757 2698 1800 no·

317 1844 491 1905 mine
538 1843 813 1926 proprio.
876 1841 1010 1906 Nos
1055 1848 1224 1906 certe
1271 1841 1502 1905 Batavi
1549 1838 1723 1903 haud
1771 1839 2058 1905 multum
2092 1839 2410 1904 'dissimili
2455 1843 2700 1906 ratione

313 1946 643 2011 interdum
706 1945 1012 2023 iocamur,
1081 1945 1189 2010 sed
1251 1945 1487 2031 dignus
1534 1951 1630 2009 est
1676 1950 1893 2009 tamen
1941 1947 2053 2030 qui
2101 1945 2460 2010 conferatur
2504 1944 2704 2009 Retti-

311 2055 462 2139 gius
523 2074 585 2137 p.
622 2050 728 2128 56,
791 2054 897 2116 cui
957 2051 1186 2115 itidem
1248 2053 1585 2135 proprium
1647 2071 1881 2114 nomen
1946 2050 2239 2115 additum
2305 2050 2701 2136 displicebat.

316 2158 503 2222 Nunc
547 2159 885 2223 veniamus
931 2156 1009 2221 ad
1053 2157 1313 2221 Menon.
1366 2155 1451 2222 70
1469 2155 1542 2234 Β,
1592 2155 1705 2220 ubi
1753 2154 2028 2221 offendor
2066 2156 2167 2220 his
2207 2157 2454 2222 verbis:
2499 2157 2550 2220 οἱ
2589 2160 2698 2220 τοῦ

315 2269 421 2327 σοῦ
485 2262 720 2340 ἑταίρου
778 2264 1144 2340 Ἀρις-ίππου
1202 2269 1456 2326 πολῖται
1524 2269 1867 2339 Λαρισαῖοι.
1935 2261 2264 2326 Ultimum
2310 2260 2697 2327 vocabulum

313 2371 768 2454 expunxerim,
830 2389 979 2432 nam
1043 2366 1232 2432 Plato
1280 2389 1411 2432 non
1461 2369 1778 2432 omisisset
1824 2365 2169 2431 articulum
2218 2370 2701 2451 scripsissetque

316 2475 470 2540 adeo
531 2475 581 2538 οἱ
647 2481 902 2538 πολῖται
966 2475 1015 2538 οἱ
1066 2481 1391 2552 Λαρισαῖοι
1439 2477 1504 2537 et
1551 2479 1878 2556 praeterea
1925 2470 2210 2557 plerique
2257 2470 2516 2538 Codices
2563 2485 2699 2536 Λα-

308 2579 538 2659 ρισαίου
576 2580 840 2644 habent:
882 2581 1168 2663 persuasi
1207 2579 1324 2642 hoc
1357 2576 1683 2642 Schanzio.
1726 2575 1852 2640 Sed
1874 2579 2079 2661 ipsius
2103 2597 2350 2661 quoque
2376 2579 2692 2662 Aristippi

311 2706 541 2751 nomen
603 2706 640 2749 a
700 2684 874 2750 mala
932 2666 1132 2750 manu
1188 2686 1258 2747 in
1321 2689 1576 2747 textum
1635 2680 2098 2766 interpolatum
2162 2703 2296 2746 esse
2358 2685 2690 2760 existim0‚

316 2791 688 2856 desumtum
750 2812 828 2855 ex
887 2793 970 2854 iis
1028 2810 1188 2874 quae
1237 2788 1527 2854 Socrates
1575 2790 1793 2874 pergit
1842 2787 2049 2852 dicere
2098 2787 2176 2851 de
2220 2785 2498 2873 Gorgia:
2546 2790 2697 2865 άφι-

313 2897 565 2972 κὸμενος
625 2897 752 2974 γὰρ
816 2897 904 2967 εἰς
965 2895 1074 2969 τὴν
1138 2896 1314 2958 πόλιν
1373 2894 1602 2973 ε’ραςοὶς
1652 2893 1751 2956 ἐπὶ
1802 2895 1997 2975 σοφία
2046 2885 2300 2972 εἴληφεν
2347 2894 2697 2958 Ἀλευαδῶν

312 3006 455 3073 τοὺς
501 3003 788 3080 πρώτους,
838 2998 914 3065 ὧν
961 2999 988 3065 ὅ
1037 3001 1141 3071 σὸς
1189 3001 1410 3079 ἕραςής
1461 3002 1582 3067 ἕςιν
1631 2999 2036 3077 Ἀρίςιππος,
2085 3001 2155 3063 in
2203 2994 2437 3083 quibus
2483 3004 2699 3063 tamen

315 3105 654 3192 displicent
698 3106 891 3172 verba
938 3107 964 3169 ο·
1015 3105 1119 3176 σὸς
1169 3106 1425 3183 ἕρεις-ἧς,
1475 3104 1623 3169 vide
1670 3127 1732 3189 p.
1788 3101 1871 3170 '76
1891 3105 1965 3168 Β.

404 3211 533 3278 Sed
586 3214 782 3277 misso
843 3211 1270 3296 Xenophonte
1331 3209 1408 3274 de
1469 3213 1652 3274 cuius
1714 3208 1851 3274 loco
1916 3208 2188 3274 Memor.
2254 3209 2316 3274 2.
2348 3206 2407 3276 7.
2438 3208 2498 3286 6,
2565 3208 2700 3272 dixi

317 3319 540 3382 Mnem.
595 3313 768 3382 1897
831 3339 892 3402 p.
945 3315 1052 3392 6¹7,
1114 3319 1254 3400 ipso
1315 3315 1584 3380 Platone
1646 3313 1908 3378 florente
1971 3313 2131 3378 tales
2178 3312 2501 3400 glossulas
2546 3334 2697 3378 cum

313 3427 598 3510 genuino
659 3429 842 3488 textu
902 3428 1250 3507 potuerunt
1309 3420 1694 3496 coalescere;
1765 3421 1871 3484 hic
1931 3441 2057 3484 non
2118 3426 2264 3484 utar
2325 3421 2695 3484 testimonio

317 3529 485 3615 quod
545 3530 728 3594 nobis
787 3531 852 3592 in
915 3527 1225 3613 Epistolis
1289 3532 1577 3610 superest
1641 3524 1761 3590 VH
1825 3524 1952 3589 341
1982 3523 2069 3591 G:
2132 3528 2340 3589 οὐκοῦν
2403 3526 2547 3601 ε’μόν
2608 3549 2687 3602 γε

317 3637 448 3712 περὶ
521 3637 723 3699 αὐτῶν
794 3635 882 3701 ze>
955 3639 1363 3711 σύγγραμμα
1433 3631 1564 3696 οὐδὲ
1625 3633 1871 3707 μήποτε
1932 3629 2225 3708 γένηται,
2289 3631 2397 3696 sed
2458 3630 2692 3695 Suidae

313 3739 491 3806 locus
551 3744 649 3804 est
709 3762 774 3806 v.
838 3741 1078 3816 άγαθοῢ
1145 3739 1462 3811 δαίμονος·
1531 3737 1666 3814 περὶ
1726 3738 2008 3814 τάγαθοῦ
2070 3736 2322 3814 βιβλίον
2377 3735 2694 3810 συντάξας

336 3845 731 3924 Ἀρις-οτέλης
790 3846 911 3915 τοὶς
970 3843 1299 3925 ἀγράφους
1361 3847 1468 3907 τοῦ
1537 3845 1867 3914 Πλάτωνος
1932 3841 2117 3916 δόξας
2178 3843 2236 3904 ἐν
2285 3843 2452 3920 αὐτῷ
2501 3865 2703 3905 κατα-

315 3952 568 4015 τάττει·
633 3951 737 4014 καὶ
791 3949 1105 4026 μέμνηται
1169 3955 1275 4013 τοῦ
1335 3947 1782 4025 συντάγματος
1831 3948 1889 4010 ἐν
1940 3949 2022 4024 τῷ
2070 3948 2200 4027 περὶ
2253 3951 2507 4027 ψυχῆς,
2560 3948 2699 4011 ε’πο-

310 4055 582 4136 νομάζων
667 4055 820 4118 αὐτὸ
903 4056 1036 4134 περὶ
1121 4054 1527 4133 Φιλοσοφίας.
1613 4052 1688 4117 In
1767 4052 2147 4118 lectionibus
2220 4059 2438 4117 autem
2508 4052 2694 4118 Plato

308 4161 570 4228 uberius
641 4166 941 4225 tractasse
1005 4159 1293 4237 videtur,
1366 4181 1526 4245 quae
1594 4162 1663 4222 in
1733 4160 1985 4243 scriptis
2057 4158 2356 4242 operibus
2416 4161 2694 4223 strictim

307 4269 647 4350 attigerat:
711 4265 858 4329 inde
922 4264 1182 4330 fluxisse
1232 4268 1524 4351 suspicor
1571 4264 1741 4348 quod
1790 4263 2158 4327 Athenaeus
2201 4262 2391 4326 habet
2439 4285 2500 4346 p.
2553 4262 2694 4327 4F:

305 4375 364 4437 ἐν
412 4377 493 4449 τῷ
545 4372 877 4450 Συμποσίῳ
923 4372 1258 4443 Πλάτωνος
1306 4371 1490 4435 εἴκοσι
1542 4370 1692 4433 ὀκτὼ
1748 4366 1896 4442 ἦσαν
1937 4370 2267 4433 convivae.
2316 4367 2501 4432 Illinc
2541 4389 2692 4453 quo·

308 4499 430 4564 que
489 4476 657 4542 illud
718 4482 814 4542 est
874 4476 1042 4561 quod
1097 4475 1442 4543 scholiasta
1487 4475 1822 4560 adscripsit
1868 4474 1947 4540 ad
1992 4473 2329 4539 Timaeum
2378 4496 2442 4559 p.
2490 4473 2683 4540 2213:
