3392 5384
671 412 760 478 42
1706 426 2015 475 norimus.

771 595 933 661 Ibid.
993 593 1076 659 14
1123 593 1216 660 D:
1267 592 1364 675 (2)
1413 592 1735 681 „Ingratis
1783 600 1854 659 ut
1902 595 2259 660 dormiam’'
2306 594 2372 659 id
2419 599 2516 661 est
2552 598 2747 661 etiam
2787 598 3057 674 invitus,

678 704 930 785 [etiam]
993 706 1266 766 coactus.
1406 699 1743 785 Sequitur:
1808 699 1904 781 (3)
1964 702 2132 766 Nam
2197 701 2553 789 „ingratis”
2614 724 2768 767 non
2829 702 3056 768 ultro

682 807 1038 894 significat,
1078 810 1227 893 quia
1264 807 1554 873 ultronea
1598 813 1876 893 grata,
1923 810 2263 893 ingrata
2310 828 2470 894 quae
2514 809 2591 874 ab
2628 810 2855 873 invitis
2893 808 3058 874 fiunt

680 918 795 980 aut
840 914 1296 979 recusantibus,
1437 912 1763 977 Scholium
1814 911 1999 979 valde
2045 919 2433 998 suspectum.
2794 913 2860 979 S.
2909 936 2961 979 c.

771 1018 934 1085 Ibid.
991 1018 1074 1083 18
1098 1017 1195 1099 (3)
1259 1017 1441 1097 „Stat
1500 1018 1855 1083 sententia”
1916 1024 1980 1083 et
2040 1017 2231 1083 vultu
2277 1024 2343 1083 et
2385 1025 2575 1105 gestu
2624 1022 2835 1104 magis
2880 1041 3054 1105 spec-

687 1123 886 1191 tabile
946 1123 1106 1204 (scil.
1168 1123 1266 1202 fit)
1328 1124 1500 1208 quod
1561 1123 1727 1189 dixit
1786 1128 1955 1200 „stat
1998 1123 2373 1190 sententia''.
2467 1126 2561 1206 (4)
2607 1124 2725 1189 Vel
2769 1128 3054 1190 maxime

681 1252 789 1306 eo,
856 1230 1024 1315 quod
1085 1233 1262 1293 tanto
1320 1230 1534 1303 sonitu
1594 1228 1715 1293 hoc
1774 1228 1850 1293 de
1897 1248 1963 1293 se
2010 1232 2350 1314 promittat
2391 1228 2707 1295 Phaedria
2751 1232 3052 1295 continuo

684 1332 1008 1401 rediturus
1075 1332 1181 1399 vel
1241 1336 1454 1419 potius
1511 1354 1634 1398 non
1683 1354 2047 1399 accessurus
2092 1333 2170 1399 ad
2215 1333 2462 1400 villam.
2510 1334 2789 1400 Tantum
2836 1342 3056 1400 autem

684 1442 888 1507 aberit
907 1487 923 1516 ,
971 1444 1287 1523 quantum
1335 1459 1493 1523 opus
1541 1446 1636 1503 est
1682 1439 1763 1503 ad
1807 1439 2164 1504 vitiandam
2211 1442 2553 1526 virginem.

771 1544 938 1623 Quid
994 1543 1359 1629 significant
1419 1544 1645 1609 verba:
1713 1542 1872 1621 „Vel
1919 1547 2198 1610 maxime
2246 1543 2405 1611 eo’'?
2465 1544 2696 1613 Sabb.
2747 1546 2901 1613 haec
2947 1547 3055 1612 ad-

671 1654 958 1736 signavit
1001 1649 1482 1734 Interpolatori,
1532 1670 1724 1734 quem
1772 1651 1835 1715 h.
1869 1649 1913 1715 1.
1964 1650 2084 1729 (ΙΙΙ
2128 1673 2190 1735 p.
2242 1650 2401 1731 341)
2446 1651 2727 1737 appellat
2774 1652 2865 1732 „il
2908 1675 3053 1718 con-

670 1756 1053 1822 tinuatore”.
1115 1754 1284 1820 'I'um
1326 1758 1420 1838 ¹sic
1465 1755 1893 1841 supplendum
1943 1761 2073 1822 est:
2122 1756 2241 1822 Vel
2288 1758 2455 1842 quod
2495 1759 2659 1823 dixit
2708 1764 2879 1836 „stat
2917 1780 3047 1825 sen·

671 1862 912 1925 tentia''
954 1863 1236 1924 maxime
1274 1881 1348 1925 eo
1388 1859 1462 1924 fit
1499 1859 1839 1945 spectabile
1879 1861 2066 1946 quod,
2106 1867 2255 1927 cett.
2325 1860 2396 1927 Si
2418 1863 2571 1927 haec
2595 1869 2691 1927 est
2714 1866 3048 1942 sententia,

669 1964 1092 2050 Interpolator
1154 1965 1544 2031 adiectivum
1598 1965 2023 2049 „spectabile”
2073 1966 2197 2031 alio
2238 1988 2420 2031 sensu
2475 1972 2812 2053 usurpavit
2858 1990 3055 2054 quam

671 2070 832 2135 Don.
895 2072 962 2133 in
1025 2070 1133 2149 (3).
1199 2068 1322 2135 Hic
1384 2056 1556 2135 enim
1621 2072 1785 2135 dixit
1844 2080 2035 2156 gestu
2098 2080 2163 2138 et
2223 2093 2379 2137 voce
2424 2079 2682 2139 auctam
2727 2096 2861 2139 esse
2909 2078 3050 2140 vim

673 2174 1112 2240 affirmationis
1160 2181 1330 2253 „stat
1374 2174 1604 2253 sent.'',
1652 2175 1767 2241 ille
1813 2182 2064 2254 contra,
2112 2176 2597 2245 affirmationem
2647 2200 2721 2244 eo
2768 2182 3051 2246 maxime

671 2281 1116 2346 admirabilem
1180 2286 1244 2346 et
1301 2284 1740 2366 importunam
1800 2304 1935 2348 esse
1956 2331 1971 2360 ,
2041 2282 2209 2368 quod
2253 2283 2567 2349 Phaedria
2613 2287 2913 2365 continuo
2959 2306 3054 2351 re-

671 2388 922 2451 diturus
969 2389 1090 2463 sit,
1138 2391 1286 2451 cett.
1334 2386 1582 2453 Donato
1628 2408 1777 2453 sane
1823 2389 1941 2453 hoc
1989 2388 2511 2473 supplementum
2558 2390 2693 2455 dari
2737 2394 2977 2476 nequit.

757 2490 920 2556 Ibid.
969 2490 1052 2555 21
1103 2492 1320 2577 Magis
1366 2512 1626 2557 severus
1673 2496 2032 2577 quisquam*
2058 2515 2173 2559 nec
2218 2497 2428 2581 magis
2473 2497 2803 2560 continens

758 2596 920 2661 Don.
987 2596 1084 2676 (2)
1152 2598 1608 2673 Animadverte
1678 2604 1754 2661 ut
1820 2604 1995 2663 amet
2063 2598 2399 2665 Terentius
2464 2602 2757 2686 „magis”
2820 2600 3049 2667 addere

671 2705 950 2788 positivo
1022 2723 1212 2786 quam
1277 2706 1795 2788 comparativum
1855 2704 2077 2769 facere.
2261 2705 2361 2770 IP
2420 2692 2617 2771 otiose
2679 2699 3047 2772 subiunxit:

671 2807 767 2887 (3)
830 2808 998 2872 Nam
1045 2828 1247 2892 neque
1299 2808 1663 2885 „severior”
1716 2829 1919 2894 neque
1968 2812 2475 2886 „continentior”
2526 2818 2661 2877 tam
2708 2812 2917 2878 voluit
2962 2812 3053 2877 di-

671 2933 810 2978 cere
849 2934 1042 2998 quam
1086 2916 1339 2999 „magis
1377 2914 1721 2980 severum”
1761 2919 1827 2979 et
1871 2918 2121 3001 „magis
2158 2918 2657 2984 continentem''.
2818 2918 2863 2983 S
2903 2940 2955 2983 c.

760 3016 927 3085 Cum
986 3019 1087 3083 his
1149 3040 1450 3104 compara
1511 3019 1563 3084 V
1613 3017 1674 3083 4.
1708 3018 1790 3083 12
1816 3041 1907 3104 sq.
1974 3020 2198 3097 „Nihil
2247 3022 2502 3087 videtur
2549 3024 2884 3101 mundius,
2932 3046 3048 3090 nec

667 3126 879 3209 magis
919 3128 1348 3210 compositum
1395 3127 1772 3209 quicquam,
1823 3146 1936 3191 nec
1982 3130 2193 3213 magis
2238 3127 2562 3214 elegans'',
2613 3131 2727 3194 ubi
2764 3128 2921 3195 Don.
2966 3129 3048 3194 ad

668 3251 766 3294 vs.
813 3228 930 3294 13:
979 3228 1156 3295 Bona
1191 3233 1495 3307 variatae,
1537 3252 1614 3295 ne
1656 3231 1891 3310 diceret
1934 3234 2435 3317 „compositius”
2463 3242 2576 3299 aut
2602 3234 3047 3320 „elegantius”

667 3356 844 3401 more
893 3357 1043 3413 suo,
1094 3340 1168 3399 ut
1217 3356 1408 3420 supra
1451 3335 1542 3415 (II
1594 3336 1650 3403 1.
1679 3336 1814 3416 21).
1864 3337 1959 3403 IP
2006 3345 2221 3403 autem
2271 3346 2416 3424 post
2466 3340 2680 3416 „Bona
2729 3340 3045 3406 varietas'’

667 3442 788 3506 hoc
834 3443 1136 3505 inseruit:
1181 3442 1347 3505 Nam
1397 3462 1510 3505 nec
1558 3446 1773 3507 omnia
1820 3464 1933 3527 per
1979 3446 2190 3529 magis
2236 3444 2609 3509 adverbium
2657 3447 2897 3530 profert
2930 3466 3047 3511 nec

668 3548 884 3611 omnia
929 3566 1038 3630 per
1085 3548 1596 3629 comparativum
1641 3548 1937 3633 gradum.
2002 3546 2099 3614 Of.
2148 3551 2343 3614 etiam
2389 3549 2443 3614 V
2492 3550 2556 3615 8.
2584 3549 2668 3617 47
2704 3552 2823 3632 (2),
2871 3571 3045 3636 repe-

667 3654 812 3717 titio
858 3652 1156 3736 magistri
1202 3650 1474 3716 alicuius
1519 3672 1596 3716 ex
1642 3652 1764 3717 hoc
1808 3652 1948 3717 loco
1997 3654 2281 3719 oriunda.

757 3756 917 3822 Ibid;
963 3756 1048 3821 25
1075 3756 1170 3836 (2)
1218 3756 1302 3821 Et
1345 3759 1476 3821 iam
1525 3760 1923 3843 praeparatio
1965 3763 2062 3823 est
2100 3758 2179 3824 ad
2218 3760 2659 3827 deducendum
2698 3761 3047 3830 Chaeream

667 3864 936 3946 (potius)
983 3882 1178 3946 quam
1224 3862 1576 3927 deformem
1623 3864 2009 3930 eunuchum.

759 3967 954 4033 Nulla
998 3970 1066 4032 in
1114 3968 1232 4033 hoc
1281 3989 1470 4033 versu
1510 3973 1907 4057 praeparatio
1948 3977 2044 4035 est
2082 3971 2903 4039 substituendi‘Ghaeream‘
2931 3995 3045 4059 pro

666 4075 976 4141 eunucho.

757 4286 819 4349 H
866 4285 928 4351 2.
960 4285 993 4348 1
1024 4284 1109 4364 (3)
1172 4286 1567 4352 Admirantis
1628 4287 2005 4352 exclamatio
2061 4295 2209 4353 cett.
2288 4288 2446 4355 Ibid.
2499 4292 2540 4356 4
2564 4291 2651 4371 (3)
2696 4292 3047 4379 Eleganter

668 4412 745 4455 ex
786 4411 1077 4474 persona,
1120 4399 1268 4457 cett.
1407 4390 1642 4457 Sabb.
1684 4393 2046 4477 Utrumque
2086 4394 2409 4460 inclinatis
2432 4395 2667 4463 litteris
2690 4402 3039 4483 'expressit3

663 4495 835 4560 haud
881 4499 1009 4561 scio
1054 4518 1134 4561 an
1179 4500 1393 4562 minus
1437 4501 1624 4562 iuste.
