3392 5384
665 396 798 460 404
1718 414 2029 462 nonnus.

659 575 804 655 liis,
868 598 1029 663 quae
1065 577 1438 642 ‹formulam
1500 586 1567 642 ut
1619 578 1882 642 diximus
1932 579 2269 658 exhibent,
2320 579 2397 645 de
2442 601 2569 665 qua
2615 584 2793 646 varie
2840 580 3055 666 dispu-

659 688 880 748 tarunt
927 683 1084 748 Leo
1129 685 1198 748 in
1238 683 1412 748 Mus.
1455 683 1663 750 Rhen.
1708 684 1883 750 1883
1922 685 2271 750 XXXVIII
2310 707 2373 771 p.
2402 684 2557 764 330,
2600 685 3059 766 Sabbadini

658 791 727 854 in
774 788 959 856 Stud.
1006 788 1153 854 Ital.
1204 788 1300 855 ΙΙΙ
1350 789 1526 855 1894
1565 812 1627 876 p.
1673 790 1827 868 344,
1874 792 2229 878 Smutny
2276 794 2347 856 in
2386 790 2535 857 diss,
2578 792 2739 878 phil.
2781 792 3053 857 vindob.

664 895 839 962 1898
887 895 973 961 VI
1021 919 1084 983 p.
1137 895 1286 961 116.
1349 896 1488 962 Non
1558 919 1817 963 omnem
1876 905 2098 964 autem
2158 898 2747 964 additamentorum
2801 901 3053 984 copiam

660 1023 765 1068 me
808 1002 1174 1068 exhausisse
1224 1004 1331 1068 vix
1383 1008 1483 1068 est
1529 1003 1699 1088 quod
1747 1025 2065 1070 moneam.

1218 1234 1839 1320 Magistrorum
1884 1234 2492 1301 additamenta.

747 1435 836 1501 In
883 1435 1286 1502 Eunucho
1336 1437 1518 1519 Eryo,
1567 1436 1777 1518 iqitur.

748 1542 781 1607 Ι
830 1543 888 1608 1.
917 1541 1002 1609 27
1028 1541 1126 1623 (2)
1173 1542 1248 1607 Ε.
1303 1542 1666 1628 „prudens”
1712 1565 1825 1629 per
1872 1563 1938 1607 εθ
1992 1543 2277 1620 „sciens”
2328 1562 2440 1627 per
2487 1540 2665 1607 ahoe.
2714 1547 2914 1629 (mag.
2943 1542 3051 1623 A).

659 1649 747 1715 28
771 1648 866 1730 (4)
915 1649 990 1714 Ε.
1044 1650 1320 1726 „vivus”
1371 1671 1496 1715 non
1543 1653 1844 1729 mortuus
1892 1649 2198 1727 „videns”
2249 1668 2375 1713 non
2422 1649 2765 1714 dormienS.
2817 1648 2983 1728 (id.).

660 1754 722 1820 2.
751 1755 837 1820 88
863 1756 959 1836 (5)
999 1755 1074 1820 Ε.
1115 1755 1466 1842 vigilanter
1504 1755 1807 1821 ancillam
1850 1754 2247 1840 „quaesivi”,
2289 1755 2460 1819 hunc
2504 1756 2841 1841 „repperi”
2884 1754 3055 1835 (id.).

657 1862 744 1926 89
771 1862 868 1943 (1)
919 1911 933 1926 .
965 1911 980 1926 .
1012 1909 1026 1926 .
1075 1861 1149 1926 Ε.
1199 1883 1236 1926 a
1285 1866 1572 1948 tempore
1616 1862 1945 1928 inducitur
1991 1863 2379 1948 exprobatio.
2429 1862 2671 1940 (rhet.).

749 1967 814 2032 II
860 1967 922 2031 2.
958 1967 1038 2033 10
1064 1966 1158 2047 (2)
1206 1966 1282 2031 Ε.
1331 1967 1488 2033 haec
1533 1969 1950 2054 interrogatio
1997 1971 2384 2054 increpantis
2431 1974 2529 2032 est
2574 1987 2690 2032 nec
2736 1966 3057 2033 desiderat

663 2075 1159 2159 responsionem.
1210 2073 1339 2152 (W.
1389 2095 1441 2138 c.
1492 2077 1727 2160 quippe
1772 2077 1841 2139 in
1888 2074 2100 2140 medio
2147 2073 2445 2153 Donato).
2630 2072 2929 2153 3.10(1)
2973 2073 3051 2139 Ε.

666 2179 976 2266 „praeut”
1027 2182 1297 2265 proprie.
1362 2185 1561 2267 (mag.
1612 2181 1717 2259 A).
1906 2178 1989 2244 15
2017 2180 2114 2261 (2)
2162 2179 2236 2245 Ε.
2302 2179 2581 2258 „oblitus
2626 2180 2797 2244 mei’'
2847 2181 3057 2245 insa·
3186 2231 3197 2239 .

661 2309 764 2352 nu
783 2308 832 2351 ε.
874 2285 1183 2366 (Editoris
1209 2286 1530 2353 conclusio
1555 2286 1758 2366 falsa).
1888 2285 1971 2352 19
1998 2286 2093 2366 (4)
2120 2287 2192 2352 Ε.
2220 2293 2283 2352 et
2311 2288 2580 2364 „omne”
2608 2293 2672 2352 et
2704 2285 3051 2366 „omnem”

658 2393 924 2482 legitur.
990 2393 1133 2470 (Ed.
1181 2393 1604 2459 Exstiteritne
1650 2415 1873 2459 revera
1917 2393 2073 2458 haec
2120 2397 2297 2458 varia
2341 2392 2573 2472 lectio,
2622 2391 2810 2458 valde
2856 2395 3055 2458 incer-

659 2509 806 2566 tum
855 2506 954 2565 est
983 2499 1049 2580 ¹),
1099 2499 1410 2566 conclusit
1453 2499 1576 2565 hoc
1621 2522 1656 2565 e
1704 2499 1937 2565 Donati
1984 2499 2225 2565 scholio
2274 2499 2436 2580 (3)).
2592 2499 2677 2564 32
2726 2499 2823 2580 (3)
2874 2500 3053 2576 „Me-

659 2606 853 2672 cum”
902 2629 974 2688 e..
1007 2627 1120 2692 pro
1171 2606 1381 2691 „apud
1430 2607 1575 2671 me'’
1627 2605 1728 2671 vel
1782 2606 2054 2684 „mihi”.
2103 2612 2302 2692 (mag.
2352 2608 2456 2683 A).
2628 2605 2714 2670 52
2739 2605 2834 2686 (3)
2882 2605 3051 2685 Quid

659 2719 758 2778 est
794 2735 849 2779 e.
893 2734 1090 2799 „rogo
1131 2714 1450 2797 numquid
1489 2712 1649 2779 velit
1666 2711 1736 2777 ?’'
1778 2714 1898 2778 hoc
1938 2720 2069 2777 est:
2113 2713 2252 2779 dico
2293 2711 2465 2797 quod
2488 2713 2793 2777 abeuntes
2818 2711 3046 2777 solent.

751 2816 845 2883 111
896 2819 954 2882 1.
985 2816 1071 2882 34
1099 2817 1197 2898 (2)
1260 2867 1274 2882 .
1306 2866 1320 2881 .
1350 2869 1364 2882 .
1414 2839 1451 2882 a
1497 2824 1676 2904 parte
1725 2841 1777 2884 e.
1827 2822 1928 2884 sui
1974 2821 2340 2885 meretrices
2388 2824 2667 2884 scorta
2717 2817 3040 2883 dicuntur.

659 2931 863 3009 (mag.
914 2925 1018 3003 A).
1159 2923 1222 2988 2.
1257 2923 1414 3003 1(2)
1460 2923 1534 2987 Ε.
1591 2927 1769 3001 „visa
1817 2926 2004 2989 sum'’
2056 2927 2304 2990 sensi.
2353 2925 2621 3002 (Parum
2670 2930 2887 3004 recte).

662 3028 726 3093 3.
755 3029 840 3093 30
868 3029 962 3109 (1)
1015 3077 1030 3092 .
1061 3075 1075 3092 .
1107 3076 1121 3094 .
1171 3051 1224 3094 e.
1289 3028 1744 3095 adverbialiter
1803 3031 1986 3095 dixit.
2145 3031 2205 3094 5.
2239 3029 2319 3094 19
2346 3030 2443 3109 (1)
2491 3030 2636 3094 Erit
2682 3051 2736 3094 θ.
2786 3029 2937 3094 ordo
2984 3036 3049 3093 et

658 3157 879 3201 sensus
925 3137 1036 3220 qui
1081 3155 1295 3220 supra.
1333 3135 1459 3213 (W.
1498 3141 1601 3216 c.).
1745 3135 1830 3200 60
1856 3135 1951 3216 (2)
2000 3136 2343 3221 „Frugi”
2393 3141 2490 3200 est
2536 3157 2613 3213 e.‚
2661 3138 2731 3200 in
2778 3156 2904 3220 quo
2954 3140 3052 3199 est

657 3239 903 3326 aliquid
953 3261 1078 3326 quo
1124 3241 1436 3318 fruamur,
1490 3243 1552 3306 id
1599 3248 1696 3306 est
1744 3249 2029 3306 utamur.

748 3347 834 3412 IV
889 3348 945 3412 1.
977 3347 1059 3411 14
1085 3347 1181 3427 (2)
1227 3347 1371 3412 Erit
1416 3350 1624 3434 igitur
1663 3347 2178 3414 subaudiendum
2219 3348 2325 3413 hic
2366 3347 2618 3426 „unde”
2661 3353 2726 3412 et
2769 3345 3049 3431 ‚‚quod”‚

656 3462 731 3520 ut
778 3457 896 3518 sit:
944 3454 1112 3519 unde
1161 3457 1288 3519 scio
1338 3455 1508 3539 quod
1555 3455 1668 3520 ubi
1717 3457 2003 3540 primum
2051 3457 2289 3540 poterit
2335 3460 2537 3541 (mag.
2586 3455 2662 3531 A,
2726 3454 2803 3518 cf.
2854 3453 3049 3518 verba

656 3561 1098 3646 praecedentia
1159 3559 1441 3640 Donati).
1626 3562 1690 3625 4.
1720 3560 1887 3642 2(4)
1950 3561 2023 3625 Ε.
2094 3560 2304 3637 „male
2369 3558 2743 3625 conciliate”
2810 3579 3046 3644 magno

658 3672 890 3751 empte.
941 3666 1175 3746 (idem;
1226 3667 1304 3732 cf.
1347 3666 1508 3732 Don.
1549 3670 1616 3731 in
1659 3667 1817 3748 (2)).
1958 3667 2113 3732 ibid.
2142 3667 2253 3745 (5)
2296 3665 2853 3732 conciliatum
2892 3685 3045 3750 ergo

658 3792 894 3859 magno
942 3779 1258 3857 emptum.
1309 3773 1415 3853 (W
1443 3780 1546 3854 c.).
1689 3773 1749 3837 6.
1780 3772 1821 3838 8
1849 3772 1947 3854 (3)
1995 3771 2071 3836 Ε.
2122 3775 2189 3836 in
2236 3773 2355 3837 hac
2403 3778 2752 3856 utrumque
2800 3775 2928 3836 est:
2979 3776 3046 3836 et

656 3877 894 3942 reddi
943 3885 1006 3943 et
1053 3881 1412 3942 restitui
1461 3883 1659 3965 (mag.
1712 3879 1793 3954 A,
1842 3879 1919 3943 cf.
1970 3876 2065 3957 (2)
2092 3886 2136 3957 ).
2280 3877 2364 3941 12
2412 3876 2706 3942 Multum
2746 3897 2898 3962 ergo
2936 3876 3041 3941 hio

651 3983 851 4048 dixit:
903 3990 968 4049 et
1015 3984 1324 4049 habituiri
1364 3987 1647 4069 gratiam
1696 3991 1763 4049 et
1810 3986 2126 4049 restituiri
2170 3989 2411 4049 tamen.
2461 3989 2661 4069 (mag.
2705 3983 2781 4060 A,
2810 3982 2907 4046 W.
2935 3986 3041 4062 c.).

653 4088 713 4156 ¹7.
743 4089 827 4153 43
857 4089 948 4173 (2)
989 4089 1064 4154 Ε.
1112 4093 1421 4155 variavit:
1465 4112 1590 4155 non
1630 4093 1802 4156 enim
1844 4089 2071 4155 intulit
2113 4089 2381 4167 „volunt
2419 4088 2663 4154 ultro''.
2702 4087 2787 4152 id.
2816 4087 2896 4152 cf.
2923 4086 3043 4166 (1).

741 4195 794 4259 V
843 4194 1019 4260 4.19
1082 4195 1259 4261 Haec
1322 4218 1376 4262 e.
1443 4196 1797 4262 artificibus
1857 4205 1921 4262 et
1968 4195 2272 4274 eruditiS,
2322 4202 2531 4261 cetera
2578 4194 3045 4280 spectatoribus

718 4456 770 4514 1)
801 4454 1142 4503 Sabbadini
1181 4455 1260 4504 ΙΙΙ
1296 4472 1340 4518 p.
1374 4457 1499 4506 342:
1536 4455 1594 4505 In
1624 4456 1843 4520 generale
1876 4456 1921 4504 le
1954 4455 2123 4506 lezioni
2154 4454 2422 4505 terenziane
2453 4454 2501 4503 di
2530 4453 2687 4517 questi
2704 4450 3047 4516 interpolatori

648 4536 887 4600 risalgano
922 4552 948 4584 a
983 4538 1106 4586 fonti
1142 4537 1347 4602 impure.
