3392 5384
596 404 729 471 266
1637 420 1931 470 ruo-rme.

594 587 763 655 Nam
808 587 1160 676 legendum
1210 609 1345 653 esse
1392 588 1435 652 οἱ
1456 586 1633 661 νέδη
1654 613 1683 652 ν
1730 607 1919 654 nemo
1965 610 2090 654 non
2137 587 2315 656 videt
2346 588 2412 671 1),
2459 589 2526 655 id
2573 589 2739 676 quod
2775 590 2994 658 adver-

588 696 714 761 biis
761 694 984 776 ἆθρόως
1032 700 1099 760 et
1144 694 1420 774 σφοδρῶς
1472 716 1597 761 non
1652 692 1823 760 male
1867 693 2187 774 redditur3
2236 698 2555 762 succrevit
2603 702 2822 763 autem
2870 703 2992 762 ter-

592 804 763 867 tium
822 801 1400 881 οὶπηρυθριασμένως
1470 807 1814 888 postquam
1872 799 2093 867 littera
2138 826 2167 865 ε
2214 803 2282 867 in
2323 826 2390 868 αι
2439 809 2737 889 corrupta
2780 806 2992 891 impu-

590 908 842 975 dentiae
886 905 1135 993 aliquid
1183 904 1435 993 glossae
1480 905 1726 971 intulit.

687 1126 841 1205 113,
869 1125 973 1191 14.
1023 1162 1109 1177 -
1158 1124 1624 1207 ἀνακαλπάζει.
1689 1124 1846 1199 τινὲς
1895 1125 2008 1203 μὲν
2053 1127 2130 1198 ὤς
2179 1128 2246 1192 ού
2296 1124 2538 1204 δόκιμον
2588 1124 2986 1207 ἐφυλάξαντο

594 1235 705 1309 τὴν
750 1233 978 1315 φωνήν,
1029 1230 1343 1312 Αἰσχύλος
1396 1230 1459 1298 δὲ
1508 1231 1824 1313 ἐχρήσατο
1872 1240 2108 1305 Μυσοῖς
2160 1232 2230 1305 ὡς
2283 1231 2545 1310 δόκιμον.
2597 1231 2772 1309 λέγει
2820 1230 2984 1309 γάρ·

957 1334 1109 1404 εἶδον
1156 1330 1601 1418 καλποέζοντας
1648 1338 1710 1402 ἐν
1756 1338 2074 1420 αἰχμαῖς·

598 1444 816 1524 ὁμοίως
866 1451 1229 1527 Σοφοκλῆς,
1279 1444 1735 1523 ’Λριστοφοὶνης
1784 1444 1888 1508 καὶ
1942 1444 2208 1509 Πλάτων
2257 1445 2363 1510 καὶ
2413 1442 2623 1526 ἕτεροι.

684 1551 967 1639 Egregie
1006 1551 1123 1617 hac
1144 1550 1357 1639 glossa
1380 1550 1800 1617 confirmatur
1823 1550 2181 1618 Hermanni
2203 1550 2566 1618 emendatio
2591 1550 2702 1616 Ar.
2726 1548 2984 1616 Thesm.

602 1655 799 1737 1174,
847 1659 960 1723 ubi
1006 1660 1233 1723 unicus
1280 1657 1477 1724 codex
1525 1656 1866 1725 Ravennas
1915 1657 2137 1722 habet:

957 1770 1186 1853 πρῶτον
1231 1764 1348 1842 μὲν
1396 1758 1494 1830 οὖν
1544 1762 1744 1828 δίελθε
1795 1765 1898 1827 καὶ
1947 1758 2555 1851 ἁνακίόλπασον,

599 1870 1161 1935 ἀνακόλπισον
1221 1872 1477 1955 scripsit
1538 1870 1832 1948 Bisetus,
1895 1869 2310 1935 Hermaunus
2369 1890 2604 1936 verum
2665 1868 2990 1933 restituit:

599 1975 1200 2041 οἱνακοὶλπασον
1246 1978 1384 2042 sive
1428 1976 1612 2042 salta.
1660 1975 1854 2043 Hunc
1898 1978 2105 2063 igitur
2152 1997 2412 2043 versum
2459 1979 2779 2061 spectasse
2819 1973 2996 2040 vide-

598 2087 708 2147 tur
754 2084 867 2168 qui
914 2083 1360 2168 Aristophanis
1404 2085 1473 2147 in
1519 2081 1742 2148 Photii
1787 2081 2006 2169 glossa
2050 2082 2203 2148 fecit
2252 2084 2670 2148 mentionem.

697 2299 847 2378 114,
880 2300 961 2365 15
1002 2327 1081 2353 =
1119 2301 1357 2366 Anecd.
1386 2300 1539 2379 391,
1567 2299 1607 2366 9
1647 2333 1729 2358 =
1767 2299 1948 2367 Suid.
1973 2329 2054 2355 =
2077 2301 2361 2388 Hesych.
2406 2337 2492 2350 —
2533 2300 2989 2380 ἀνακωχεύειν·

601 2408 671 2473 τὸ
720 2409 780 2471 ἐν
829 2410 1098 2486 πελάγει
1148 2414 1454 2491 χειμῶνος
1500 2406 1666 2481 ὄντος
1715 2410 2185 2487 στήσαντας
2234 2411 2318 2473 τὰ
2365 2408 2564 2473 ὀθόνια
2611 2408 2919 2473 σαλεύειν.

692 2512 818 2579 Pro
880 2515 1241 2587 στήσαντ
1261 2537 1352 2587 ας
1415 2517 1486 2579 in
1546 2514 1807 2593 (Photio
1854 2521 1945 2596 et)
2006 2518 2078 2580 in
2124 2514 2360 2581 Lexico
2405 2514 2796 2601 Segucriano
2841 2515 2993 2579 scri-

603 2620 885 2686 bendum
933 2641 1069 2687 esse
1116 2618 1311 2705 (quod
1359 2620 1596 2685 habent
1643 2619 1826 2685 Suid.
1879 2625 1942 2686 et
1979 2620 2296 2707 Hesych.)
2335 2625 2881 2698 στείλαντας,
2920 2622 2988 2684 in

602 2728 880 2791 transitu
929 2727 1297 2823 observavit
1344 2724 1544 2793 Oobet
1592 2726 1754 2793 NoV.
1803 2728 1980 2792 Lect.
2028 2749 2090 2812 p.
2146 2724 2295 2794 170.

703 2942 853 3022 120,
884 2941 921 3010 ’7
958 2980 1039 3005 =
1076 2944 1360 3032 Hesych.
1412 2981 1497 2994 -—
1546 2946 2047 3022 ἀναρίθμων.
2097 2944 2328 3028 ἐχθρόν.
2379 2944 2803 3011 Scribendum
2859 2964 2994 3009 esse

602 3050 647 3117 οἱ
667 3073 696 3113 ν
713 3048 756 3113 ά
770 3075 801 3130 ρ
823 3053 917 3127 aa
938 3073 957 3113 ι
975 3074 1001 3116 ο
1018 3075 1047 3115 ν
1095 3049 1252 3116 olim
1300 3052 1559 3116 monuit
1602 3050 1979 3118 Salmasius.

708 3269 861 3350 123,
892 3270 997 3336 16.
1048 3308 1132 3321 -
1180 3271 1223 3335 ὦ
1240 3296 1269 3334 ν
1286 3294 1328 3335 α
1344 3295 1382 3333 τ
1399 3272 1473 3335 εθ
1494 3293 1529 3335 υ
1545 3295 1596 3347 μ
1614 3272 1642 3335 ἐ
1661 3294 1738 3351 νο
1759 3294 1811 3343 ς.
1859 3269 2410 3347 ἀναπεπεισμένος.
2453 3240 2508 3336 οἳ
2548 3270 2613 3336 δὲ
2651 3272 2994 3341 duanam„

704 3375 854 3457 124,
884 3377 945 3445 5.
997 3416 1082 3429 -—
1132 3380 1175 3443 ὦ
1194 3404 1223 3442 ν
1240 3403 1281 3442 α
1301 3403 1338 3443 τ
1357 3403 1385 3443 ε
1404 3379 1432 3442 θ
1454 3403 1485 3442 υ
1502 3403 1553 3455 μ
1573 3401 1650 3442 ια
1670 3377 1814 3453 μέν
1829 3401 1856 3443 o
1877 3402 1928 3451 ς.
1978 3376 2531 3454 ἀναπεπεισμένος.
2757 3377 2988 3461 [μένος.

699 3483 984 3572 Hesych.
1036 3522 1119 3534 -
1169 3488 1213 3551 α’
1234 3511 1262 3550 ν
1282 3510 1325 3549 α
1348 3511 1382 3550 τ
1402 3486 1475 3550 εθ
1498 3508 1597 3562 vu.
1616 3510 1632 3549 ι
1653 3510 1697 3549 α
1715 3509 1751 3548 σ
1769 3509 1820 3561 μ
1837 3484 1864 3550 ἐ
1883 3510 1912 3549 ν
1929 3509 1956 3549 ο
1975 3512 2028 3557 ς.
2075 3483 2595 3561 ἂνακεκαυμένος.

700 3582 957 3658 Τήῢιιει’
999 3592 1100 3658 his
1163 3591 1354 3669 locis,
1419 3594 1533 3676 qui
1595 3593 1789 3656 unius
1846 3594 2048 3657 instar
2107 3599 2292 3670 sunt,
2351 3592 2666 3656 scribatur
2710 3592 2753 3655 οἱ
2775 3615 2992 3655 vars-

607 3698 1048 3776 θυμμένος,
1115 3718 1151 3763 a
1212 3680 1406 3763 verbo
1470 3698 1797 3778 ἀνατύφω.
1859 3698 2289 3785 Participium
2348 3700 2761 3784 grammatici
2821 3703 2996 3764 recte

608 3807 1011 3890 interpretati
1059 3808 1212 3869 sunt
1244 3811 1576 3887 permotum
1622 3806 1761 3870 sive
1806 3804 2124 3882 incensum,
2175 3808 2556 3891 quapropter
2599 3802 2868 3869 Kusteri
2914 3802 2994 3869 ad
3060 3863 3072 3877 ‚

612 3910 1018 3998 Hesychium
1057 3903 1420 3977 coniectura
1457 3912 2003 3992 οὶναπεπρησμένος
2043 3932 2161 3997 pro
2198 3910 2724 3987 ἀναπεπεισμένος
2753 3911 2996 3977 doctior

609 4017 864 4083 videtur
908 4038 1102 4103 quam
1152 4016 1391 4083 utilior.

704 4221 964 4323 127,·21
1008 4250 1087 4275 =
1125 4222 1363 4287 Anecd.
1403 4221 1606 4287 Bekk.
1651 4220 1804 4301 394,
1834 4221 1940 4287 31.
1984 4260 2069 4271 --
2109 4223 2136 4286 ὄ
2181 4222 2247 4286 ἐκ
2286 4227 2534 4302 χαλκοῦ
2563 4223 2666 4286 καὶ
2691 4220 2992 4307 ξύλ[ιν]ου

607 4329 710 4393 καὶ
758 4332 1068 4413 χρυσ[ι]οῦ
1117 4330 1219 4393 καὶ
1269 4340 1382 4403 τῆς
1431 4327 1633 4402 ἄλλης
1682 4327 1822 4404 ὅλης
1875 4328 2157 4410 (Naber).

677 4562 730 4624 l)
771 4559 941 4611 ‚Pueri
982 4556 1070 4608 hoc
1102 4556 1293 4610 scifintfl
1327 4556 1475 4610 Cobet
1510 4558 1632 4610 Νον.
1668 4558 1798 4609 Ιιεοῐ.
1835 4574 1882 4628 p.
1921 4557 2032 4622 170,
2069 4558 2159 4611 hoc
2193 4558 2295 4612 loco
2330 4557 2554 4612 indicato.
