3392 5384
1149 450 1235 499 nn
1281 450 1600 500 suamms
1647 450 1967 501 rmrrfloo.
2610 436 2746 505 36¹7

351 615 648 703 singulos
683 616 932 682 videbis
972 652 1058 665 —-
1098 615 1206 681 vel
1243 616 1461 682 audies
1499 618 1717 701 potius
1738 666 1753 696 ,
1798 638 1949 683 nam
1990 618 2146 685 haec
2188 618 2447 704 quidem
2488 623 2751 707 segnius

351 721 567 790 oculos
622 724 882 788 irritant
941 743 1136 809 quam
1197 743 1382 789 aures
1434 760 1514 773 —
1564 744 1873 789 versuum
1936 724 2175 804 frusta,
2238 730 2410 791 certa
2454 726 2749 812 quadam

352 828 790 895 familiaritate
850 831 1021 895 inter
1081 850 1149 895 se
1211 827 1486 908 similia,
1554 851 1717 916 quae
1780 852 2082 896 sonorum
2129 833 2185 896 si
2232 853 2356 897 non
2401 833 2749 898 verborum

351 936 776 1003 similitudine
841 938 1160 1022 originem
1222 936 1515 1022 prodant.
1595 935 1677 1001 Ut
1726 935 1958 1003 liberos
2006 939 2361 1004 amicorum
2407 960 2750 1025 agnoscere

355 1042 637 1109 solemus
707 1060 874 1106 nunc
945 1063 1024 1107 ex
1093 1041 1505 1107 lineamentis
1573 1042 1960 1127 quibusdam
2032 1044 2217 1110 faciei
2242 1093 2257 1123 ,
2329 1066 2499 1111 nunc
2572 1047 2749 1112 vocis

355 1148 630 1235 quadam
676 1147 1125 1228 inclinatione,
1174 1170 1571 1215 manuumve
1617 1153 1846 1235 gestu,
1896 1151 2149 1216 incessu
2192 1172 2445 1236 quoque
2493 1157 2556 1217 et
2594 1154 2750 1231 risu,

350 1258 444 1321 ita
483 1277 744 1322 versum
784 1262 1012 1341 poetae
1052 1255 1456 1321 dilectissimi
1495 1258 1949 1343 notissimique
1990 1260 2246 1323 etiamsi
2283 1260 2453 1325 inter
2474 1257 2754 1330 aliorum

349 1382 570 1428 versus
629 1364 1048 1428 intermixtus
1108 1364 1316 1428 iaceat
1387 1361 1576 1429 facile
1645 1384 1972 1450 agnoscas.
2042 1364 2357 1451 Exemplo
2426 1366 2705 1452 probabo
2731 1415 2748 1446 ,

352 1469 507 1554 quid
559 1468 782 1535 velim.
1671 1543 1675 1546 ,

443 1574 548 1641 Fr.
599 1574 727 1641 591
798 1577 892 1641 ita
939 1574 1255 1642 Hercules
1303 1578 1593 1643 Aeacum·
1633 1576 2006 1663 adloquitur

722 1681 852 1760 ἐμοὶ
903 1682 1127 1764 πατρὶς
1175 1684 1290 1760 μὲν
1331 1682 1596 1763 Ἄργος,
1645 1682 1835 1762 ὄνομα
1887 1684 1938 1750 δ’
1987 1688 2297 1767 Ἡρακλῆς
2326 1732 2343 1765 ,

723 1789 862 1854 θεῶν
911 1787 974 1854 δὲ
1023 1788 1271 1855 πάντων
1321 1792 1550 1873 πατρὸς
1603 1788 1829 1873 ἕξέφυν
1880 1791 2059 1864 Διός·

722 1896 842 1979 ἐμῇ
891 1896 1026 1978 γὰρ
1068 1890 1211 1970 ἦλθε
1256 1898 1440 1981 μητρὶ
1495 1897 1696 1964 κεδνὸν
1746 1899 1829 1972 εἷς
1880 1897 2070 1979 λέχος

725 2004 916 2081 Ζεύς,
963 2005 1042 2077 ὣς
1091 2002 1386 2070 λέλεκται
1436 2012 1548 2080 τῆς
1595 2006 1895 2081 ἀληθείας
1944 2003 2079 2072 ὕπο.

726 2104 844 2183 ἥκω
893 2109 956 2174 δὲ
1005 2109 1168 2191 δεῦρο
1217 2111 1362 2190 πρὸς
1412 2110 1565 2189 βίαν
1612 2112 1981 2191 Εὐρυσθέως.

452 2210 666 2279 Color·
700 2214 1087 2301 Euripideus
1157 2238 1351 2302 quem
1418 2220 1488 2282 in
1549 2218 1725 2284 hisce
1787 2221 2078 2285 versibus
2146 2240 2419 2306 agnosco
2488 2220 2757 2288 debetur

361 2319 625 2386 dictioni
670 2326 1082 2407 praesertim,
1133 2324 1210 2389 de
1258 2345 1383 2410 qua
1423 2326 1641 2390 statim
1685 2324 1917 2391 dicam.
1967 2324 2090 2391 Sed
2130 2330 2240 2411 qui
2277 2326 2385 2406 fit,
2427 2332 2504 2393 ut
2540 2328 2757 2393 audire

362 2426 741 2513 Euripidem
801 2432 1143 2515 praecipue
1205 2452 1374 2496 nunc
1434 2431 1601 2496 mihi
1664 2429 1929 2497 videar?
1975 2432 2153 2497 Num
2199 2439 2458 2519 propter
2502 2437 2750 2500 exitum

362 2536 927 2614 versus-extremi,
970 2538 1083 2621 qui
1119 2537 1186 2601 in
1225 2543 1506 2602 mentem
1547 2543 1804 2603 revocat
1842 2538 2025 2603 Herc.
2054 2537 2189 2603 830
2233 2540 2364 2603 ἐπεὶ
2392 2541 2455 2605 δὲ
2480 2539 2755 2620 μόχθους

362 2639 668 2722 διεπέρασ’
731 2643 1098 2719 Εὐρυσθέως.
1166 2680 1250 2693 -
1315 2644 1500 2708 Herc.
1551 2643 1683 2709 936
1745 2646 1966 2726 πάτερ,
2017 2646 2081 2709 τί
2125 2646 2273 2724 θύω,
2323 2646 2460 2727 πρὶν
2507 2657 2754 2713 κτανεῖν

362 2748 692 2827 Εὐρυσθέα.
745 2786 829 2797 -
877 2750 1061 2814 Herc.
1104 2748 1236 2816 939
1286 2746 1435 2815 ὅταν
1482 2751 1533 2815 δ’
1577 2751 1803 2829 ἐνέγκω
1844 2752 2009 2831 δεῦρο
2053 2754 2229 2834 κρᾶτ’
2269 2754 2636 2835 Εὐρυσθέως.
2664 2793 2751 2803 -

337 2855 544 2919 .Herc.
595 2853 729 2920 982
775 2850 864 2927 εἷς
910 2856 1026 2933 μὲν
1073 2856 1312 2930 νεοσσὸς
1351 2854 1448 2922 ἕδε
1491 2857 1676 2922 θανὼν
1718 2858 2087 2940 Εὐρυσθέως.
2140 2898 2223 2909 —-
2271 2860 2590 2925 Herae-lid.
2618 2858 2749 2925 845

363 2961 576 3039 λαβὼν
624 2960 686 3026 δὲ
734 2961 948 3043 χερσὶν
989 2963 1159 3038 ἡνίας
1201 2965 1568 3045 Εὐρυσθέως.
1622 3004 1707 3015 -
1758 2966 2074 3032 Heraclid.
2120 2965 2252 3031 850
2291 2965 2425 3040 δίας
2452 2968 2752 3045 Ἀθηνᾶς,

362 3064 509 3146 ἅρμ’
566 3068 697 3132 ἰδὼν
743 3068 1108 3147 Εὐρυσθέως.
1159 3108 1244 3119 -
1292 3070 1612 3137 Heraclid.
1663 3070 1796 3136 859
1848 3073 2011 3152 αἱρεῖ
2052 3072 2105 3137 δ’
2150 3073 2177 3137 ὃ
2229 3075 2459 3147 κλεινὸς
2508 3073 2747 3145 Ἰόλεως

360 3175 706 3254 Εὐρυσθέως
770 3177 877 3257 (cf.
942 3199 1195 3263 quoque
1257 3176 1582 3243 Heraclid.
1646 3177 1754 3243 58.
1808 3178 1915 3243 68.
1972 3176 2169 3259 156)?
2232 3180 2355 3244 Vix
2414 3186 2573 3265 puto
2634 3181 2755 3245 hoc

359 3280 677 3360 sufficere,
749 3286 1124 3369 praesertim
1194 3286 1261 3349 in
1333 3286 1590 3348 nomine
1661 3286 1940 3371 proprio.
2024 3283 2139 3348 Ni·
2179 3285 2369 3351 fallor
2436 3286 2751 3352 secundus

359 3387 708 3474 fragmenti
755 3410 981 3456 versus
1030 3396 1127 3456 est
1173 3392 1287 3475 qui
1331 3390 1574 3456 indicat
1622 3391 1780 3464 τίνος
1832 3389 1961 3455 ἐστὶ
2013 3392 2241 3472 πατρὸς
2292 3393 2361 3457 τὸ
2412 3392 2671 3458 παιδίον.

728 3498 866 3561 θεῶν
915 3496 978 3561 δὲ
1026 3496 1273 3562 πάντων
1277 3545 2199 3565 .........
2254 3581 2259 3584 ⁵
2298 3546 2313 3564 .

451 3601 632 3669 Talia
677 3624 826 3669 cum
865 3604 1080 3682 audis,
1130 3625 1334 3670 nonne
1376 3624 1608 3669 sonum
1647 3625 1873 3671 versus
1911 3604 2245 3691 Euripidei
2284 3604 2751 3692 deprehendere

361 3710 481 3774 tibi
544 3707 822 3775 videris?
885 3709 997 3776 Sat
1057 3713 1186 3777 scio
1233 3732 1305 3777 ea
1323 3760 1340 3791 ,
1391 3732 1516 3796 qua
1561 3710 1702 3790 hic,
1751 3711 1898 3778 sede
1938 3733 2165 3779 versus
2211 3717 2452 3778 ceteros
2499 3733 2754 3799 quoque

360 3818 642 3901 tragicos
703 3837 888 3902 saepe
947 3815 1199 3894 πάντα,
1265 3818 1487 3895 πάντα,
1539 3818 1825 3896 πάντας,
1876 3819 2145 3897 πάντων,
2194 3817 2572 3898 collocasse;
2622 3840 2758 3885 me-

362 3923 526 3985 mini
587 3920 935 4007 Sophoclea
991 3922 1109 3987 illa
1155 3922 1257 3988 καὶ
1307 3928 1518 3988 ταῦτα
1567 3923 1780 3989 πάντα
1830 3926 1959 4003 (Ai.
2013 3924 2191 4005 182),
2242 3933 2473 3991 νοσεῖτε
2520 3924 2754 3997 πάντες

359 4024 460 4107 (Ο.
485 4026 565 4092 R.
609 4026 740 4109 60),
783 4035 986 4101 καλῶς
1029 4026 1289 4094 ἅπαντα
1329 4030 1503 4110 (ibid.
1545 4028 1727 4109 985),
1768 4031 1932 4095 ὠθεῖν
1972 4026 2265 4103 ἅπαντας
2308 4030 2483 4112 (ibid.
2528 4028 2753 4110 1382),

362 4134 494 4198 ἐπεὶ
545 4135 606 4200 δὲ
653 4136 883 4207 παντός
929 4134 1029 4215 (O.
1058 4134 1129 4203 O.
1185 4135 1404 4217 1604),
1455 4135 1541 4200 τὰ
1593 4134 1644 4200 δ’
1693 4133 1869 4201 ἄλλα
1918 4136 2133 4201 πάντα
2170 4136 2295 4217 (ΕΙ.
2332 4133 2512 4219 657),
2561 4140 2755 4215 τιμᾶν

361 4238 643 4313 ἅπαντες
705 4242 888 4323 (ibid.
939 4240 1119 4323 983),
1168 4244 1403 4328 quibus
1451 4243 1724 4309 conferri
1768 4250 2035 4328 possunt
2080 4244 2235 4310 haec
2282 4242 2628 4329 Euripidea
2674 4243 2755 4309 ad

321 4369 660 4426 ‚numeros
699 4351 902 4413 nostri
942 4349 1290 4434 fragmenti
1329 4350 1592 4441 propius
1629 4347 2011 4434 plerumque
2050 4348 2410 4415 accedentia
2449 4349 2623 4434 Med.
2669 4348 2753 4414 13

365 4456 525 4527 αὐτή
588 4480 656 4520 τε
705 4455 957 4539 πάντα,
1030 4454 1110 4519 16
1158 4459 1260 4519 νῦν
1325 4454 1376 4518 δ’
1426 4456 1618 4536 ἐχθρὰ
1666 4454 1913 4535 πάντα,
1980 4454 2110 4522 Ι794
2161 4455 2342 4532 δόμον
2387 4457 2449 4522 δὲ
2500 4456 2751 4535 πάντα,

361 4558 552 4627 Herc.
603 4558 729 4626 491
781 4561 985 4643 τύχην
1030 4561 1094 4625 δὲ
1142 4562 1397 4639 πάντα,
1448 4560 1772 4626 Heraclid.
1822 4560 1950 4626 841
2004 4562 2183 4639 μόλις
2232 4562 2293 4627 δὲ
2342 4560 2593 4641 πάντα,
2644 4560 2754 4631 Or.
