3392 5384
652 407 781 476 172
1671 424 2047 473 marouwa,

632 592 1027 678 philosophia
1090 593 1374 657 sentiunt.
1439 591 1822 657 Emendatio
1885 589 2216 655 lenissima
2266 597 2362 656 est
2409 596 2474 657 et
2521 592 2691 676 quod
2739 594 3038 678 rescripsi

645 698 782 765 loco
831 700 1119 785 apprime
1167 700 1502 777 convenit,
1551 697 1629 764 cf.
1678 694 1886 764 2020
1933 701 1999 762 et
2047 695 2219 762 alibi.

672 895 679 900 ⁹
738 914 939 1000 Saepe
987 914 1211 978 mirari
1255 913 1429 977 subit
1474 914 1540 976 iu
1590 911 1988 977 excutiendis
2040 915 2331 977 veterum
2380 916 2856 979 commentariis
2893 935 3044 1000 qua-

645 1021 736 1086 les
782 1020 1050 1086 lectores
1096 1019 1285 1085 Plato
1334 1016 1490 1084 olim
1538 1019 1710 1103 apud
1758 1016 2107 1085 Graeculos
2156 1026 2380 1084 nactus
2425 1021 2529 1085 sit.
2577 1019 3043 1086 Adnotationes

646 1133 712 1193 et
759 1125 1215 1212 explicationes
1261 1148 1385 1191 non
1436 1130 1693 1190 tantum
1742 1146 1926 1210 saepe
1966 1127 2180 1211 pueris
2220 1124 2726 1191 balbutientibus
2765 1129 3040 1214 scriptae

648 1254 782 1299 esse
841 1232 1164 1310 videntur,
1228 1231 1334 1296 sed
1398 1231 1764 1316 frequenter
1824 1233 2023 1296 etiam
2086 1251 2122 1295 a
2169 1233 2386 1316 pueris
2429 1232 2636 1316 iisque
2687 1233 3041 1312 ὑπομώροις.

648 1340 867 1406 Veluti
914 1340 1083 1424 quod
1130 1338 1316 1405 Plato
1364 1337 1518 1404 dicit
1564 1340 1631 1403 in
1680 1340 1889 1403 causis
1928 1337 2228 1424 agendis:
2276 1339 2561 1416 ἀνάγκην
2604 1335 2764 1420 ἔχων
2806 1339 2832 1402 ὀ
2875 1339 3046 1404 ἀντί-

650 1446 804 1518 δικος
874 1446 1176 1527 ε’φέςηκε,
1240 1466 1303 1530 p.
1376 1441 1613 1522 172132,
1684 1443 1802 1510 hoc
1867 1465 1991 1509 non
2057 1443 2405 1508 admodum
2467 1443 2722 1509 difficile
2779 1444 3048 1538 ¹videtur

648 1551 1019 1630 intellectu,
1083 1553 1234 1637 quia
1298 1549 1445 1631 ὕδωρ
1508 1548 1631 1631 ῥέον
1705 1556 2021 1615 oratorem
2085 1550 2474 1627 κατεπείγει.
2538 1549 2772 1616 Pollux
2822 1557 3044 1617 tamen

648 1682 776 1726 non
844 1664 1172 1724 assecutus
1242 1661 1373 1737 est,
1445 1678 1592 1722 cum
1659 1658 1917 1722 scribit:
1984 1655 2115 1721 ἔνιοι
2187 1656 2249 1721 δὲ
2311 1654 2534 1721 οἴονται
2603 1657 2706 1721 καὶ
2756 1659 3046 1736 ἀνάγκην

649 1769 860 1835 σκεῦος
924 1760 1075 1829 εἶναι
1142 1761 1467 1831 anaema.
1531 1761 1784 1827 Erroris
1848 1764 2163 1849 originem
2226 1762 2467 1828 indicat
2527 1762 2594 1828 id
2656 1763 2824 1850 quod
2870 1764 3045 1849 apud

648 1871 1056 1960 Hesychium
1106 1875 1169 1935 et
1216 1869 1388 1955 apud
1432 1868 1747 1935 Photium
1796 1871 1864 1934 in
1911 1891 2080 1936 novo
2126 1868 2317 1935 lexici
2358 1869 2722 1956 fragmento
2760 1870 3043 1957 legitur:

650 1978 936 2056 ἀνάγκη·
982 1980 1014 2053 ἦ
1059 1976 1341 2052 denas-mh
1383 1975 1722 2056 κλεψύδρα.

746 2191 891 2257 Duo
955 2190 1267 2257 vocabula
1327 2189 1633 2256 excidisse
1697 2189 2000 2257 videntur
2061 2192 2126 2255 in
2191 2191 2363 2257 hisce
2428 2215 2488 2277 p.
2546 2188 2780 2259 173D:
2847 2192 2911 2258 τί
2958 2218 3041 2274 τῳ

662 2299 848 2364 κακόν
898 2299 1018 2368 ε’ςιν
1069 2298 1134 2362 ἐκ
1185 2297 1487 2377 προγόνων
1538 2296 1795 2374 γεγονὸς
1844 2297 1877 2372 ἢ
1928 2298 2070 2377 πρὸς
2113 2297 2333 2376 ἀνδρῶν
2377 2297 2408 2372 ἢ
2452 2305 2757 2376 γυναικῶν
2795 2306 3043 2375 μᾶλλον

658 2407 844 2472 αὐτὸν
891 2406 1141 2479 λέληθεν
1193 2406 1225 2480 ἢ
1270 2405 1320 2468 οἱ
1372 2412 1479 2479 τῆς
1532 2404 1849 2477 θαλάττης
1900 2403 2223 2481 λεγόμενοι
2270 2406 2440 2485 χόες.
2488 2405 2585 2470 Ex
2635 2427 2759 2491 quo
2805 2405 3046 2493 Apollo

659 2511 978 2577 edixerat:
1044 2506 1183 2574 053ae
1246 2508 1295 2574 δ’
1347 2510 1470 2587 ἐγὼ
1533 2509 1810 2588 ψάμμου
1873 2513 1933 2572 τ’
1976 2509 2225 2588 ἀριθμὸν
2276 2513 2377 2575 καὶ
2429 2512 2628 2589 με’τροι
2683 2512 3042 2590 θαλάσσης,

652 2617 1077 2704 pervulgatus
1142 2623 1277 2682 erat
1339 2615 1508 2702 apud
1570 2614 1849 2682 Graecos
1908 2617 2124 2695 iocus,
2184 2619 2295 2702 qui
2341 2617 2470 2683 fere
2515 2621 2581 2683 in
2630 2620 3044 2705 proverbium

654 2725 925 2801 abierat,
997 2744 1123 2809 quo
1152 2722 1504 2800 siderum,
1566 2721 1923 2799 fluctuum,
1989 2743 2246 2801 arenae,
2312 2723 2631 2789 similium
2695 2746 3043 2791 numerum

651 2833 815 2896 inire
878 2830 1269 2898 dicebantur.
1333 2831 1444 2913 qui
1494 2830 1677 2894 vanis
1726 2829 1914 2893 rebus
1958 2831 2194 2894 intenti
2242 2835 2456 2908 erant,
2507 2852 2665 2916 quas
2710 2834 2905 2897 ceteri
2951 2835 3048 2896 in-

653 2938 862 3002 veniri
906 2956 1087 3021 posse
1130 2931 1565 3019 desperabant.
1615 2934 1787 2999 Hinc
1825 2935 1994 3020 apud
2033 2935 2386 3001 Aristidem
2426 2943 2524 3002 est
2562 2957 2634 3003 eo
2672 2937 2810 3003 loco
2850 2959 3044 3024 quem

652 3041 1117 3108 Stallbaumius
1176 3039 1504 3106 laudavit:
1571 3041 1639 3105 τὸ
1704 3040 1911 3118 λέγειν
1975 3065 2033 3105 τι
2098 3044 2230 3120 περὶ
2280 3042 2508 3106 τούτων
2556 3043 2659 3108 xxi
2714 3045 3045 3125 ἐγχειρεῖν,

654 3147 852 3228 ὥσπερ
909 3146 984 3212 ἂν
1048 3146 1103 3211 εἴ
1164 3170 1253 3218 τις
1304 3145 1755 3226 ἐξαριθμεῖσθαι
1803 3145 2090 3223 βούλοιτο
2140 3147 2281 3220 τοὺς
2327 3148 2490 3228 χόας
2540 3156 2648 3222 τῆς
2701 3151 3045 3224 θαλάττης.

651 3256 793 3340 Ipse
834 3253 1022 3320 Plato
1061 3256 1127 3319 in
1168 3252 1583 3341 Euthydemo
1622 3275 1684 3339 p.
1730 3251 1933 3319 294ss
1974 3254 2126 3319 facit
2163 3253 2492 3320 Socratem
2524 3254 3045 3344 Dionysodorum
3079 3251 3086 3264 '

650 3367 988 3449 rogantem
1035 3382 1192 3425 num
1238 3361 1402 3426 forte
1449 3363 1646 3425 etiam
1695 3362 1854 3424 sciat
1901 3361 1984 3424 τοὶ
2027 3364 2322 3439 τοιαῦτα,
2363 3361 2501 3434 τοὺς
2553 3361 2782 3443 eis-{pac
2837 3363 3046 3429 ὁπόσοι

652 3469 804 3558 εἰσ-Ι,
854 3469 959 3533 nx}
1011 3470 1120 3542 τὴν
1163 3465 1395 3544 ἄμμον.
1438 3467 1878 3552 Interrogatus
1915 3468 1984 3530 in
2022 3469 2320 3533 convivio
2362 3473 2520 3552 quot
2558 3475 2768 3534 essent
2805 3469 3044 3549 sidera,

653 3595 803 3639 nam
854 3572 1082 3639 Graeci
1125 3573 1187 3637 id
1239 3575 1528 3639 iocorum
1575 3593 1783 3659 genus
1831 3571 2119 3638 multum
2165 3575 2501 3652 amabant,
2550 3596 2676 3660 quo
2723 3577 2867 3662 quis
2907 3583 3047 3642 erat

656 3681 946 3758 dicacior,
988 3702 1060 3746 eo
1100 3679 1329 3744 salsius
1354 3680 1703 3764 putabatur
1727 3678 2143 3764 respondisse.
2184 3679 2467 3766 Respicit
2493 3682 2765 3747 eundem
2796 3704 3044 3749 morem

532 3827 539 3842 ·
655 3785 1076 3873 philosophus
1146 3792 1359 3850 nostro
1430 3784 1605 3863 locu,
1680 3783 1792 3850 sed
1861 3787 2066 3850 insere
2130 3789 2380 3862 μᾶλλον
2443 3788 2630 3852 οιῦτὸν
2690 3788 2944 3860 λέληθεν
3009 3789 3044 3864 ἢ

655 3894 943 3974 (πόσοι)
1012 3893 1061 3956 οἱ
1134 3898 1239 3964 τῆς
1318 3893 1635 3965 θαλάττης
1704 3890 2030 3969 λεγόμενοι
2095 3893 2263 3972 χόες.
2343 3892 2514 3958 Illud
2560 3894 2731 3960 πόσοι
2776 3886 3048 3980 'quidem

653 3999 835 4066 nullo
896 3998 1085 4064 modo
1148 3997 1313 4062 mihi
1377 3998 1632 4064 videtur
1680 4001 1897 4064 omitti
1936 4020 2138 4084 posse.
2187 3998 2485 4064 Alterum
2534 4001 2703 4085 quod
2751 4000 3051 4088 displicet

654 4110 751 4170 est
790 4109 856 4170 in
898 4105 1112 4184 verbis
1160 4104 1302 4184 πρὸς
1353 4103 1573 4183 ἀνδρῶν
1621 4104 1654 4178 ἢ
1707 4110 2044 4183 γυναικῶν·
2095 4109 2208 4170 aut
2256 4103 2444 4171 fallor
2490 4110 2605 4171 aut
2653 4105 3046 4173 Graecorum

654 4213 915 4276 auribus
963 4211 1082 4276 hoc
1131 4209 1477 4275 absurdum
1531 4210 1756 4275 debuit
1800 4211 2040 4283 videri,
2089 4232 2238 4276 nam
2287 4213 2377 4276 sic
2425 4211 2668 4277 dictum
2718 4218 2814 4278 est
2863 4216 3051 4298 quasi

653 4337 997 4403 perparum
1044 4315 1287 4382 differat
1334 4322 1557 4381 utrum
1605 4315 1846 4382 mulier
1892 4337 1970 4381 an
2020 4318 2122 4383 vir
2166 4318 2273 4381 sis.
2322 4318 2411 4381 At
2458 4316 2813 4402 plurimum
2856 4322 3052 4386 inter·

654 4429 791 4488 erat
838 4427 1060 4488 utrum
1109 4421 1437 4507 piaculum
1489 4442 1525 4487 a
1572 4430 1834 4508 paterno
1884 4442 1962 4487 an
2009 4443 2045 4487 a
2093 4429 2382 4489 materno
2427 4445 2663 4510 genere
2707 4428 2891 4510 quasi
2933 4446 3050 4511 per

656 4550 885 4594 manus
949 4535 1115 4594 esset
1178 4529 1511 4594 traditum.
1577 4527 1835 4594 Scilicet
1880 4528 2348 4594 Stallbaumius
2394 4531 2658 4596 fortasse
2703 4552 2827 4596 non
2877 4535 3048 4618 cogi-
