3392 5384
1358 445 1733 501 unomen.
1788 410 1795 414 ’
2600 433 2729 501 401

337 621 610 695 rectius,
676 619 744 681 ni
803 616 1008 694 fallor,
1072 616 1265 682 habet
1325 619 1629 702 spiritum
1676 618 1927 697 lenem,
1979 621 2091 703 qui
2139 619 2350 683 Attice
2399 618 2732 684 succedere

340 723 502 790 solet
561 726 628 788 in
690 725 884 808 prisci
948 723 1366 810 digammatis
1430 717 1669 789 locum.
1741 724 1928 810 Apud
1993 725 2243 796 Atticos
2289 724 2439 789 libri
2486 727 2735 791 variare

343 830 548 897 solent
606 833 675 895 in
722 829 932 896 vocali
977 835 1043 895 et
1089 828 1511 916 diphthongo.
1564 830 1908 916 Perperam
1959 829 2162 898 Oobet
2209 852 2357 896 cum
2407 831 2548 896 aliis
2596 853 2736 916 pro-

341 938 532 1003 babat
593 936 896 1016 ἰ’λλειν,
954 957 1102 1001 nam
1166 935 1646 1024 diphthongum
1709 943 1976 1003 tuentur
2036 938 2277 1003 formae
2331 936 2735 1017 dialecticae,

341 1043 633 1109 Ionicum
680 1044 886 1121 εἱλεῖν,
949 1041 1285 1109 Aeolicum
1333 1040 1634 1123 (ἠέλλειν,
1708 1043 2018 1110 Doricum
2080 1052 2279 1122 τηλῆν,
2344 1065 2459 1110 nec
2520 1047 2735 1109 minus

346 1153 693 1237 cognatum
740 1148 1000 1214 ε’λίττειν
1048 1149 1411 1229 (εἶλίττειν),
1461 1148 1535 1215 de
1582 1151 1767 1215 cuius
1816 1151 2049 1235 spiritu
2096 1150 2175 1214 cf.
2223 1149 2473 1216 lexicon
2513 1171 2736 1216 meum

349 1254 823 1342 suppletorium
871 1277 922 1320 s·
950 1276 1014 1321 v.

441 1443 528 1508 84
546 1442 623 1509 D.
673 1439 821 1508 ὅταν
868 1442 981 1521 μὲν
1030 1444 1155 1522 γὰρ
1203 1444 1230 1508 o‘
1279 1445 1394 1509 τῶν
1442 1446 1809 1521 πνευμάτων
1851 1446 1935 1526 τῷ
1975 1444 2221 1523 σώματι
2264 1445 2505 1522 ταμίας
2544 1447 2737 1513 πλεύ-

347 1572 478 1626 μων
535 1551 622 1628 μὴ
686 1551 960 1627 καθαρὰς
1027 1548 1276 1631 παρέχη
1340 1551 1456 1621 τὰς
1521 1552 1788 1624 εἰσόδους
1836 1551 2181 1631 Φραχθείς,
2250 1551 2387 1615 ἔνθα
2435 1553 2550 1629 μὲν
2598 1556 2737 1618 οὐκ

345 1651 496 1732 ἱόν,
565 1653 705 1719 ἔνθα
768 1656 829 1720 δὲ
897 1663 1104 1720 πλεῖον
1169 1654 1238 1735 (l.
1303 1655 1489 1720 πλέον
1552 1678 1704 1722 cum
1751 1656 1889 1736 FY)
1938 1658 1970 1732 ἢ
2024 1656 2092 1721 τὸ
2146 1651 2438 1734 προσῆκον
2487 1663 2736 1734 πνεῦμα

349 1762 626 1839 εἶσιόν,
674 1761 758 1826 τοὶ
807 1763 918 1840 μὲν
968 1764 1033 1826 οὐ
1083 1765 1495 1844 τυγχάνοντα
1543 1765 1887 1844 ἀναψυχῆς
1935 1765 2178 1837 σήπει
2228 1764 2355 1829 κτὲ.

439 1867 602 1948 Quia
648 1868 839 1933 homo
893 1871 1070 1933 omni
1118 1871 1350 1954 spiritu
1400 1872 1689 1954 privatus
1733 1876 1868 1936 tam
1918 1873 2045 1935 cito
2093 1872 2390 1947 moritur,
2440 1878 2513 1936 ut
2560 1871 2740 1936 nulla

344 1976 433 2040 sit
478 1973 806 2060 putredini
850 1972 1066 2053 locus,
1109 1977 1359 2040 mireris
1400 1974 1735 2041 Platonem
1776 1999 1902 2042 non
1940 1979 2156 2062 potius
2197 1978 2555 2062 scripsisse:
2598 1978 2735 2042 ἔνθα

348 2081 462 2158 μὲν
513 2081 631 2162 οὐχ
678 2075 1006 2166 ἱ<καν>όν,
1056 2080 1194 2145 ἔνθα
1245 2080 1305 2145 δὲ
1357 2083 1544 2144 πλέον
1586 2082 1619 2155 ἢ
1660 2083 1731 2147 τὸ
1772 2089 2067 2161 προσῆκον
2110 2088 2381 2157 πνεῦμα.
2432 2083 2737 2148 Attamen

350 2207 468 2272 pro
531 2185 802 2272 vulgata
863 2187 1109 2252 faciunt
1167 2188 1364 2252 verba
1420 2191 1751 2272 sequentia
1796 2191 1861 2253 οὐ
1912 2187 2315 2269 τυγχάνοντα
2365 2189 2737 2267 ἀναψυχῆς,

350 2314 476 2357 non
514 2294 724 2377 magis
764 2291 982 2357 addita
1019 2291 1222 2357 simili
1261 2295 1540 2370 ratione,
1583 2293 1974 2378 eandemque
2012 2292 2344 2358 confirmat
2380 2295 2491 2358 vix
2534 2293 2739 2360 levior

350 2398 640 2464 Platonis
685 2400 754 2462 in
800 2400 957 2482 ipsis
1003 2398 1414 2482 sequentibus
1460 2420 1654 2476 error,
1708 2400 1821 2464 ubi
1865 2401 2066 2464 nimio
2112 2398 2498 2483 pulmonum
2536 2398 2738 2464 labori

348 2505 632 2570 tribuere
695 2503 950 2568 videtur
1010 2503 1202 2569 flatus
1263 2505 1330 2567 in
1392 2525 1688 2589 corpore,
1753 2507 1864 2589 qui
1918 2503 2231 2570 debentur
2276 2505 2604 2570 stomacho
2648 2507 2741 2569 in-

347 2613 724 2696 testinisque
789 2608 957 2674 mala
1019 2609 1479 2676 alimentorum
1543 2611 1903 2697 digestione
1962 2611 2370 2696 perturbatis.
2435 2609 2736 2678 Ceterum

347 2717 644 2794 voculam
693 2716 800 2797 ἰόν,
847 2738 962 2802 pro
1010 2737 1136 2801 qua
1183 2715 1414 2782 saltem
1463 2718 1641 2781 εἰσιόν
1689 2723 1793 2798 (ut
1841 2739 1987 2782 mox
2027 2716 2297 2803 legitur)
2337 2724 2731 2804 expectatur,

349 2826 565 2890 abesse
611 2824 856 2889 malim.

440 3009 612 3078 890.
663 3009 728 3077 οὗ
777 3012 912 3088 βίον
960 3013 1064 3076 οὐκ
1112 3011 1188 3076 άν
1236 3012 1386 3077 ποτέ
1435 3037 1526 3084 τις
1578 3014 1664 3084 εἷς
1716 3016 1784 3078 τὸ
1831 3012 2018 3091 πέραν
2066 3011 2155 3077 ἔτι
2195 3012 2370 3096 βιῴη.
2422 3013 2728 3080 Vertatur

347 3119 625 3203 pessima
670 3117 876 3182 forma
926 3119 996 3181 in
1040 3116 1286 3194 βιοίη.

443 3304 706 3373 CRI'I'IAS
755 3305 880 3369 111
903 3306 979 3369 Α.
1043 3305 1214 3368 κατὰ
1274 3306 1338 3369 τί
1384 3307 1651 3386 (Attica)
1701 3307 1995 3383 λείψανον
2044 3315 2155 3380 τῆς
2203 3309 2343 3372 τότε
2394 3318 2515 3386 γῆς
2562 3311 2735 3387 ὀρθῶς

352 3411 429 3477 ἂν
489 3409 770 3488 λέγοιτο;
834 3415 1015 3475 πᾶσα
1065 3409 1191 3474 άπὸ
1240 3418 1353 3482 τῆς
1402 3409 1604 3484 ἄλλης
1653 3413 1894 3489 ἠπείρου
1942 3413 2157 3490 μακρὰ
2207 3415 2600 3493 προτείνουσα
2647 3415 2734 3485 εἷς

352 3519 423 3583 τὸ
487 3518 774 3596 πέλαγος
823 3512 936 3582 οἷον
985 3514 1145 3596 άκρα
1197 3523 1433 3580 κεῖται·
1482 3516 1568 3580 τὸ
1618 3516 1707 3591 δὴ
1757 3527 1869 3593 τῆς
1917 3518 2237 3594 θαλάττης
2287 3521 2549 3598 άγγεῖον
2600 3520 2732 3598 περ)

293 3629 302 3636 ’
349 3627 544 3699 αὐτὴν
592 3624 904 3706 τυγχάνει
956 3626 1082 3688 πᾶν
1132 3622 1492 3702 ἀγχιβαθὲς
1540 3622 1623 3688 ὅν.

437 3730 712 3797 Offendit
789 3730 1064 3795 duarum
1145 3728 1533 3794 ultimarum
1604 3731 2019 3816 periodorum
2089 3731 2463 3819 asyndesia,
2535 3754 2732 3819 quare

349 3837 612 3904 malim:
663 3846 904 3915 κεῖται,
954 3834 1042 3902 τό
1094 3831 1178 3920 <τ
1197 3834 1273 3923 ε>
1326 3837 1416 3909 δὴ
1465 3836 1596 3902 κτὲ.

446 4018 666 4085 1161).
717 4019 927 4084 πάντα
975 4018 1027 4085 δ’
1078 4017 1288 4097 ἔξωθεν
1335 4018 1741 4100 περιῆλειψαν
1788 4021 1889 4086 τὸν
1932 4023 2071 4086 νεὼν
2110 4020 2370 4103 άργύρῳ,
2414 4025 2576 4099 πλην
2618 4031 2733 4090 τῶν

346 4111 744 4206 ἀκρωτηρίων,
793 4127 878 4190 τὰ
927 4125 988 4190 δὲ
1039 4126 1379 4206 ἀκρωτήρια
1428 4127 1672 4206 χρυσῷ·
1726 4126 1807 4190 τοὶ
1859 4126 1912 4191 δ’
1962 4127 2165 4205 ἐντός,
2211 4129 2320 4203 την
2361 4129 2473 4205 μὲν
2514 4130 2734 4212 ὀροφὴν

347 4231 756 4312 ἐλεφαντίνην
807 4226 969 4318 <ἥν>
1022 4230 1170 4296 ἰδεῖν
1237 4235 1451 4296 πᾶσαν
1517 4233 1724 4313 χρυσῷ
1788 4233 1891 4296 καὶ
1946 4233 2189 4314 άργύρῳ
2239 4235 2341 4299 καὶ
2389 4237 2733 4320 δρειχαλκῷ

346 4335 844 4416 πεποικιλμένην,
896 4339 979 4402 τὰ
1027 4337 1089 4404 δὲ
1138 4335 1316 4402 ἄλλα
1364 4339 1577 4404 πάντα
1629 4386 1644 4404 .
1675 4387 1690 4405 .
1721 4386 1735 4403 .
1785 4339 2130 4419 ὅρειχαλκῷ
2181 4339 2570 4418 περιέλαβον.

437 4445 610 4525 Quin
668 4446 907 4511 inserta
968 4464 1004 4508 a
1068 4465 1171 4510 me
1231 4443 1458 4510 vocula
1518 4447 1868 4511 necessaria
1911 4445 2378 4533 haplographia
2426 4451 2725 4534 perierit,

342 4552 649 4638 temporis
696 4555 1011 4636 punctum
1060 4572 1186 4615 non
1230 4550 1482 4615 dubito,

2376 4673 2441 4723 2ss
