3392 5384
1259 511 1276 523 .
1343 439 1656 490 nolumus.
2569 425 2705 491 203

295 616 526 695 parat,
594 631 796 696 neque
859 613 1078 674 autem
1125 630 1275 674 cum
1322 610 1494 675 vocis
1540 610 2069 694 interpretatione
2117 608 2703 688 manifestum,

300 736 471 801 quae
535 716 632 781 nil
692 737 1032 782 commune
1091 716 1282 781 habet
1339 738 1490 781 cum
1551 717 1773 781 funere
1836 720 1899 780 et
1964 716 2169 780 obitu.
2308 714 2449 780 Hoc
2494 718 2704 801 igitur

298 822 558 888 redolet
600 824 872 887 nimiam
919 824 1337 909 sagacitatem
1383 821 1699 898 Editoris,
1751 823 1861 907 qui
1908 823 2150 907 satagit
2188 822 2371 885 novis
2410 826 2477 886 et
2512 819 2705 907 longe

298 932 650 996 arcessitis,
714 928 887 993 Hinc
949 929 1154 993 eidem
1218 928 1516 1004 fortasse,
1583 928 1704 992 hac
1764 926 2185 1013 explicatione
2232 927 2519 992 nondum
2568 948 2711 993 con-

303 1041 528 1113 tento,
591 1035 984 1122 adsignanda
1047 1043 1146 1101 est
1206 1038 1402 1099 etiam
1465 1034 1597 1115 (3):
1664 1034 1801 1099 Aut
1849 1033 2135 1112 „concl.''
2184 1036 2397 1099 satis
2446 1030 2713 1119 deplo-

300 1151 592 1208 ratum
652 1144 1034 1228 satisque
1095 1142 1667 1207 vociferatum
1734 1146 1863 1218 est,
1917 1146 1992 1204 ut
2036 1143 2107 1204 in
2153 1138 2567 1205 conclamatis
2615 1140 2710 1205 fu-
2777 1218 2782 1223 .

309 1250 578 1315 neribus
623 1247 804 1313 nulla
848 1250 980 1313 iam
1029 1247 1252 1313 dilatio
1300 1253 1396 1312 est
1443 1246 1680 1312 doloris
1728 1268 1799 1312 ac
1846 1246 2096 1323 luctus,
2147 1252 2223 1311 ut
2269 1246 2567 1312 Lucanus
2618 1248 2709 1312 ait

305 1376 624 1443 „corpora
668 1356 952 1421 nondum
1002 1354 1394 1420 conclamata
1437 1354 1716 1419 iacent''.
1812 1354 1987 1419 Haec
2034 1358 2100 1419 et
2139 1352 2299 1418 salsa
2336 1360 2519 1430 sunt,
2559 1372 2711 1419 nam

303 1466 562 1540 satis,
611 1463 781 1548 quod
825 1461 1202 1540 intruditur,
1252 1463 1610 1547 corrumpit
1655 1460 2002 1525 dictionem
2038 1450 2177 1545 ⁴qua
2224 1462 2436 1524 utitur
2480 1457 2710 1525 'Peren-

300 1572 475 1648 tius,
544 1575 610 1635 et
667 1571 942 1655 pessime
1008 1555 1373 1644 enuntiata,
1438 1590 1563 1634 non
1627 1569 1801 1633 enim
1864 1567 2161 1631 funera
2222 1565 2704 1633 conclamantur

304 1676 418 1743 sed
469 1678 782 1741 mortui
826 1677 973 1760 ipsi.

388 1782 611 1869 Igitur
678 1782 1000 1847 Donateae
1068 1784 1581 1867 interpretationi
1650 1781 1883 1847 Editor
1953 1780 2111 1845 duas
2171 1780 2474 1865 apposuit
2534 1800 2571 1843 a
2632 1800 2699 1845 se

303 1892 628 1955 inventas.
1414 1897 1420 1908 '
1750 1885 1755 1889 ”
2041 1886 2107 1953 S.
2155 1894 2506 1970 utrumque
2554 1908 2608 1950 c.

394 1995 562 2061 Ibid.
614 1993 700 2060 58
762 1995 991 2061 Nostin
1040 2016 1204 2081 quae
1247 1992 1376 2059 sit?
1424 1994 1544 2059 Dic
1593 1995 1795 2073 mihi,
1845 1990 2155 2061 vidistin?

393 2103 524 2166 Pa.
572 2100 755 2179 Vidi,
803 2104 958 2166 novi
974 2123 991 2181 ;
1044 2104 1174 2166 scio
1223 2122 1347 2186 quo
1394 2101 1668 2166 abducta
1717 2104 1823 2168 sit.

398 2206 535 2275 Oh.
583 2206 757 2287 Eho,
811 2208 1122 2273 Parmeno
1169 2210 1296 2286 mi,
1345 2211 1558 2272 nostin
1606 2215 1672 2273 et
1720 2210 1844 2274 scis
1893 2207 2007 2272 ubi
2054 2204 2218 2272 siet?

396 2315 524 2379 Pa.
574 2313 720 2379 Huc
769 2314 1100 2380 deductast
1145 2314 1223 2379 ad
1273 2316 1677 2380 meretricem
1725 2312 2073 2387 Thaidem:
2117 2316 2176 2379 ei
2217 2314 2380 2379 dono
2423 2313 2654 2379 datast.

400 2420 500 2485 Ad
561 2418 646 2485 59
675 2420 771 2501 (1)
841 2420 1000 2485 Plus
1062 2421 1230 2485 dixit
1291 2442 1484 2506 quam
1539 2422 2079 2507 interrogabatur,
2131 2436 2215 2469 --’
2266 2419 2451 2486 credo
2495 2419 2703 2485 taedio

305 2530 799 2613 interrogantis3
851 2548 999 2594 nam
1048 2533 1377 2613 properat,
1428 2534 1501 2592 ut
1551 2528 1841 2593 dicturus
1889 2533 1986 2593 est
2033 2535 2155 2609 (vs.
2204 2527 2337 2607 ¹72),
2387 2528 2466 2593 ad
2505 2526 2701 2592 dedu-

305 2634 583 2698 cendum
644 2635 1016 2699 eunuchum
1065 2634 1144 2699 ad
1188 2631 1501 2699 Thaidem
1548 2655 1697 2699 cum
1745 2632 1978 2698 ancilla
2024 2655 2101 2699 ex
2150 2634 2512 2719 Aethiopia.

400 2741 501 2806 Ad
549 2740 671 2805 61:
732 2740 818 2805 Et
869 2741 988 2805 hoc
1035 2740 1301 2806 effundit
1346 2740 1544 2807 semel
1592 2743 2071 2826 acervatimque
2118 2741 2275 2806 dicit
2320 2740 2503 2807 velut
2550 2740 2694 2806 odio

305 2850 758 2933 interrogantis
819 2849 1070 2932 saepius
1117 2853 1180 2913 et
1226 2848 1639 2913 festinatione
1688 2847 1768 2913 ad
1814 2848 2116 2914 mandata
2161 2846 2512 2914 Phaedriae
2559 2868 2696 2933 per-

309 2955 576 3041 agenda.
727 2947 736 2955 ’

399 3062 935 3128 Additamentum
999 3061 1078 3127 ad
1144 3061 1228 3126 59
1254 3062 1351 3143 (1)
1413 3082 1792 3147 expressum
1840 3070 1939 3128 est
1987 3064 2067 3128 ab
2113 3061 2575 3148 Interpolatore
2622 3062 2701 3128 ad

308 3168 679 3253 exemplum
728 3167 1014 3231 eiusdem
1063 3170 1381 3233 enuntiati
1431 3168 1775 3234 Donatiani
1823 3168 1901 3233 ad
1951 3168 2058 3233 61.

1655 3274 1719 3339 S.
1770 3296 2103 3360 perperam
2153 3279 2507 3360 utrumque
2555 3297 2608 3340 c.

399 3380 560 3447 Ibid.
627 3380 712 3445 64
759 3380 857 3461 (2)
951 3378 1408 3466 „·Gomparet''‘
1447 3402 1560 3466 pro
1633 3381 1893 3458 „emat”
1966 3386 2080 3447 aut
2154 3381 2699 3466 „comparandum

311 3486 558 3573 putet''.
633 3485 974 3552 Vitiosum.
2436 3486 2500 3552 S.
2552 3508 2605 3551 c.

396 3594 558 3659 Ibid.
610 3592 694 3660 6¹7
758 3593 971 3659 Homo
1019 3596 1346 3679 quatietur
1390 3600 1560 3659 certe
1609 3615 1758 3658 cum
1807 3594 1967 3659 dono
2013 3594 2179 3659 foras

398 3700 597 3766 Don.:
671 3699 766 3781 (l)
828 3700 998 3765 Mire
1064 3721 1256 3778 „cum
1318 3699 1522 3765 dono'’
1596 3706 1930 3786 tamquam
1990 3700 2091 3765 illi
2152 3699 2444 3786 repulsae
2506 3721 2695 3766 causa

312 3805 546 3871 donum
590 3807 888 3871 futurum
934 3809 1040 3871 sit.
1193 3805 1544 3871 Subiunxit
1591 3806 1722 3871 IP:
1773 3807 1869 3888 (2)
1916 3806 2086 3871 'I'um
2112 3808 2361 3881 ,deinde
2401 3830 2527 3873 non
2573 3810 2699 3886 „ei-

312 3912 552 3977 ciatur”
613 3912 722 3977 sed
771 3912 1210 3997 ,‚quatietur''.
1377 3913 1538 3978 Don.
1589 3912 1833 3979 denuo:
1883 3912 1980 3994 (3)
2027 3912 2187 3979 Vide
2234 3935 2429 3999 quam
2478 3918 2703 3978 contu-

309 4019 636 4084 meliosius
683 4018 928 4083 dictum
979 4021 1064 4083 sit
1115 4020 1486 4103 „quatietur
1530 4018 1773 4084 foras’':
1840 4019 1946 4085 vel
1995 4020 2369 4085 verberibus
2414 4018 2703 4105 impelle-

310 4130 413 4189 tur
468 4126 668 4202 foras,
732 4146 857 4190 non
921 4124 1295 4210 expulsione
1358 4130 1424 4189 et
1487 4125 1884 4206 detrusione3
1938 4162 2021 4173 -
2089 4125 2185 4206 (4)
2235 4125 2352 4191 Vel
2396 4129 2486 4192 sic
2535 4127 2701 4191 dixit

311 4231 515 4307 „foras
578 4232 945 4317 quatietur'’
1022 4237 1096 4295 ut
1169 4230 1334 4295 desit
1409 4231 1784 4309 „versum'',
1856 4236 1932 4296 ut
2002 4234 2119 4297 sit:
2191 4233 2360 4298 foras
2440 4254 2701 4299 versum

309 4338 740 4403 verberabitur
803 4341 907 4421 [ut
954 4338 1354 4422 verberetur]
1388 4339 1435 4419 ¹)
1485 4344 1549 4403 et
1593 4339 1857 4425 fugetur
1903 4338 2073 4405 foras
2125 4376 2209 4387 —
2258 4361 2409 4405 nam
2457 4346 2521 4405 et
2568 4362 2705 4426 per-

373 4574 424 4639 l)
463 4573 620 4624 Verba
657 4577 740 4624 ‚ut
775 4572 1082 4624 verberetur”
1117 4590 1207 4641 pro
1239 4574 1568 4641 autographi·
1599 4575 1779 4641 expuli.
