3392 5384
1323 442 1824 496 Amsrormms.
2614 426 2745 495 353

363 634 561 679 anum
622 634 892 699 eamque
939 632 1124 679 suam
1168 614 1373 699 ipsius
1421 617 1692 679 matrem
1744 635 2015 679 uxorem
2062 613 2284 691 duxit,
2336 614 2481 680 dein
2529 614 2743 681 000100

368 722 492 786 sibi
553 720 767 785 effodit
839 721 1010 805 ipse,
1074 716 1229 785 felix
1292 724 1430 785 erat
1487 718 1810 786 scilicet!’'
1882 758 1963 769 -
2023 720 2376 807 Subiungit
2423 721 2768 809 Dionysus·

368 847 586 892 secum
632 828 770 893 sive
817 826 897 890 ad
941 831 1326 911 spectatores
1373 827 1568 893 verba
1615 827 1889 892 faciens:

733 934 799 997 εἶ
851 934 985 997 καὶ
1037 933 1496 1012 ἕστροιτήγησέν
1544 958 1623 1012 γε
1670 936 1813 1011 μετ’
1862 934 2284 1014 Ἐρασινίδου]

465 1039 634 1105 Nam
681 1060 1094 1125 personarum
1141 1030 1315 1106 vices
1362 1042 1453 1105 sic
1501 1061 1636 1106 esse
1683 1040 2201 1128 distinguendas,
2253 1046 2527 1107 testatur
2563 1044 2759 1128 parti-

375 1146 518 1212 cula
577 1170 691 1225 y-s,
756 1167 882 1231 qua
940 1152 1084 1231 post
1148 1147 1421 1213 verbum
1483 1147 1942 1225 ἐστρατήγησεν
1996 1150 2207 1212 utitur
2252 1147 2577 1234 Dionysus
2594 1168 2610 1225 ;
2660 1155 2757 1216 est

375 1256 544 1319 enim
585 1253 1022 1339 respondentis
1060 1258 1123 1318 et
1161 1255 1584 1319 assentienti&
1633 1253 1707 1318 In
1750 1254 2071 1320 codicibus
2109 1252 2433 1341 Dionysus
2455 1254 2760 1340 loquendi

370 1363 634 1426 initium
681 1361 833 1426 facit
879 1381 916 1425 a
960 1360 1172 1425 verbis
1221 1359 1525 1436 εὐδαίμων
1568 1357 1664 1439 ἄρ’
1712 1356 1801 1435 ἦν.
1850 1359 2141 1427 Correxit
2189 1359 2482 1447 Blaydes.

462 1468 659 1533 Recte
704 1468 914 1553 igitur
959 1468 1091 1531 iam
1139 1466 1347 1531 divisa
1393 1470 1544 1531 sunt
1590 1467 1820 1543 verba,
1874 1466 1983 1533 sed
2025 1472 2170 1552 apte
2218 1467 2502 1532 nondum
2544 1467 2761 1533 decur-

370 1579 539 1640 runt.
588 1573 756 1639 Nam
797 1571 934 1638 fieri
970 1594 1095 1637 non
1133 1578 1340 1657 potest
1385 1578 1456 1637 ut
1495 1572 1696 1659 fingat
1729 1571 2055 1661 Dionysus
2080 1611 2165 1622 -
2192 1573 2357 1659 quod
2387 1576 2760 1659 ineptientis

369 1677 567 1745 foret!
619 1716 705 1729 —
753 1700 904 1744 cum
963 1678 1295 1743 Erasinide
1357 1678 1436 1743 ad
1497 1680 1854 1765 Arginusas
1916 1679 2217 1745 adversus
2264 1678 2761 1765 Peloponnesios

369 1786 569 1853 classe
634 1790 907 1851 certasse
971 1783 1289 1869 Oedipum
1332 1784 1456 1849 vLai
1503 1784 1747 1863 filium,
1793 1785 1901 1851 sed
1950 1785 2025 1851 de
2071 1808 2139 1851 re
2187 1807 2347 1871 quae
2395 1785 2532 1851 fieri
2577 1785 2759 1851 nullo

298 1967 307 1973 ,
370 1892 557 1958 modo
617 1893 832 1977 potuit
861 1944 865 1948 .
894 1890 967 1955 fit
1029 1910 1274 1967 serm03
1340 1895 1452 1955 aut
1512 1893 1721 1977 igitur
1781 1894 2131 1976 requiritur
2188 1892 2507 1977 particula
2556 1891 2630 1957 ἄν
2680 1892 2760 1957 0(1

371 1998 788 2064 indicandum
857 1997 1168 2075 „modum
1228 1996 1571 2063 irrealem'’
1637 2000 1749 2083 qui
1812 1998 1938 2063 dici
1999 1998 2196 2077 solet,
2260 2004 2374 2063 aut
2420 1997 2546 2064 alio
2594 2000 2761 2065 vitio

375 2107 570 2171 verba
605 2104 915 2170 laborant.
957 2104 1359 2189 Quapropter
1397 2105 1463 2168 in
1503 2103 1757 2170 fabulae
1796 2105 2075 2170 editione
2111 2108 2360 2170 tentavi
2399 2104 2557 2170 olim
2589 2106 2760 2171 hunc

373 2232 635 2279 versum
658 2259 673 2289 ,
720 2209 831 2277 sed
874 2210 1216 2276 infeliciter
1259 2212 1538 2289 tentavi,
1587 2216 1653 2277 et
1696 2232 1812 2277 suo
1856 2213 1997 2277 iure
2040 2212 2107 2276 id
2154 2210 2322 2295 quod
2368 2213 2758 2276 conieceram

372 2318 766 2404 improbavit
803 2316 1174 2403 Alphonsus
1213 2316 1510 2382 Willems
1549 2316 1796 2403 collega
1836 2315 2271 2383 Bruxellensis
2308 2319 2378 2381 in
2402 2319 2762 2383 recensione

373 2423 993 2515 benevolentissima.
1044 2423 1337 2490 Addebat
1381 2430 1634 2489 autem:
1687 2427 1790 2511 „Je
1837 2426 1981 2490 vois
2028 2425 2173 2489 bien
2220 2422 2381 2509 qu'il
2420 2423 2615 2509 s'agit
2654 2424 2763 2489 des

371 2531 687 2597 fameuses
745 2529 954 2617 reg-les
1014 2531 1354 2595 ressassees
1415 2535 1676 2615 partout
1722 2551 1833 2594 eur
1878 2528 2171 2615 l’emploi
2219 2529 2294 2594 de
2341 2528 2405 2594 la
2448 2528 2762 2615 particule

374 2636 470 2703 ἂν.
518 2638 690 2703 Μο10
737 2620 836 2702 000
884 2636 1096 2723 reg-les
1144 2635 1326 2701 n'ont
1371 2639 1509 2702 rien
1559 2635 1889 2702 d'absolu''
1932 2641 2051 2702 cet.
2094 2675 2179 2685 —
2221 2635 2339 2700 Est
2378 2642 2591 2701 tamen
2634 2658 2762 2701 cer-

360 2749 516 2808 tum
583 2748 1004 2829 apertumque
1068 2742 1684 2831 discrimen‘iuter:
1742 2743 2089 2820 „sesamam
2152 2740 2260 2817 ἦν”
2328 2743 2527 2805 beatus
2574 2743 2759 2827 fuit,

372 2851 541 2936 quod
588 2856 803 2915 nostro
850 2848 986 2915 loco
1034 2850 1360 2913 irridentis
1407 2855 1536 2928 est,
1579 2854 1644 2914 et
1684 2850 2031 2927 ,,εὖδαιίμων
2073 2847 2148 2913 ἂν
2194 2845 2301 2922 ἦν”
2342 2851 2513 2914 sive:
2558 2849 2760 2914 beatus

377 2958 594 3028 fuisset
651 2958 759 3020 ced
817 2978 967 3019 non
1015 2956 1196 3040 fuit,
1247 2976 1451 3042 neque
1499 2961 1693 3042 negat
1738 2956 1805 3021 id
1854 2944 2128 3021 ultimus
2178 2954 2505 3021 Ranarum
2551 2956 2757 3022 editor

373 3062 645 3142 Tucker,
695 3065 785 3127 sic
833 3062 1155 3149 explicans
1200 3064 1504 3128 traditam
1551 3063 1927 3128 lectionem:
1986 3063 2113 3144 ‚‚(is
2150 3065 2230 3128 he
2280 3085 2408 3128 was
2454 3064 2757 3141 εὖδκίμων

269 3242 274 3245 ,
374 3172 443 3235 10
489 3171 633 3236 that
676 3174 843 3252 0000)
891 3171 1044 3235 then
1092 3170 1171 3235 he
1217 3190 1347 3235 was
1396 3169 1702 3245 εὐδαίμων
1749 3168 1933 3250 (0100)
1979 3170 2039 3233 if
2077 3170 2157 3234 he
2212 3190 2335 3235 was
2379 3192 2495 3236 000
2542 3172 2615 3236 of
2652 3172 2762 3237 the

373 3276 736 3362 colleagues
798 3275 870 3341 of
918 3275 1304 3340 ErasinideS.
1369 3274 1572 3339 'I'here
1633 3277 1690 3339 is
1756 3295 1837 3339 no
1900 3275 2308 3360 equivalence
2369 3276 2520 3341 here
2584 3277 2658 3341 of
2692 3272 2760 3352 ἦν

372 3383 531 3448 with
593 3379 660 3457 ἦν
722 3380 864 3447 ἄν”.
917 3418 1003 3431 -
1052 3381 1226 3462 Quae
1289 3383 1498 3467 capiat
1561 3382 1674 3465 qui
1735 3382 1969 3465 possit,
2035 3380 2145 3445 sed
2208 3402 2430 3446 vereor
2490 3388 2565 3447 ut
2624 3383 2762 3467 ipse

371 3488 652 3575 Oedipus
699 3488 1017 3553 eiusmodi
1063 3490 1446 3575 aenigmatis
1493 3485 1813 3553 solvendis
1860 3486 2055 3551 fuerit
2093 3507 2225 3572 par.
2275 3486 2499 3573 Itaque
2538 3508 2761 3553 versus

371 3602 485 3662 aut
531 3594 963 3662 emendandus
1011 3603 1106 3660 est
1153 3600 1265 3660 aut
1303 3615 1488 3659 cruce
1527 3593 1864 3659 notandus.
1913 3592 2227 3678 Equidem
2271 3614 2439 3659 nunc
2478 3596 2765 3681 suspicor

373 3705 438 3769 εἶ
487 3702 622 3768 καὶ
671 3701 1019 3787 particulas
1066 3724 1144 3768 ex
1189 3705 1282 3773 ὥς
1325 3703 1391 3767 εἱ
1440 3723 1575 3767 esse
1620 3717 1837 3779 natas,
1886 3706 2141 3787 poetam
2190 3703 2359 3767 enim
2411 3702 2689 3768 dedisse:

735 3809 827 3881 ὥς
877 3809 937 3873 εἰ
987 3808 1447 3887 ἐστρατήγησέν
1497 3831 1578 3885 γε
1625 3809 1769 3883 μετ’
1816 3807 2235 3886 Ἐρασινίδου]

374 3916 522 3995 „Ita
581 3938 726 3979 cane
787 3916 990 3979 beatae
1038 3914 1188 3999 fuit
1247 3921 1318 3979 ub
1376 3914 1433 3979 εἰ
1496 3913 1821 3979 Era-sinidi
1884 3939 1921 3977 a
1986 3915 2230 3998 colleyis
2275 3914 2517 4000 fuisset
2534 3915 2602 3978 !''
2676 3952 2761 3966 --

373 4023 541 4107 Apta
588 4023 678 4087 sic
723 4021 795 4085 fit
840 4023 1233 4107 comparatio
1281 4023 1450 4085 inter
1497 4019 1724 4106 Oedipi
1772 4021 1964 4104 prisci
2011 4020 2221 4086 herois
2269 4027 2503 4087 sortem
2554 4029 2617 4087 et
2662 4044 2759 4089 re-

373 4149 518 4195 cens
563 4126 731 4194 illud
776 4129 982 4193 satum
1033 4132 1403 4216 praetorum
1451 4128 1862 4213 iniquissimo
1908 4126 2147 4193 iudicio
2196 4129 2664 4195 damnatorum.

2480 4254 2542 4302 v.
2592 4236 2665 4304 L.

2404 4661 2469 4716 23
