3392 5384
681 401 812 466 334
1407 474 1414 482 ,
1687 415 2047 465 rnocorms.

769 584 924 671 Gap.
973 583 1254 650 XXVIII
1300 583 1423 669 §4.
1489 582 1586 648 ἐπὶ
1651 583 1714 648 δὲ
1764 585 2185 648 Ἰουστινιανοῦ
2234 581 2673 659 βασιλεύοντος
2722 582 2751 647 ὂ
2802 582 3067 663 Πρίσκος

677 691 1205 773 διερευνησάμενος
1270 689 1504 762 πόλεως
1553 696 1663 764 τῆς
1710 688 2025 770 εἰρημένης
2074 689 2191 762 τὰς
2241 687 2435 760 οἰκίας
2488 689 2737 767 πασας,
2787 689 2846 754 εἴ
2890 714 3065 765 τινας

681 796 810 880 εὗρέ
871 824 956 863 τε
1019 798 1343 878 πλούτῳ
1409 796 1812 877 ἀκμάζοντας
1862 795 1963 860 καὶ
2003 795 2147 878 πρὸς
2196 795 2425 878 ζημίαν
2466 795 2809 877 χρημάτων
2858 797 3075 875 μεγά-

679 921 798 972 λων
849 905 1098 984 διαρκῶς
1150 901 1453 984 ἔχοντας,
1504 902 1731 968 τούτων
1779 902 1907 967 κτὲ.
2369 923 2377 928 ·
2461 888 2467 894 ’

617 997 624 1005 “
767 1009 1366 1098 Transponendum:
1418 1005 1548 1089 εὗρε
1598 1008 1925 1090 πλούτῳ
1973 1033 2058 1074 τε
2107 1010 2234 1074 κτὲ.

769 1228 921 1318 Gap.
969 1229 1164 1295 XXX
1210 1229 1380 1315 §24.
1445 1232 1719 1312 πρᾶγμα
1769 1230 2068 1296 πώποτ’
2117 1229 2198 1294 οὗ
2249 1227 2505 1306 γεγονὸς
2537 1227 2621 1291 ’ἐκ
2672 1230 2779 1292 τοῦ
2830 1227 3070 1301 παντὸς

677 1339 916 1418 χρόνον.

766 1442 1114 1510 Insolenter
1175 1444 1264 1508 sic
1328 1443 1559 1528 optimi
1621 1440 1776 1507 libri
1839 1463 1951 1528 pro
2014 1444 2096 1508 οὐ
2160 1444 2512 1519 πώποτε,
2569 1441 2737 1527 quod
2802 1441 3070 1507 exhibet

675 1552 813 1618 cod.
874 1551 1244 1616 chartaceus
1299 1549 1640 1614 Vaticanus
1710 1547 1813 1628 16,
1878 1549 1954 1614 de
2014 1570 2139 1634 quo
2186 1548 2313 1615 vid.
2366 1546 2619 1634 Proleg.
2668 1569 2736 1633 p.
2788 1565 2907 1613 ΧΠ
2945 1569 3068 1632 sq„

676 1679 754 1723 ex
801 1659 1197 1734 coniectura,
1249 1661 1324 1720 ut
1368 1655 1645 1734 videtur,
1693 1677 1808 1722 nec
1853 1656 2117 1722 fortasse
2165 1657 2530 1721 necessaria.
2582 1651 2679 1721 Cf.
2730 1655 2839 1719 Ar.
2868 1654 3063 1741 Vesp.

681 1764 855 1830 1188
905 1765 1024 1842 ἐγὼ
1075 1763 1136 1827 δὲ
1188 1762 1528 1842 τεθεώρηκα
1578 1763 1878 1846 πώποτ’
1926 1764 2295 1840 οὐδαμοῖ.

1574 1905 1600 1980 (
1611 1900 2171 1982 Continuabuntur).

1357 2355 1444 2402 AD
1493 2354 1714 2403 senon.
1764 2355 1970 2403 AR1s'r.
2021 2356 2169 2402 ΒΑΝ.
2223 2337 2375 2402 501.

769 2551 1110 2632 Quaeritur
1167 2553 1233 2616 in
1296 2550 1588 2628 scholiis,
1653 2552 1799 2637 quis
1861 2573 1974 2616 cur
2018 2553 2095 2617 ab
2144 2552 2569 2637 Aristophane
2617 2549 2944 2616 dicatur-6
2996 2551 3068 2614 ἐκ

677 2660 961 2732 Μελίτης
1031 2660 1404 2736 μαστιγίας.
1487 2649 1616 2723 Alii
1688 2661 2102 2742 grammatici
2168 2659 2490 2724 Herculem
2560 2657 3064 2743 intellegebant,

678 2766 847 2830 hunc
909 2767 1082 2830 enim
1140 2768 1206 2829 in
1268 2759 1412 2830 vico
1477 2766 1718 2829 urbano
1780 2765 2011 2830 Melite
2075 2769 2287 2850 parvis
2348 2768 2677 2853 mysteriis
2726 2764 2883 2830 olim
2930 2785 3069 2829 esse

674 2874 1040 2954 initiatum,
1100 2878 1162 2936 et
1212 2870 1366 2937 belli
1409 2873 1596 2936 initio
1644 2876 1821 2956 peste
1868 2874 2190 2937 saeviente
2234 2870 2371 2937 illic
2418 2875 2476 2937 ei
2523 2871 2882 2937 dedicatam
2931 2891 3071 2934 esse

583 3024 590 3030 -
676 2979 1053 3062 imaginem.
1117 2977 1248 3042 Alii
1318 2977 1573 3040 Calliam
1635 2976 1984 3062 significari
2043 2978 2492 3063 perhibebant3
2554 2979 2788 3064 quibus
2836 2979 2951 3064 qui
2998 2979 3071 3041 in

676 3083 935 3149 scholiis
981 3081 1408 3168 adstipulatur
1451 3089 1593 3172 post
1640 3082 1769 3149 alia
1817 3084 1972 3149 haec
2020 3084 2198 3148 addit
2243 3086 2438 3150 verba
2484 3084 2755 3150 ultima:

773 3197 941 3268 „vx-54·
1007 3191 1066 3254 δὲ
1129 3191 1229 3254 καὶ
1300 3190 1705 3271 παλαιότερον
1768 3185 1920 3254 εἶναι
1986 3191 2331 3272 Ἀριστοφοὶ
2396 3191 2465 3254 τὸ
2520 3189 2802 3268 ἄγαλμα
2850 3187 3067 3264 cinaei-

677 3300 876 3380 ζοντος
941 3301 1047 3360 τοῦ
1110 3301 1322 3374 λοιμοῦ
1371 3297 1602 3376 ἱδρύθης
1664 3296 1888 3378 σχεδὸν
1938 3297 2061 3376 γὰρ
2114 3299 2503 3378 μειρακίσκος
2550 3297 2657 3372 ἤδη
2707 3295 2782 3362 ὢν
2832 3293 3067 3369 ἥπτετο

678 3411 793 3469 τῶν
841 3402 1157 3480 οὶγῶνων.”

766 3509 931 3574 Dedi
976 3511 1171 3575 verba
1213 3515 1428 3595 aperte
1475 3515 1808 3594 corrupta,
1858 3530 2017 3596 quae
2064 3510 2567 3596 praebet'codex
2612 3508 2687 3588 V,
2750 3508 3062 3596 neglectis

676 3619 902 3682 ceteris
945 3616 1269 3681 codicibus
1316 3622 1380 3681 et
1426 3617 1833 3681 editionibus
1884 3614 2186 3702 Intellegi
2232 3623 2448 3682 autem
2491 3625 2563 3683 ut
2602 3617 2755 3685 haec
2794 3619 3062 3702 possint,

677 3726 767 3789 sic
811 3722 1110 3789 videntur
1156 3722 1564 3807 corrigenda:

769 3835 894 3902 πῶς
958 3827 1021 3892 δὲ
1082 3827 1185 3891 καὶ
1250 3828 1656 3907 παλαιότερον
1720 3824 1949 3894 εἶπεν
1997 3830 2491 3910 Ἀριστοφάνης
2542 3828 2861 3908 ἄγαλμα,
2931 3825 3057 3916 (ὃ)

676 3932 1054 4015 ἀκμάζοντος
1124 3939 1230 3999 τοῦ
1293 3939 1507 4011 λοιμοῦ
1571 3935 1804 4014 &poam
1883 3935 2107 4016 σχεδὸν
2172 3936 2297 4015 γὰρ
2360 3937 2748 4016 μειρακίσκος
2815 3936 2923 4010 ἤδη
2990 3935 3066 3998 ὢν

680 4041 908 4117 ἥπτετο
960 4035 1198 4128 <τότε>
1252 4048 1364 4106 τῶν
1429 4043 1696 4119 ἀγώνων.
1762 4040 1834 4105 Id
1881 4048 2010 4106 est:
2068 4044 2185 4105 Cur
2224 4049 2417 4106 autem
2444 4049 2628 4125 poeta
2667 4040 3063 4126 antiquiorem

675 4149 848 4212 illam
907 4147 1252 4228 imayinem,
1318 4170 1470 4233 quae
1530 4171 1685 4212 anno
1734 4155 1807 4219 ss
1834 4147 1986 4225 429,
2037 4155 2157 4212 tum
2205 4171 2331 4212 eum
2384 4149 2511 4231 ipse
2572 4149 2883 4212 admodum
2930 4152 3065 4210 erat

674 4255 925 4339 iuvenis,
975 4260 1064 4317 est
1109 4253 1406 4332 dedicata,
1455 4254 1522 4318 in
1570 4255 1769 4318 Ranie
1815 4255 2342 4320 commemoraverit
2387 4278 2543 4320 anno
2592 4253 2764 4322 405?

2785 4377 2849 4426 v.
2882 4361 2973 4426 L.
