3392 5384
404 1001 545 1098 DE
602 965 1153 1098 COMMENTI
1214 1010 1804 1234 ΒΟἋΤΙῗξΙ
1867 1011 2638 1106 coMrosffloNE

1193 1147 1321 1234 ΕΤ
1520 1148 1627 1236 le
1752 1149 1842 1235 E.

1071 1278 1087 1314 Ι

1404 1366 1651 1406 SCRIPSIT

1114 1532 1198 1594 Η.
1264 1531 1335 1596 Τ.
1415 1532 1924 1599 KARSTEN.

1358 1817 1670 1856 -444—

400 2043 803 2128 'Disquisitio
844 2044 918 2108 de
958 2043 1322 2110 Commenti
1362 2047 1822 2130 compositione
1854 2049 1920 2109 et
1943 2048 2190 2130 origine
2215 2047 2330 2111 hoc
2353 2051 2611 2131 spectat,
2637 2053 2714 2110 ut

324 2157 766 2234 cognoscatur,
805 2170 967 2233 >quae
1006 2150 1247 2214 scholia
1278 2150 1557 2225 Donato,
1590 2171 1750 2234 quae
1780 2151 2343 2235 interpolatoribus
2369 2153 2715 2216 debeantur

328 2260 393 2318 et
455 2275 579 2337 qua
624 2257 867 2318 ratione
915 2277 993 2319 ex
1041 2257 1141 2319 his
1190 2256 1521 2320 elementis
1569 2259 1733 2320 mira
1779 2257 2032 2340 farrago
2078 2259 2414 2320 exstiterit.
2471 2256 2713 2320 Wess-

326 2380 575 2423 nerus
634 2362 702 2422 in
763 2361 1150 2444 praefatione
1212 2383 1273 2446 p.
1320 2379 1477 2426 XLVI
1538 2361 1614 2425 de
1676 2361 1795 2446 tali
1858 2364 2185 2425 conamine
2248 2363 2364 2425 hoc
2424 2364 2710 2446 scripsit:

328 2463 507 2541 „Iam
551 2465 606 2526 si
644 2467 999 2546 quaeritur,
1032 2486 1188 2528 num
1229 2465 1365 2528 fieri
1403 2468 1633 2548 possit,
1675 2471 1750 2527 ut
1789 2465 2007 2548 aliqua
2045 2486 2123 2528 ex
2148 2473 2328 2550 parte
2353 2471 2712 2551 genuinum

324 2569 561 2633 Donati
610 2577 1047 2632 commentum
1093 2588 1171 2654 ex
1221 2570 1338 2632 hac
1384 2568 1773 2660 scholiorum
1819 2570 2138 2654 farragine
2185 2570 2498 2648 eliciatur,
2541 2575 2713 2656 equi-

322 2675 470 2740 dem
534 2674 651 2738 hoc
712 2695 837 2737 non
899 2695 1156 2759 prorsus
1218 2661 1621 2760 nega’verim,
1682 2676 1790 2740 sed
1837 2697 1936 2740 res
1983 2678 2147 2740 mihi
2197 2678 2452 2742 videtur
2498 2679 2712 2744 admo-

325 2781 483 2844 dum
526 2779 773 2844 lubrica
819 2786 1010 2863 atque
1056 2784 1372 2846 intricata.
1424 2781 1590 2860 Quin
1637 2784 1776 2866 ipse
1821 2785 1932 2866 qui
1969 2783 2333 2865 periculum
2373 2785 2524 2848 fecit
2562 2784 2712 2849 Sab-

272 2881 284 2892 ’
325 2886 543 2950 badini
612 2885 896 2950 confiteri
964 2893 1221 2950 coactus
1292 2894 1386 2951 est
1458 2908 1593 2951 rem
1662 2887 1987 2951 interdum
2058 2909 2192 2953 esse
2261 2892 2421 2957 meri
2484 2890 2710 2954 arbitri

325 2990 537 3070 (Stud.
585 2989 731 3054 Ital.
781 2990 874 3053 I·II
923 2990 1075 3056 346.
1128 2991 1224 3058 Of.
1274 2992 1402 3057 Leo
1451 2993 1543 3057 M.
1599 2993 1719 3057 Rh.
1769 2993 2115 3058 XXXVIII
2167 2993 2391 3074 333>.”

421 3094 705 3161 Concedo
753 3100 1193 3180 quaestionem
1240 3119 1375 3162 esse
1418 3101 1787 3162 intricatam
1826 3104 1892 3162 et
1923 3099 2382 3183 perdifficilem,
2426 3100 2534 3164 sed
2574 3121 2708 3164 esse

327 3221 463 3264 rem
534 3205 697 3265 meri
768 3202 991 3265 arbitri
1060 3223 1173 3265 nec
1244 3202 1711 3266 Sabbadini
1778 3201 1913 3265 illic
1975 3203 2322 3267 declaravit
2353 3206 2398 3283 1>
2461 3210 2525 3267 et
2586 3225 2707 3288 ego

326 3327 525 3392 nego,
577 3305 925 3370 dummodo
970 3309 1036 3369 in
1085 3307 1493 3371 discernenda
1537 3310 1809 3390 materia
1855 3315 2038 3372 caute
2085 3308 2504 3372 adhibeantur
2537 3312 2711 3373 iusta

324 3413 597 3476 criteria.
647 3409 868 3494 Neque
916 3410 1071 3474 haec
1120 3412 1370 3476 desunt.

414 3518 716 3580 Primum
755 3518 927 3609 enim
966 3537 1184 3580 omnes
1224 3518 1629 3581 consentiunt
1666 3521 2018 3582 commenti
2055 3519 2547 3584 fundamentum
2573 3542 2707 3586 esse

324 3621 759 3686 Donatianum
786 3619 857 3699 2),
918 3622 983 3686 h.
1028 3643 1081 3686 e.
1149 3618 1394 3706 optima
1456 3643 1744 3706 quaeque
1807 3624 2086 3702 scholia,
2151 3646 2312 3708 quae
2377 3625 2575 3710 vulgo
2641 3633 2706 3690 et

320 3726 702 3811 longissima
763 3735 947 3804 sunt,
1006 3749 1140 3792 esse
1186 3731 1487 3814 genuina.
1536 3727 1706 3792 'I'um
1755 3730 2143 3814 ubicumque
2191 3730 2430 3795 scholia
2478 3731 2708 3796 discre-

320 3838 508 3915 pant,
575 3831 962 3896 alterutrum
1026 3839 1091 3896 et
1155 3833 1413 3916 quidem
1476 3833 1645 3897 illud
1694 3834 1866 3918 quod
1911 3856 1976 3898 re
2024 3839 2089 3898 et
2132 3835 2336 3899 forma
2383 3843 2700 3919 praestat,

322 3935 569 4012 Donato
610 3938 1107 4002 adiudicandum
1147 3944 1273 4014 est,
1315 3960 1429 4004 nec
1466 3942 1682 4003 minus
1723 3939 1841 4004 hoc
1880 3939 2058 4005 valet
2095 3941 2171 4005 de
2195 3943 2704 4026 repetitionibus.

392 4164 445 4226 1)
483 4163 744 4227 Postquam
780 4163 1010 4212 concessit
1042 4162 1095 4212 in
1129 4163 1295 4212 multis
1329 4179 1491 4212 errare
1525 4180 1573 4212 se
1606 4165 1834 4228 potuisse,
1862 4164 1928 4212 sic
1958 4165 2189 4228 perrexit:
2231 4167 2318 4214 Ma
2345 4165 2706 4216 cionondimeno

322 4245 369 4293 io
416 4244 479 4292 ho
527 4245 631 4292 fede
663 4245 749 4292 che
783 4245 820 4292 il
850 4246 995 4293 fondo
1030 4245 1287 4294 donatiano
1320 4245 1391 4294 sia
1426 4248 1550 4294 stato
1586 4261 1673 4294 con
1710 4245 1973 4295 sufficiente
2007 4246 2436 4310 approasimazione
2467 4250 2708 4297 sceverato

320 4341 345 4372 6
381 4339 531 4372 messo
565 4325 617 4372 in
656 4324 834 4373 chisto.
2418 4388 2422 4392 ι

385 4406 440 4467 2)
490 4403 831 4454 Sabbadini
882 4405 1017 4454 Stud.
1066 4405 1130 4454 It.
1176 4405 1230 4454 11
1275 4423 1320 4470 p.
1363 4409 1449 4456 142
1498 4389 1538 4454 A‘
1585 4406 1694 4455 base
1745 4407 1868 4454 delle
1917 4407 2131 4456 ricerche
2176 4408 2224 4456 io
2259 4409 2416 4456 vorrei
2449 4410 2637 4474 dunque
2673 4411 2713 4458 il

317 4487 560 4552 postulato
595 4487 645 4534 di
680 4502 743 4534 un
777 4487 878 4534 solo
910 4493 1178 4537 commento
1213 4489 1490 4551 originario,
1527 4505 1564 4536 6.
1588 4505 1632 4552 q.
1653 4505 1690 4538 s.

2389 4587 2418 4634 l
