3392 5384
715 391 850 458 284
1759 406 2067 456 noun-us,

719 576 862 663 Ego
899 669 904 674 .
935 574 1096 641 addo
1153 574 1471 641 emblema
1532 596 1644 661 per
1704 581 1762 638 et
1818 574 2003 640 simul
2060 575 2127 638 in
2191 572 2307 655 (4),
2371 575 2539 660 q'uod
2602 577 2657 640 si
2717 570 3085 652 eliminatur,

718 685 996 769 emergit
1043 704 1248 747 unum
1295 682 1614 748 scholium
1665 684 2045 747 continuum
2094 680 2190 762 (3)
2213 682 2293 760 4—
2316 679 2431 762 (4).

804 898 836 963 I
885 898 946 964 3.
975 897 1038 963 8.
1109 899 1290 963 Ant.
1355 899 1443 963 At
1502 919 1629 963 non
1693 897 2013 963 cotidiana
2074 918 2229 964 cura
2276 898 2431 964 haec
2481 902 2746 985 angeret
2792 901 3088 963 animum.

715 1005 849 1070 Ph.
915 1004 1125 1070 Audio
1243 1065 1258 1084 ,
1308 1003 1405 1084 (2)
1466 1003 1765 1081 „Audio”
1830 1025 1945 1089 per
2003 1005 2305 1086 εἰρωνείαν
2355 1004 2593 1070 dicitur
2640 1005 2829 1070 modo
2875 1025 2911 1069 a
2955 1026 3089 1069 con-

714 1113 1040 1192 temnente
1123 1108 1371 1175 dictum
1442 1110 1852 1194 Antiphonis.
2015 1108 2112 1189 (3)
2178 1108 2408 1174 Omnia
2478 1110 2724 1175 deridet
2790 1109 3092 1175 Phaedria

717 1219 978 1302 cupiens
1022 1217 1305 1281 fructum
1353 1217 1590 1281 amoris
1637 1214 1740 1280 vel
1788 1215 2090 1300 periculis
2138 1215 2441 1302 adipisci,
2490 1221 2587 1282 est
2632 1237 2789 1303 ergo
2829 1215 3089 1296 „audio”

719 1322 982 1402 εἰρωνεία
1027 1344 1143 1409 pro
1193 1344 1360 1400 „non
1407 1321 1664 1401 audio”,
1716 1323 1834 1387 hoc
1882 1326 2013 1387 est:
2065 1321 2232 1387 nihil
2277 1322 2456 1388 111010.

806 1429 1044 1496 Utrum
1105 1425 1507 1515 genuinum?
1567 1427 1641 1494 In
1702 1431 2091 1515 praegressis
2157 1429 2445 1514 Antipho
2506 1429 2866 1514 perhibuit,
2917 1429 3096 1495 malle

715 1559 782 1602 se
843 1558 968 1603 non
1029 1538 1311 1622 potitum
1376 1556 1511 1601 esse
1569 1537 1777 1600 amica
1823 1556 2019 1621 quam
2066 1538 2221 1622 angi
2268 1537 2653 1601 conscientia
2698 1535 2995 1601 facinoris
3037 1539 3100 1600 in

715 1649 987 1728 patrem.
1050 1642 1368 1708 Phaedria
1413 1641 1799 1726 respondens
1848 1642 2149 1720 „Audio”
2200 1646 2516 1707 monstrat
2560 1663 2627 1708 se
2674 1642 2862 1707 nihili
2908 1644 3101 1708 facere

711 1748 900 1814 illam
962 1749 1478 1834 perhibitionem.
1548 1749 1833 1814 Eatenus
1896 1751 2101 1836 igitur
2147 1747 2525 1814 scholiastae
2573 1752 2916 1816 concinunt
2935 1798 2951 1828 ,
3000 1749 3101 1814 sed

715 1855 882 1940 quod
943 1855 1010 1919 in
1072 1853 1169 1936 (3)
1215 1854 1473 1920 additur
1519 1855 1596 1920 de
1641 1854 1961 1920 Phaedria
2008 1857 2172 1920 mire
2218 1857 2578 1942 cogitatum
2626 1861 2691 1921 et
2734 1877 3101 1942 expressum

715 1968 844 2028 est:
888 1963 1156 2026 minime
1198 1963 1511 2039 „omnia
1550 1961 1860 2040 deridet'',
1902 1967 1967 2028 et
1990 1962 2066 2027 de
2094 1949 2484 2048 „periculis”
2513 1966 2801 2048 quaestio
2826 1986 2953 2029 non
2978 1969 3100 2042 est,

715 2067 826 2134 sed
873 2068 950 2133 de
998 2070 1419 2133 conscientiae
1466 2088 1738 2154 angore3
1781 2068 2053 2153 denique
2091 2071 2383 2155 quisquis
2422 2071 2620 2134 etiam
2660 2068 2778 2135 tali
2816 2072 3100 2156 cynismo

721 2197 848 2241 non
894 2174 1176 2252 laborat,
1228 2180 1440 2240 tamen
1487 2174 1735 2240 dictum
1786 2176 2173 2262 Antiphonis
2219 2197 2345 2240 non
2391 2182 2617 2262 magni
2662 2177 2915 2242 faciet..

809 2281 1107 2348 11111112
1178 2281 1346 2348 Nam
1407 2285 1521 2346 tua
1581 2281 1843 2367 quidem
1891 2280 2103 2348 hercle
2152 2288 2323 2348 certo
2370 2285 2509 2348 vita
2556 2284 2711 2348 haec
2758 2283 3104 2368 expetenda

717 2387 1120 2473 optandaque
1166 2393 1264 2453 est
1409 2463 1416 2467 ,

807 2494 1096 2561 Donatus
1145 2495 1300 2580 quid
1345 2497 1428 2560 sit
1476 2497 1612 2560 vita
1655 2495 1720 2560 h.
1746 2494 1791 2559 1.
1842 2497 1933 2560 010
1980 2494 2295 2560 declarat:
2360 2495 2524 2578 (3),
2524 2496 2725 2574 ,vita''
2774 2502 2997 2561 autem
3044 2501 3105 2560 et

716 2622 925 2668 mores
965 2601 1316 2687 significat,
1359 2605 1424 2666 et
1461 2603 1792 2678 animum,
1834 2607 1899 2666 et
1941 2600 2343 2681 alimentum,
2383 2607 2447 2667 et
2489 2604 2770 2687 spatium
2805 2601 3101 2679 vivendi,

718 2715 784 2774 et
852 2709 1275 2773 fortunam
1340 2706 2431 2774 accidentemriventibus
2500 2713 2575 2772 ut
2634 2708 2845 2774 modo.
2987 2707 3100 2774 Ed.

715 2817 836 2880 hoc
904 2817 1271 2901 praemisit:
1340 2814 1528 2895 (2),
1528 2813 1733 2891 ,vita’'
1798 2815 1999 2892 dixit,
2066 2819 2143 2878 ut
2203 2814 2594 2894 ostenderet,
2662 2817 2923 2880 etiamsi
2981 2837 3101 2880 non

714 2919 992 2985 felicitas
1039 2920 1147 2985 sed
1196 2923 1333 2985 vita
1379 2919 1649 2999 dicatur,
1690 2919 2035 3006 optandam
2076 2941 2234 2986 esse.
2374 2921 2659 2998 Mirum,
2702 2926 2964 3006 poetam
3002 2919 3114 2987 vel

715 3025 1095 3092 Phaedriam
1161 3026 1238 3091 de
1302 3025 1419 3092 tali
1479 3048 1548 3091 re
1611 3027 2003 3102 ostendenda
2066 3029 2401 3113 cogitasse.
2473 3027 2547 3092 In
2608 3026 2704 3110 (3)
2769 3026 2932 3094 Don.
2998 3049 3107 3178 per

719 3132 1025 3211 „’autem'
1076 3133 1195 3198 hoc
1241 3131 1557 3198 scholium
1603 3135 1903 3198 iunxerat
1950 3154 2129 3198 cum
2142 3134 2263 3214 (1).

737 3387 747 3395 ·
806 3348 838 3413 I
901 3347 962 3413 4.
991 3347 1052 3432 9.
1124 3347 1219 3414 De
1277 3301 1520 3414 scholio
1585 3348 1681 3429 (6)
1746 3349 1823 3415 ab
1886 3348 2147 3414 Editore
2208 3348 2591 3435 interpolato
2640 3352 2720 3415 in
2782 3356 3105 3436 postremo

713 3458 922 3542 capite
968 3477 2903 3542 agam..
3103 3515 3111 3519 .

803 3561 964 3627 Ibid.
1017 3561 1135 3626 15
1169 3561 1294 3628 Sed
1355 3562 1468 3627 ubi
1531 3562 1968 3648 Antiphonem
2032 3559 2387 3647 reperiam?
2447 3563 2583 3628 Aut
2628 3583 2754 3647 qua
2801 3583 3101 3649 quaerere

712 3671 1010 3733 insistam
1057 3666 1201 3733 via?

807 3775 970 3856 (1),
969 3774 1160 3851 ,”8οᾶ
1207 3796 1321 3860 pro
1370 3796 1560 3861 ergo,
1608 3781 1684 3840 ut
1722 3779 1844 3840 sit:
1895 3797 2049 3862 ergo
2090 3777 2205 3841 ubi
2242 3777 2321 3841 A.
2365 3776 2726 3862 reperiam?
2869 3777 2965 3861 (2)
3004 3780 3101 3844 An

713 3882 819 3947 hic
857 3903 972 3966 pro
1011 3880 1134 3945 fine
1174 3883 1519 3966 superioris
1560 3885 1913 3947 sententiae
1962 3887 2091 3958 est,
2140 3887 2217 3964 ut
2263 3881 2655 3961 Sallustius,
2684 3884 2835 3972 „sed
2880 3883 3104 3951 Metel·

710 3987 815 4052 l—us
871 3990 964 4052 in.
1003 3985 1380 4052 ulteriorem
1443 3989 1884 4072 provinciam’'
1948 3989 2261 4075 (fragm.).
2327 4047 2337 4050 -
2404 3989 2527 4070 (3),
2568 3989 2996 4076 „Reperiam”
3048 3991 3103 4055 01

711 4092 950 4158 alicubi
995 4097 1240 4170 cesset,
1297 4099 1453 4170 „aut
1500 4114 1625 4179 qua
1673 4115 1733 4178 q.
1759 4097 1803 4159 i.
1830 4093 1916 4159 v?
1964 4097 2046 4159 01
2090 4093 2331 4161 alicubi
2379 4095 2691 4161 ambules.
2743 4134 2828 4146 —
2878 4096 3101 4161 Omnis

713 4203 917 4278 enim,
968 4202 1081 4284 qui
1125 4202 1475 4284 quaeritur,
1525 4204 1639 4265 aut
1687 4207 1907 4266 cessat
1938 4205 2051 4265 aut
2098 4201 2522 4267 ambulat.
2592 4255 2595 4260 .

803 4303 965 4382 De,
965 4304 1142 4381 ,sed'’
1193 4305 1348 4371 haec
1389 4308 1652 4392 insuper
1689 4307 2041 4372 habemus:
2083 4307 2279 4373 Andr.
2316 4307 2475 4394 prol.
2522 4308 2602 4372 11
2652 4308 2821 4387 „Sed
2841 4309 3095 4375 tamen’'

709 4410 1006 4476 discretio
1044 4417 1142 4476 est
1181 4432 1216 4475 a
1260 4413 1713 4496 superioribus
1770 4411 1833 4476 II
1877 4412 1936 4478 1.
1987 4413 2069 4478 10
2096 4413 2252 4493 (2),
2256 4413 2399 4490 ,8οᾶ
2425 4413 2844 4500 Pamphilum
2870 4413 3093 4480 video”

708 4521 810 4597 (ut
855 4517 918 4582 h.
947 4515 1020 4597 l.)
1071 4517 1263 4596 „sed”
1311 4520 1715 4604 inceptivum
1766 4525 1899 4598 est,
1947 4526 2023 4585 ut
2068 4519 2415 4603 Sallustius
2462 4523 2728 4603 (citatur
2748 4521 2921 4588 idem
2947 4527 3091 4601 ex.).
