3392 5384
1408 415 1693 465 snrms.
2606 402 2732 468 131

1259 579 1569 646 exsiliunt
1613 582 1816 646 crines
1862 580 2218 668 rigidisque
2263 581 2511 648 laborat

498 765 513 776 ρ
626 687 795 750 vitta
841 686 1075 762 comis,
1124 705 1237 750 nec
1283 685 1449 751 colla
1491 684 1632 751 loco
1677 707 1792 751 nec
1837 689 1905 751 in
1953 686 2173 752 ordine
2216 708 2496 774 gressus.

354 790 443 854 At
505 811 656 855 vero
718 789 796 868 ad
853 788 1194 856 lectionem
1252 790 1557 856 traditam
1603 790 1908 857 tuendam
1956 791 2184 858 multis
2229 814 2388 879 opus
2430 815 2556 858 non
2603 815 2738 860 esse

354 895 567 963 verbis
613 896 904 961 ostendet
948 895 1128 961 locus
1176 895 1411 961 similis
1459 899 1574 981 qui
1618 901 1713 961 est
1759 919 1856 963 vs.
1907 896 2074 963 855:

504 991 511 994 ’
627 1001 963 1080 infremuit
1008 1004 1434 1086 torsitque
1480 1022 1735 1089 genas
1781 1008 1847 1067 et
1892 1003 2098 1068 fronte
2142 1003 2367 1070 relicta

614 1096 959 1184 'surrexere
1002 1129 1241 1173 comae.

352 1213 555 1290 ‚Hunc
586 1213 819 1279 ‘iudicii
838 1289 844 1293 ,
863 1235 1141 1292 errorem
1187 1213 1331 1280 laus
1374 1214 1503 1280 loci
1548 1213 1821 1301 denique
1859 1221 2028 1281 recte
2067 1218 2402 1282 constituti
2438 1218 2742 1303 quodam·

348 1319 545 1385 modo
590 1325 979 1405 compensat.

446 1423 554 1490 Vs.
607 1423 738 1490 684
798 1425 1069 1491 editores
1130 1424 1413 1492 codicem
1474 1426 1876 1491 Puteaneum
1937 1429 2152 1503 secuti
2187 1427 2360 1493 fideli
2407 1429 2740 1494 concordia

350 1551 675 1596 recensere
738 1530 1025 1596 solebant
1085 1532 1139 1594 it
1193 1534 1407 1614 pes-layo
1468 1554 1675 1595 secura
1738 1533 1893 1596 ratis
1939 1571 2025 1580 —
2075 1531 2325 1601 Garrod
2389 1537 2642 1619 primus
2706 1555 2776 1610 e,

354 1636 531 1701 codd.
581 1635 715 1700 ΕΚ
760 1639 1048 1722 reposuit
1082 1637 1314 1719 ρεῐαρὶ,
1363 1637 1563 1722 quod,
1620 1640 1675 1702 si
1723 1636 1956 1704 Thetin
1998 1641 2335 1718 timerent,
2379 1646 2445 1706 at
2485 1645 2744 1726 propter

352 1741 642 1828 pelagus,
690 1741 795 1807 Sic
843 1741 974 1807 esti
1024 1749 1091 1808 et
1136 1743 1351 1808 locum
1402 1765 1479 1808 ex
1522 1745 1663 1829 ipso
1712 1749 2006 1828 poemate
2055 1744 2284 1810 addere
2321 1752 2572 1831 poterat
2616 1766 2743 1831 quo

354 1847 519 1912 hanc
577 1846 917 1912 lectionem
978 1851 1164 1913 unice
1213 1869 1429 1915 veram
1480 1869 1615 1914 esse
1662 1847 2163 1932 demonstraret,
2215 1871 2298 1916 sc.
2347 1872 2444 1916 vs.
2494 1851 2580 1917 43
2606 1873 2742 1938 sqq.

354 1952 471 2016 ubi
515 1950 739 2016 Thetis
785 1953 951 2017 irata
998 1951 1349 2018 exclamat:

629 2079 755 2122 non
799 2059 982 2142 potui
1029 2057 1253 2122 infelix
1276 2109 1291 2136 ,
1341 2080 1493 2124 cum
1538 2060 1828 2144 primum
1874 2062 2139 2147 gurgite
2187 2066 2403 2126 nostro

559 2168 565 2178 '
630 2163 951 2228 Rhoeteae
998 2163 1275 2229 cecidere
1321 2165 1532 2229 trabes
1552 2214 1568 2242 ,
1618 2163 1912 2230 attollere
1960 2185 2274 2250 magnum

630 2288 863 2352 aequor
908 2274 973 2334 et
1018 2271 1247 2334 incesti
1292 2270 1631 2354 praedonis
1678 2267 1826 2334 vela
1872 2270 2292 2354 profunda

628 2377 1141 2458 tempestate
1190 2377 1369 2460 sequi
1418 2379 1804 2458 cunctasque
1849 2374 2084 2439 inferre
2132 2371 2419 2440 sorores?

351 2478 427 2544 In
473 2479 574 2544 his
608 2479 936 2563 profunda
983 2486 1426 2561 tempestate=
1450 2484 1835 2564 tempestate
1879 2481 1948 2544 in
1989 2480 2300 2564 profundo
2342 2483 2572 2560 maris,
2622 2482 2744 2546 sub

352 2586 570 2669 aquis,
618 2587 713 2649 ita
758 2589 835 2648 ut
880 2587 1247 2669 tempestati
1295 2584 1553 2669 qualem
1600 2584 1840 2650 Aeolus
1889 2587 2102 2649 ventis
2143 2588 2277 2651 suis
2317 2607 2514 2672 supra¹
2549 2607 2744 2672 aquas

353 2691 519 2754 ciere
565 2688 764 2767 solet,
811 2691 994 2773 quasi
1041 2692 1126 2754 sit
1172 2676 1506 2755 contraria.
1556 2689 1655 2754 Ad
1701 2690 1872 2754 hunc
1909 2689 2126 2755 locum
2167 2698 2455 2777 spectant
2492 2714 2740 2772 versus,

352 2795 588 2879 quibus
633 2800 822 2880 poeta
866 2793 1061 2860 verba
1108 2815 1144 2860 a
1192 2793 1501 2861 Garrodio
1548 2797 1849 2860 restituta
1892 2794 2282 2862 illustravit:

1399 2904 1636 2987 quippe
1684 2901 1818 2966 alta
1865 2900 2173 2966 Tonantis

450 3004 580 3070 685
626 3007 800 3070 iussa
846 3004 1080 3070 Thetin
1131 3011 1331 3071 certas
1378 3007 1660 3096 fatorum
1711 3013 1958 3071 vertere
2004 3007 2183 3094 leges

629 3114 923 3178 arcebant
970 3133 1231 3198 aegram
1278 3112 1562 3178 lacrimis
1610 3133 1681 3178 ac
1728 3112 1939 3178 multa
1985 3116 2323 3179 timentem
2343 3162 2359 3192 ,

630 3217 800 3302 quod
843 3240 970 3283 non
1018 3222 1269 3283 erueret
1314 3224 1586 3302 pontum
1635 3219 1972 3301 ventisque
2017 3218 2321 3303 fretisque

631 3324 928 3388 omnibus
974 3325 1263 3388 invisum
1311 3325 1444 3387 iam
1493 3329 1647 3386 tunc
1695 3325 2066 3406 sequeretur
2110 3322 2393 3388 Ulixem.

351 3427 623 3514 Insuper
686 3429 961 3494 conferri
1020 3434 1234 3514 potest
1295 3451 1393 3494 vs.
1444 3427 1612 3493 233:
1660 3427 2010 3513 celerisque
2057 3449 2350 3513 recursus
2397 3451 2742 3497 securus

350 3533 645 3620 pelagi
692 3532 932 3600 Chiron
978 3539 1167 3599 rotat.

444 3637 583 3704 Iam
623 3639 699 3705 de
741 3642 1120 3704 coniecturis
1161 3661 1317 3724 quas
1354 3642 1417 3704 in
1458 3645 1770 3725 apparatu
1809 3639 2012 3705 editor
2034 3643 2366 3725 proposuit
2386 3641 2740 3708 videamus.

350 3744 429 3810 In
490 3745 726 3828 quibus
791 3765 1182 3830 quamquam
1244 3744 1585 3811 nonnullae
1645 3747 1912 3810 minime
1975 3746 2360 3830 spernendae
2418 3747 2742 3825 videntur,

350 3849 528 3914 haud
587 3848 775 3914 facile
840 3853 1141 3934 cuiquam
1190 3871 1340 3915 eum
1389 3871 1847 3936 persuasurum
1889 3855 2083 3934 put-0,
2132 3871 2226 3915 vs.
2282 3849 2406 3917 171
2457 3873 2571 3935 pro
2603 3855 2742 3936 fido

352 3953 704 4040 legendum
746 3975 916 4020 esse:
968 3955 1171 4042 bzfldo.
1211 3955 1481 4020 Addidit
1525 3954 1635 4020 ille
1675 3954 1973 4040 quidem:
2022 3955 2066 4021 i.
2095 3977 2142 4020 e.
2184 3955 2252 4019 in
2289 3956 2500 4020 limine
2535 3957 2741 4035 antri,

354 4060 500 4138 sed,
575 4060 797 4137 cred0‚
859 4061 1187 4146 epitheton
1258 4061 1334 4126 de
1406 4059 1713 4128 Centauri
1779 4059 2048 4146 ungulis
2116 4064 2354 4126 rectius
2426 4061 2744 4128 diceretur

352 4185 548 4250 quam
611 4165 687 4230 de
732 4163 959 4230 limine
1000 4165 1286 4252 quolibet
1335 4169 1471 4232 sive
1518 4169 1687 4230 antri
1734 4187 1847 4230 seu
1896 4164 2142 4230 domus.
2192 4163 2338 4252 Ipso
2386 4187 2501 4232 suo
2547 4170 2741 4232 inter-

349 4275 750 4356 pretamento
789 4273 892 4336 vir
932 4270 1156 4336 doctus
1195 4272 1361 4336 mihi
1402 4271 1662 4357 quidem
1703 4278 1952 4337 metum
1989 4273 2212 4336 iniecit
2247 4294 2327 4336 ne
2357 4272 2536 4338 locus
2573 4273 2742 4339 male

346 4374 715 4441 intellectus
784 4378 923 4442 eius
993 4379 1389 4442 coniecturae
1460 4383 1627 4442 esset
1689 4379 1912 4463 origo:
1990 4379 2122 4442 iam
2186 4379 2417 4456 timeo,
2485 4400 2562 4444 ne
2603 4381 2741 4463 fido

350 4480 648 4546 dativum
711 4501 847 4546 esse
909 4481 1165 4547 duxerit
1229 4482 1309 4547 ad
1370 4482 1502 4546 visa
1564 4489 1649 4545 est
1704 4483 2130 4567 pertinentem
2179 4501 2327 4567 pro:
2373 4506 2412 4546 a
2440 4485 2580 4566 fido
2627 4490 2742 4566 (sc.
