3392 5384
651 403 782 470 154
1656 353 2031 462 PnA'roch.

645 585 697 650 οἱ
760 581 1036 662 ἡμέτεροι
1100 578 1361 658 ἀδελφοὶ
1429 579 1489 644 οἱ
1556 578 1632 642 ἐν
1678 575 1943 643 ’Λιδον
1992 577 2252 657 νόμοι,
2303 578 2413 645 sed
2463 581 2862 664 postremum
2909 579 3036 644 hoc

641 689 1053 774 Hirschigius
1099 688 1234 752 iam
1280 684 1552 752 viderat.

732 921 893 986 Ibid.
960 919 1152 984 51B:
1224 921 1471 997 μᾶλλον
1545 919 1832 984 θωπεύειν
1899 916 1996 982 δεῖ
2059 918 2333 998 πατρίδα
2402 919 2918 998 χαλεπαίνουσαν
2991 921 3028 996 ἢ

643 1025 995 1104 πατέρα·
1062 1027 1167 1090 hic
1216 1028 1472 1091 etiamsi
1520 1026 1699 1091 brevi
1747 1029 1892 1111 post
1937 1031 2275 1109 sequatur:
2326 1025 2656 1106 βιάζεσθαι
2705 1029 2823 1106 οὐχ
2871 1023 3033 1091 ὅσιον

644 1132 781 1199 οὔτε
829 1133 1067 1211 μήτέρα
1116 1129 1254 1196 οὔτε
1302 1130 1583 1210 πατέρα,
1632 1130 1794 1195 πολὺ
1843 1130 1906 1194 δὲ
1953 1126 2181 1195 τούτων
2231 1129 2320 1194 ἔτι
2364 1129 2542 1207 ἧττον
2581 1135 2690 1206 τὴν
2731 1131 3028 1211 πατρίδα,

640 1240 1059 1304 temerarium
1105 1236 1369 1302 fortasse
1415 1235 1582 1301 foret
1625 1234 2041 1320 interpolare:
2091 1234 2124 1310 ἢ
2167 1236 2410 1312 πατέρα
2453 1236 2618 1316 (καὶ
2661 1235 3030 1316 μητέρα),

642 1346 768 1409 nisi
828 1343 947 1408 hoc
1008 1345 1226 1427 ipsum
1289 1346 1538 1407 extaret
1594 1341 1764 1426 apud
1811 1340 2158 1407 Stobaeum
2204 1339 2375 1407 Flor.
2424 1341 2713 1406 XXXIX
2755 1341 2864 1420 23,
2916 1345 3031 1427 qui

644 1455 847 1515 totam
897 1450 1238 1534 pericopen
1283 1447 1636 1532 descripsit.

735 1681 896 1746 Ibid.
957 1679 1152 1746 53D:
1215 1678 1352 1751 ἴσως
1417 1678 1493 1744 ἂν
1555 1677 1736 1754 ἡδέως
1800 1702 1907 1743 σου
1965 1678 2236 1744 ἀκούοιεν
2267 1680 2361 1750 ,ὥς
2408 1681 2754 1756 γελοίως
2805 1681 2871 1744 ἐκ
2920 1685 3030 1746 τοῦ

648 1786 1052 1864 δεσμωτηρίου
1115 1785 1557 1862 &melanem
1616 1786 1836 1858 σκευήν
1901 1781 1970 1847 τέ
2036 1807 2172 1847 τινα
2221 1784 2604 1863 περιθέμενος
2655 1784 2688 1860 ἢ
2739 1783 3031 1864 διφθέραν

648 1891 885 1968 λαβών.
952 1892 1200 1976 Nempe
1265 1891 1611 1968 γελοίως
1672 1893 1770 1954 est
1833 1888 2093 1954 lectoris
2156 1889 2521 1968 adnotatio,
2596 1893 2701 1955 cui
2762 1889 3033 1956 ridicula

646 1999 868 2081 imago
917 1995 1258 2088 videbatur
1305 1993 1581 2060 Socratis
1626 1994 1746 2058 sub
1791 1992 2084 2058 indecora
2133 1993 2297 2079 pelle
2341 1993 2679 2061 latitantis.
2762 2021 2766 2028 ’

739 2228 899 2295 Ibid.
967 2226 1160 2292 5313:
1231 2226 1650 2307 εὐωχούμενος
1714 2227 1772 2290 ἒν
1836 2228 2304 2309 Θετταλίᾳ,
2361 2223 2559 2304 ὥσπερ
2627 2227 2725 2291 ἐπὶ
2789 2227 3030 2293 δεῖπνον

647 2335 1121 2410 ὦποδεδημηκὼς
1185 2335 1272 2405 εἷς
1322 2333 1704 2397 Θετταλίαν.
1769 2331 1948 2397 Idem
1995 2330 2380 2398 vocabulum
2428 2351 2657 2417 parum
2702 2331 3033 2419 eleganter

655 2442 1003 2527 repetitur:
1069 2440 1378 2504 scribam:
1452 2439 1510 2502 ἐν
1572 2438 1822 2519 θαλίᾳ
1883 2437 1988 2503 vel
2061 2437 2325 2503 fortasse
2401 2440 2458 2500 ἐν
2530 2438 2812 2514 θαλίαις,
2879 2437 3029 2505 coll.

649 2547 806 2631 Rep.
872 2545 968 2610 IX
1031 2542 1274 2610 573D:
1348 2543 1545 2622 ἑορταὶ
1617 2543 1941 2620 γίγνονται
2009 2543 2156 2622 παρ’
2221 2543 2432 2615 αὐτοῖς
2496 2543 2596 2606 καὶ
2663 2550 2850 2619 κῶμοι
2919 2546 3024 2608 καὶ

653 2652 864 2717 θαλίαι
916 2650 1018 2714 καὶ
1071 2649 1307 2728 ἑταῖραι
1359 2648 1460 2712 καὶ
1512 2649 1594 2711 τὰ
1636 2653 1897 2711 τοιαῦτα
1941 2649 2177 2712 πάντα.
2219 2645 2521 2714 Ceterum
2560 2648 3030 2715 concedendum

647 2763 741 2822 est
780 2755 1115 2821 Platonem
1153 2761 1228 2818 ut
1267 2753 1627 2839 plurimum
1657 2754 1846 2827 θοίνην
1879 2751 2230 2837 appellare,
2270 2754 2538 2820 Phaedr.
2567 2753 2766 2820 236E
2805 2753 2936 2822 247
2951 2755 3028 2834 Β,

648 2862 877 2949 Symp.
946 2858 1160 2937 1740,
1224 2859 1483 2924 Theaet.
1539 2858 1668 2924 178
1686 2858 1764 2934 D,
1822 2857 2102 2943 Sophist.
2154 2858 2357 2923 251ss
2405 2867 2717 2945 eruntque
2763 2860 3032 2926 fortasse

649 2970 760 3053 qui
820 2968 941 3032 hoc
988 2968 1204 3052 ipsum
1251 2965 1630 3050 praeferant.
1676 2964 2024 3046 Schanzius
2073 2969 2295 3029 autem
2341 2970 2406 3030 et
2451 2964 2565 3031 alii
2612 2971 2754 3050 post
2796 2964 3032 3032 Schan-

644 3074 819 3136 zium
884 3071 941 3134 ε’ν
995 3071 1323 3153 Θετταλίᾳ
1369 3091 1402 3134 e
1452 3075 1637 3134 textu
1683 3067 2120 3133 eliminarunt.

1564 3336 1653 3382 AD
1695 3333 2108 3382 PHAEDONRM.

734 3521 1053 3597 P.'5'7A:
1119 3528 1299 3604 ἡδέως
1363 3529 1489 3608 γὰρ
1554 3528 1629 3594 ἂν
1692 3527 1813 3605 ἐγὼ
1864 3528 2200 3605 ἀκούσαιμι
2247 3527 2352 3594 καὶ
2403 3530 2530 3608 γὰρ
2579 3529 2718 3596 οὔτε
2763 3537 2879 3596 τῶν
2924 3555 3030 3597 πο-

644 3643 827 3703 λιτῶν
907 3636 1212 3701 Φλιασίων
1282 3634 1476 3706 οὐδεὶς
1548 3634 1714 3705 πάνυ
1783 3658 1840 3697 τι
1915 3632 2306 3716 ἐπιχωριάζει
2376 3636 2460 3700 τὰ
2531 3641 2632 3700 νῦν
2704 3636 3026 3718 Ἀθήναζε.

647 3743 954 3809 Omnium
1002 3744 1285 3827 primum
1332 3740 1677 3826 supplebo:
1733 3739 1916 3815 ἡδέως
1964 3740 2089 3818 γὰρ
2139 3737 2214 3804 ἂν
2264 3739 2384 3817 ἐγώ
2432 3746 2622 3822 (σου)
2663 3742 3026 3823 ἀκούσαιμι,

643 3850 751 3915 sed
796 3851 1017 3934 gravis
1066 3850 1272 3914 oritur
1318 3847 1635 3912 dubitatio
1685 3831 1851 3911 circa
1902 3845 2335 3912 Phliasiorum
2383 3850 2715 3933 proprium
2759 3871 3026 3928 nomen,

642 3954 811 4040 quod
855 3959 998 4038 post
1044 3952 1454 4018 Schaeferum
1499 3952 1760 4017 fuerunt
1799 3954 1909 4035 qui
1949 3951 2156 4031 delere
2197 3951 2469 4030 vellent,
2512 3973 2714 4038 quum
2756 3954 3029 4021 Wolfius

640 4062 875 4125 inserto
937 4057 1205 4124 articulo
1265 4056 1495 4123 mallet
1556 4062 1670 4120 τῶν
1729 4058 1991 4123 πολιτῶν
2055 4064 2225 4138 (τῶν)
2291 4059 2616 4123 Φλιασίων.
2679 4059 2780 4123 Ad
2838 4059 3026 4126 illam
3117 4100 3127 4110 ·

639 4168 955 4231 rationem
1018 4166 1225 4248 magis
1271 4162 1540 4228 inclinat
1586 4164 1840 4227 animus
1887 4183 2003 4227 nec
2049 4163 2215 4227 mihi
2261 4166 2404 4247 quis
2452 4165 2705 4229 obiiciat
2752 4164 3025 4231 sciolum

637 4274 797 4336 scire
867 4291 993 4334 non
1063 4271 1349 4354 potuisse
1411 4271 1588 4333 cuias
1651 4271 1817 4332 esset
1878 4267 2289 4345 Echecrates,
2355 4289 2507 4333 nam
2569 4270 3028 4337 verosimiliter

637 4376 907 4442 habebat
966 4375 1217 4440 aditum
1281 4374 1359 4438 ad
1420 4373 1625 4437 fontes
1688 4371 1876 4437 hodie
1923 4373 2107 4438 nobis
2153 4373 2514 4458 praeclusos
2532 4394 2548 4451 ;
2599 4377 2753 4458 quin
2799 4380 2865 4440 et
2907 4397 3024 4443 nos

639 4481 896 4548 aliunde
934 4492 1336 4566 compertum
1375 4477 1686 4545 habemus
1729 4499 1888 4563 quae
1926 4479 2293 4545 Echecratis
2316 4483 2525 4565 patria
2547 4480 2762 4560 fuerit,
2791 4501 3020 4567 nempe
