3392 5384
1365 430 1741 477 mmm.
2651 416 2735 480 61

359 595 738 681 plerumque
799 592 1203 658 aedituorum
1265 597 1325 656 et
1390 592 1789 657 sacerdotum
1836 592 2259 658 tabernaculis
2279 641 2294 670 ,
2344 594 2463 659 sub
2508 594 2739 659 iisdem

360 703 546 766 vittis
593 707 658 765 et
696 699 983 783 apicibus
1021 703 1083 762 et
1124 699 1427 781 purpuris
1467 699 1655 762 thure
1694 696 2005 782 flagrante
2043 697 2381 764 libidinem
2421 702 2737 785 expungi:

357 808 566 871 nescio
604 804 752 889 plus
790 825 869 868 ne
908 803 984 867 de
1021 803 1202 868 vobis
1241 802 1332 866 dii
1371 805 1569 867 vestri
1611 824 1806 887 quam
1848 802 1924 867 de
1963 798 2346 869 Christianis
2370 812 2739 889 querantur.

359 908 546 978 Certe
591 908 889 994 sacrilegi
936 908 1012 972 de
1059 910 1289 972 vestris
1336 929 1584 992 semper
1631 908 2194 992 apprehenduntur
2239 932 2291 975 e.
2319 932 2377 995 q.
2408 932 2456 974 s.

448 1122 518 1192 G.
561 1124 668 1189 26.
698 1123 760 1189 8.
805 1123 925 1187 Isti
962 1122 1153 1202 iqitur
1189 1121 1462 1203 spiritus,
1491 1128 1879 1205 posteaquam
1902 1122 2345 1204 simplicitatem
2368 1124 2741 1187 substantiae

351 1253 497 1295 suae
557 1230 755 1294 onusti
817 1236 874 1293 et
931 1229 1175 1319 inmersi
1234 1228 1405 1291 vitiis
1441 1228 1867 1309 perdiderunt,
1917 1229 2000 1290 acl
2044 1228 2333 1291 solacium
2379 1230 2743 1294 calamitatis

350 1359 495 1399 suae
552 1357 671 1399 uon
732 1334 1014 1397 desinunt
1062 1332 1302 1415 perditi
1349 1333 1470 1395 iam
1505 1334 1768 1414 perdere
1815 1338 1873 1396 et
1916 1334 2235 1414 depravati
2281 1354 2559 1399 errorem
2609 1356 2743 1419 pra-

353 1443 574 1506 vitatis
634 1438 966 1504 infundere
1026 1446 1083 1501 et
1129 1437 1386 1501 alienati
1433 1460 1472 1499 a
1522 1440 1630 1500 deo
1677 1437 1943 1501 inductis
1976 1437 2195 1519 pravis
2237 1439 2623 1519 reliyiouibus
2669 1442 2742 1503 ab

357 1569 420 1609 eo
465 1566 796 1627 seqreyare.

448 1649 825 1736 Legendum
865 1668 1119 1713 censeo:
1162 1646 1542 1713 ardorem
1569 1647 1930 1729 pravitatis,
1970 1646 2048 1711 cl.
2090 1650 2285 1713 huius
2324 1652 2551 1735 capitis
2582 1650 2738 1715 fine:

360 1756 558 1835 „dicit
602 1755 937 1819 informari
983 1761 1047 1819 et
1093 1751 1292 1817 inlabi
1340 1754 1702 1837 pectoribus
1743 1754 2043 1817 humanis
2083 1760 2147 1817 et
2184 1774 2441 1819 sensum
2482 1777 2741 1820 movere

356 1866 423 1927 et
483 1860 770 1925 adfectus
831 1858 1070 1945 fingere
1118 1865 1183 1923 et
1229 1858 1607 1923 ardorem
1656 1858 2176 1942 cupiditatis
2220 1860 2739 1926 infundere''.

449 2072 521 2141 O.
571 2074 676 2138 30.
706 2072 766 2138 4.
833 2071 1049 2135 Tauris
1095 2071 1272 2135 etiam
1318 2071 1586 2134 Ponticis
1633 2078 1690 2135 et
1733 2072 2025 2155 Aegyptio
2073 2072 2359 2136 Busiridi
2404 2072 2562 2137 ritus
2606 2074 2743 2155 fuit

357 2180 616 2262 hospites
673 2179 978 2242 immolare
995 2226 1010 2255 ,
1077 2184 1142 2242 et
1201 2178 1527 2241 Mercurio
1590 2174 1814 2241 Gallos
1873 2179 2163 2241 humanas
2224 2177 2321 2240 vel
2386 2178 2744 2241 inhumanas

356 2285 625 2349 victimas
668 2287 928 2361 caedere,
977 2283 1266 2347 Romanis
1317 2284 1604 2346 Graecum
1652 2289 1711 2345 et
1759 2284 2059 2359 Graecam,
2115 2283 2357 2347 Gallum
2396 2289 2454 2346 et
2498 2284 2740 2346 Gallam

358 2389 650 2455 sacrificii
695 2392 989 2454 viventes
1040 2389 1300 2451 obruere.

445 2494 520 2559 In
579 2494 849 2559 lectione
911 2492 1245 2557 manifeste
1308 2496 1607 2575 corrupta
1670 2497 1729 2554 et
1788 2491 1881 2555 M.
1938 2491 2148 2555 Gallos
2210 2491 2561 2558 editoribus
2609 2492 2739 2557 fere

352 2599 597 2685 placuit
639 2598 1014 2683 Wopkensii
1053 2596 1410 2662 emendatio
1455 2595 1689 2674 Gallis;
1733 2596 2080 2661 Heumann
2120 2618 2285 2661 unus
2323 2601 2498 2664 viam
2544 2598 2740 2663 aliam

346 2708 676 2791 ingressus
737 2710 880 2789 post
951 2703 1159 2767 Gallos
1216 2702 1626 2766 inserendum
1690 2704 1949 2785 putavit
2012 2709 2261 2768 constat.
2326 2706 2415 2767 At
2467 2725 2619 2770 vero
2673 2706 2738 2768 et

352 2812 700 2877 verborum
761 2809 914 2874 ordo
978 2810 1040 2873 et
1100 2806 1415 2892 particula
1475 2813 1550 2883 et,
1617 2828 1780 2891 quae
1826 2814 2045 2872 contra
2094 2808 2371 2873 Minucii
2420 2807 2736 2873 scribendi

354 2937 549 2982 usum
607 2921 752 2981 ante
813 2914 1120 2977 Mercurio
1180 2912 1444 2998 legitur,
1511 2914 1573 2976 et
1620 2914 2027 2977 accusativus
2083 2914 2323 2991 Gallos,
2373 2935 2564 2998 quem
2611 2935 2735 2977 non

354 3029 592 3087 temere
653 3042 688 3085 e
751 3020 968 3085 dativo
1031 3022 1406 3102 corruptum
1471 3038 1602 3113 esse
1665 3019 1959 3094 arbitror,
2011 3054 2096 3066 —
2144 3019 2300 3083 haec
2358 3022 2572 3083 omnia
2631 3040 2736 3083 me

351 3127 676 3192 adducunt
722 3132 798 3191 ut
839 3124 1053 3189 locum
1101 3123 1386 3187 nondum
1433 3125 1812 3187 restitutum
1859 3144 1995 3187 esse
2040 3123 2328 3200 credam,
2368 3124 2735 3187 Minucium

352 3253 506 3297 vero
544 3233 900 3315 scripsisse:
951 3228 1167 3292 Tauris
1209 3276 1222 3291 .
1253 3275 1266 3292 .
1298 3274 1313 3293 .
1355 3227 1674 3305 immolare,
1720 3227 1933 3312 apud
1973 3225 2269 3293 Gallos
2308 3228 2734 3293 Mercurio

352 3338 642 3401 humanas
701 3359 754 3401 e.
783 3357 841 3420 q.
869 3356 918 3400 s,
987 3333 1084 3402 Of.
1148 3333 1319 3399 Tert.
1383 3332 1568 3417 Apol.
1634 3332 1710 3396 9:
1780 3334 2033 3409 „Maior
2079 3340 2251 3399 aetas
2299 3335 2468 3418 apud
2515 3331 2735 3398 Gallos

351 3444 677 3508 Mercurio
722 3440 1154 3527 prosecatur.’'
1203 3439 1395 3523 Apud
1441 3444 1733 3502 nostrum
1778 3441 2163 3503 constructio
2209 3442 2349 3524 pari
2393 3439 2583 3505 modo
2629 3460 2738 3505 va-

351 3552 558 3613 riatur
618 3544 688 3614 G.
756 3545 862 3611 31.
894 3545 968 3611 3:
1036 3547 1180 3623 „ius
1245 3552 1342 3609 est
1388 3544 1558 3628 apud
1606 3544 1832 3609 Persas
1880 3548 2133 3610 misceri
2182 3566 2330 3610 cum
2379 3546 2731 3623 matribus,

353 3653 696 3738 Aegyptiis
743 3658 808 3717 et
854 3651 1353 3715 Atheniensibus
1400 3670 1550 3714 cum
1599 3651 1923 3714 sororibus
1969 3649 2267 3736 legitima
2316 3650 2649 3715 conubia.''

443 3757 626 3821 Alter
663 3755 858 3821 docus
921 3756 1125 3840 vulgo
1188 3757 1283 3818 ita
1345 3754 1559 3818 editur
1618 3760 1694 3819 ut
1742 3776 1855 3838 pro
1903 3755 2196 3838 sacrificii
2244 3777 2392 3820 cum
2444 3756 2733 3820 Wowero

346 3860 649 3947 sacrificio
698 3860 803 3925 vel
846 3882 995 3926 cum
1043 3859 1330 3924 Vonckio
1377 3864 1440 3922 et
1491 3857 1874 3942 Wopkensio
1915 3859 1981 3922 iu
2020 3861 2342 3942 sacrificiis
2382 3864 2735 3924 correctum

349 3968 453 4031 sit.
503 3966 674 4030 Mihi
714 3970 961 4031 constat
1001 3972 1142 4049 post
1179 3964 1468 4045 sacrificii
1506 3962 1898 4029 vocabulum
1944 3964 2070 4027 vice
2107 3964 2538 4029 reducendum
2579 3984 2733 4040 esse,

347 4070 519 4155 quod
578 4076 834 4156 propter
892 4068 1387 4133 similitudinem
1447 4066 1815 4131 litterarum
1876 4072 2197 4153 sequentis
2248 4070 2429 4134 verbi
2474 4068 2737 4131 viventes

346 4175 656 4240 excidisse
694 4174 897 4239 credo·
936 4173 1060 4237 Iac.
1090 4170 1491 4238 Gronovium
1529 4172 1690 4235 hanc
1716 4193 1940 4237 vocem
1966 4175 2100 4237 iam
2125 4194 2426 4257 reponere
2453 4171 2733 4238 voluisse

346 4285 568 4365 postea
629 4279 799 4356 vidi,
861 4282 954 4344 ita
1016 4284 1232 4342 tamen
1277 4283 1352 4341 ut
1399 4297 1538 4341 eam
1587 4298 1662 4341 ex
1713 4277 1969 4342 ultimis
2013 4277 2251 4343 litteris
2296 4277 2516 4342 traditi
2556 4298 2737 4343 voca-

347 4384 486 4450 buli
549 4393 832 4461 erueret,
885 4384 1212 4449 scribendo
1259 4386 1497 4468 igitur:
1548 4382 1709 4445 sacri
1753 4383 1912 4460 vice,
1961 4383 2132 4468 quod
2179 4382 2363 4449 valde
2411 4382 2727 4467 displicet.

349 4488 655 4556 Ceterum
700 4492 778 4553 cf.
843 4488 912 4555 O.
965 4489 1070 4553 40.
1099 4488 1174 4553 3:
1225 4488 1540 4589 prolixius
1585 4491 1881 4552 omnium
1926 4496 2221 4553 nostrum
2270 4491 2410 4553 vice
2454 4488 2735 4573 gaudeo·
