3392 5384
1406 422 1719 473 noturus.
2633 405 2758 472 421

467 590 626 656 Ibid.
678 590 762 656 58
836 590 954 656 Dio
1001 590 1182 655 sodes

465 696 562 779 (1)
611 697 815 776 „Dio”
865 699 1326 783 imperativum
1374 703 1506 775 est,
1557 696 1703 763 ideo
1754 698 2139 781 temperavit
2184 699 2486 761 iniuriam
2530 696 2766 762 blandi-

373 809 594 869 mento
648 803 951 883 ‚,sodes”;
1001 809 1098 868 est
1145 808 1363 869 autem
1413 806 1478 868 si
1529 802 1817 879 audes,
1866 809 1939 866 ut
1992 801 2321 880 „scilieet”
2363 805 2583 869 scias
2631 802 2767 892 <li-

371 906 572 996 cet>,
621 931 772 975 nam
822 908 1055 975 delirat
1102 911 1215 995 qui
1261 915 1407 981 σῶος
1461 907 1568 990 ζῇς
1613 910 2075 993 interpretatur
2124 907 2412 987 ,‚sodes'’.

462 1014 532 1079 Si
580 1012 822 1081 Graeca
868 1018 937 1080 in
985 1021 1347 1080 commento
1395 1015 1474 1079 ad
1521 1013 1809 1100 Asprum
1857 1014 2210 1080 revocanda
2256 1019 2441 1093 sunt,
2485 1036 2608 1080 non
2645 1018 2764 1079 im-

370 1124 603 1205 merito
648 1124 716 1185 in
766 1122 884 1187 hoc
930 1126 1150 1209 etymo
1200 1120 1498 1188 delirasse
1547 1121 1801 1187 dieitur.

460 1288 492 1354 Ι
538 1268 666 1353 4.Ῑ
733 1288 1009 1368 Audivi,
1060 1288 1394 1375 ArchyliS,
1443 1292 1576 1354 iam
1625 1288 1908 1354 dudum:
1955 1289 2253 1355 Lesbiam
2302 1289 2531 1355 adduci
2578 1288 2763 1355 iubes

461 1394 558 1475 (3)
603 1393 841 1459 Utrum
889 1395 1152 1472 „audivi
1189 1395 1613 1459 iamdudum’'
1665 1416 1745 1460 an
1786 1395 2209 1473 „iamdudum
2248 1396 2473 1461 iubes’'
2521 1398 2763 1460 incerta.

370 1500 695 1567 distinctio
734 1508 848 1566 est.
990 1502 1088 1586 (4)
1134 1501 1218 1566 Et
1260 1507 1412 1565 sunt
1452 1504 1563 1586 qui
1607 1501 2075 1579 „iamdudum”
2121 1523 2355 1587 quam
2398 1504 2760 1586 primum

368 1606 790 1691 intellegunt,
838 1612 912 1671 ut
963 1608 1380 1686 „iamdudum
1433 1610 1673 1671 sumite
1722 1608 1998 1691 poenas'’
2049 1611 2231 1689 (Aen.
2280 1607 2344 1671 II
2396 1607 2551 1688 103)
2583 1608 2651 1687 ¹).

460 1711 670 1777 Schol.
731 1713 826 1794 (4)
888 1715 1000 1778 vix
1047 1712 1249 1778 alium
1298 1734 1490 1799 quam
1542 1715 1821 1798 Asprum
1872 1713 2144 1801 Vergilii
2190 1715 2606 1799 interpretem
2656 1713 2759 1778 de-

367 1819 619 1903 signare
675 1826 919 1904 potest,
986 1826 1129 1885 tum
1185 1818 1297 1884 ille
1359 1819 1657 1883 distinxit
1720 1825 1866 1884 ante
1936 1819 2426 1897 ‚‚iamdudum’',
2474 1820 2758 1885 Probum

366 1933 660 2002 secutus,
709 1926 913 2005 unde,
963 1929 1017 1991 si
1067 1925 1473 1991 Wessnerum
1527 1926 1829 1991 audimus
1877 1931 1967 2011 (p.
2010 1926 2093 1991 21
2124 1934 2268 2012 sq.)‚
2318 1926 2759 1991 distinctiones

365 2031 740 2097 redundant.

451 2137 615 2203 Ibid.
664 2135 700 2203 7
765 2139 888 2204 Sed
931 2140 1084 2225 quid
1124 2160 1274 2204 nam
1308 2137 1730 2225 Pamphilum
1770 2142 2215 2203 exanimatum
2253 2137 2481 2204 video?
2522 2138 2759 2204 Vereor

370 2244 524 2328 quid
572 2246 695 2309 siet
1496 2292 1502 2297 -

455 2348 550 2429 (2)
602 2348 853 2428 „Quid”
907 2351 985 2414 ob
1035 2350 1222 2433 quid,
1265 2356 1528 2435 propter
1567 2348 1722 2433 quid
1762 2351 1847 2412 sit
1887 2351 2314 2414 exanimatus.
2361 2386 2445 2398 —
2486 2349 2584 2433 (3)
2623 2351 2757 2415 Aut

369 2452 558 2518 aliter
623 2454 818 2537 „quid
882 2437 1008 2519 sit''
1075 2455 1142 2519 id
1204 2460 1299 2519 est
1361 2454 1515 2539 quid
1577 2458 1663 2519 sit
1709 2456 1976 2539 negotii.
2028 2492 2113 2504 —
2166 2454 2263 2536 (4)
2312 2454 2437 2522 Sed
2487 2456 2752 2541 quidam

368 2565 600 2644 putant
651 2558 890 2643 „quid”
941 2581 1053 2646 pro
1104 2581 1392 2645 quare,
1443 2567 1517 2625 ut
1569 2560 1766 2646 „quid
1817 2560 2117 2625 veniant'’
2168 2563 2353 2640 (Aen'.
2402 2561 2432 2626 Ι
2483 2562 2660 2644 518).

366 2664 460 2747 (5)
510 2667 642 2730 Aut
691 2665 868 2731 deest
916 2667 1284 2751 ‚,propter'',
1334 2674 1409 2732 ut
1457 2669 1542 2731 sit
1593 2663 1954 2754 (propter)
2007 2667 2181 2751 quid.

452 2771 652 2836 Deme
721 2774 1008 2856 ineptam
1065 2771 1627 2857 interpolationem
1692 2772 2011 2852 Editoris,
2082 2776 2193 2858 qui
2256 2777 2363 2860 agi
2427 2781 2613 2860 putat
2675 2776 2751 2842 de

361 2876 559 2942 altero
624 2876 864 2963 „quid”
931 2876 1027 2957 (3)
1089 2883 1154 2942 et
1201 2878 1716 2943 additamentum
1763 2878 1879 2959 (5),
1929 2879 2095 2965 quod
2142 2881 2209 2943 in
2257 2879 2537 2947 Editoris
2585 2903 2751 2947 mar-

361 2985 511 3067 gine
559 2986 895 3067 scripserat
942 2986 1252 3069 magister
1296 2984 1575 3049 referens
1621 2983 1783 3048 Don.
1835 2983 2030 3050 schol.
2071 2984 2188 3066 (2),
2232 2986 2525 3072 quodque
2566 2984 2751 3053 Gom-

362 3088 595 3173 pilator
653 3091 722 3153 in
784 3094 1156 3155 contextum
1203 3092 1464 3172 recepit.
1535 3087 1747 3154 Schol.
1798 3092 1895 3170 (4)
1944 3090 2153 3155 denuo
2203 3091 2280 3155 ad
2327 3093 2608 3177 Asprum
2658 3115 2751 3159 re-

361 3194 513 3260 ferri
562 3200 794 3279 potest.
2544 3183 2554 3199 ⁸

451 3361 482 3425 I
530 3361 591 3427 5.
621 3363 704 3427 65
778 3362 1060 3428 Verbum
1108 3383 1312 3426 unum
1361 3382 1514 3426 cave
1561 3361 1638 3426 de
1681 3363 1930 3446 nuptiis

451 3467 546 3548 (3)
596 3467 922 3533 Adnotant
969 3468 1231 3553 quidam
1282 3467 1521 3545 „eave”
1572 3467 1678 3531 hio
1726 3467 2198 3551 corripiendum
2248 3488 2404 3532 esse.

453 3572 618 3641 Cum
682 3576 993 3638 nimirum
1057 3575 1251 3638 etiam
1300 3572 1466 3638 Don.
1514 3574 1604 3637 sic
1651 3574 2013 3659 putaverit,
2065 3574 2182 3638 boo
2230 3576 2529 3659 magistri
2577 3575 2750 3640 scho-

362 3679 529 3746 lium
577 3701 711 3745 esse
759 3683 1066 3766 suspicor.

451 3785 610 3851 Ibid.
661 3786 748 3851 28
773 3784 868 3866 (3)
918 3784 1262 3869 „Plerique
1311 3806 1531 3851 omnes
1578 3783 1871 3850 faciunt''
1920 3786 2277 3865 ἀρχαισμὸς
2322 3791 2452 3865 est,
2486 3824 2568 3835 —-
2596 3808 2747 3853 nam

360 3900 528 3957 errat
575 3894 686 3977 qui
731 3890 1020 3977 plerique
1069 3891 1368 3969 παρέλκειν
1417 3890 1747 3977 intellegit
1792 3891 1906 3972 (sic
1950 3892 2109 3956 Don.
2160 3892 2226 3955 in
2274 3891 2431 3971 (1)),
2482 3899 2596 3957 aut
2637 3896 2749 3979 qui

361 3998 826 4084 subdistinguit
888 3997 1263 4083 „plerique”
1328 4003 1392 4063 et
1455 4000 1544 4063 sio
1607 3997 1801 4062 infert
1850 3997 2193 4077 „omnes”;
2245 3999 2363 4063 boo
2410 4001 2580 4063 enim
2629 4021 2746 4086 pro

361 4124 486 4168 una
547 4109 724 4188 parte
785 4106 1084 4169 orationis
1148 4103 1450 4168 dixerunt
1504 4110 1751 4168 veteres
1798 4102 2019 4167 eodem
2069 4104 2295 4181 modo,
2346 4126 2470 4188 quo
2520 4102 2746 4170 Graeci

361 4210 810 4289 „rotumam”
858 4217 924 4276 et
970 4210 1185 4275 Latini
1237 4208 1425 4294 „plus
1473 4208 1695 4273 satis”.
1742 4245 1825 4255 -
1866 4209 2152 4273 Naevius
2190 4212 2259 4273 in
2299 4208 2462 4274 bello
2502 4211 2745 4276 Punico

361 4317 690 4401 „plerique
738 4338 958 4382 omnes
1005 4317 1399 4402 subiguntur
1449 4316 1568 4380 sub
1619 4336 1825 4380 unum
1868 4315 2251 4379 iudicium'’.

429 4547 475 4609 1)
524 4546 780 4596 Servius
814 4561 839 4593 e
880 4547 997 4595 Don.
1033 4559 1205 4594 comm.
1246 4544 1386 4608 Verg.
1423 4545 1482 4593 ad
1517 4544 1570 4595 h.
1604 4544 1639 4594 l.
1684 4541 2033 4594 ‚Iamdudnm’'
2069 4544 2211 4594 modo
2250 4559 2424 4609 quam
2462 4544 2747 4610 primum.
