3392 5384
636 418 765 486 356
1087 431 1091 437 '
1415 436 1512 485 ,99
1561 437 1880 487 9911119919
1926 436 2241 485 muruco„

634 604 711 669 de
773 590 1051 667 Pirithoi
1114 602 1372 667 tandem
1436 610 1859 689 argumentO,
1908 605 2327 689 sagacitatem
2374 604 2687 679 auctoris,
2738 607 3032 665 constan-

630 710 831 786 tiam,
894 706 1243 773 sollertiam
1306 729 1430 772 non
1488 711 1672 793 potui
1719 710 1873 793 quin
1922 711 2208 787 mirarer,
2260 712 2325 772 et
2372 746 2458 757 —
2505 713 2581 771 ut
2629 706 2703 770 fit
2753 743 2838 754 —
2885 710 3034 769 tum

629 815 763 880 fere
831 816 1114 879 maxime
1186 814 1566 892 admirabar,
1639 835 1787 880 cum
1858 814 2229 900 persuaderi
2298 813 2471 889 mihi
2530 834 2654 877 999
2718 812 3028 881 sinebam.

579 954 588 961 ·
631 921 1014 989 Crescebant
1059 926 1346 1007 tempore
1396 914 1594 985 dubia
1638 942 1783 986 mea
1832 928 1896 987 et
1941 943 2092 987 cum
2140 941 2301 985 anno
2354 918 2531 985 1888
2574 954 2660 967 —-
2700 916 3033 983 volumine

631 1029 933 1115 spissiore
979 1028 1245 1092 fortasse
1294 1047 1489 1111 quam
1537 1026 1701 1093 utile
1750 1028 1911 1105 fuit,
1952 1034 2051 1107 et,
2093 1027 2262 1113 quod
2304 1029 2573 1113 gravius
2610 1030 2783 1104 erat,
2826 1027 3037 1110 patria

633 1154 775 1200 mea
813 1132 1041 1220 lingua
1079 1135 1432 1219 conscripto
1476 1171 1560 1182 —
1602 1134 1986 1199 disserebam
2029 1134 2104 1198 de
2145 1132 2475 1218 Euripidis
2512 1130 2920 1217 philosophia
2958 1149 3032 1193 ac

627 1240 985 1326 theologia,
1037 1237 1348 1305 ·resellere
1419 1239 1903 1306 Wilamowitzii
1970 1240 2204 1325 placita
2276 1239 2352 1305 de
2423 1238 2702 1304 Pirithoi
2770 1246 3031 1302 auctore

628 1352 890 1413 conatus
937 1367 1104 1411 sum.
1155 1346 1453 1423 Frustra3
1507 1349 1746 1412 etenim
1795 1367 1868 1412 99
1916 1368 2076 1431 (11199
2126 1351 2281 1411 tunc
2333 1346 2410 1411 de
2450 1343 2759 1430 Euripide
2801 1344 3029 1427 scripsi

627 1453 720 1535 (id
767 1453 940 1538 quod
985 1474 1109 1518 non
1156 1455 1354 1517 miror
1401 1453 1729 1539 equidem)
1776 1475 2037 1538 prorsus
2084 1452 2419 1518 latuerunt
2464 1473 2572 1518 eos
2620 1452 2733 1537 qui
2774 1446 3029 1535 Belgici

625 1562 938 1625 sermonis
1024 1561 1216 1645 periti
1291 1581 1415 1626 non
1486 1566 1699 1639 91991;
1776 1563 1919 1645 quis
1992 1565 2209 1626 autem
2283 1559 2471 1625 hodie
2539 1560 2607 1622 in
2679 1554 3031 1623 Germania

627 1665 924 1733 Galliave
995 1665 1292 1751 linguam
1337 1665 1559 1731 callet
1629 1664 1949 1731 nostram!
2025 1666 2151 1731 Sed
2213 1666 2545 1750 hucusque
2606 1664 3033 1749 perstiterunt

626 1772 840 1838 dubia.
903 1771 1116 1838 Lectis
1171 1774 1379 1859 igitur
1439 1774 1522 1837 iis
1585 1794 1747 1859 (11199
1810 1764 1978 1837 nunc
2040 1772 2116 1838 de
2182 1772 2472 1837 Pirithoo
2522 1771 2781 1856 scripsit
2826 1767 3029 1833 Wila·

622 1879 1016 1955 mowitzius,
1056 1876 1420 1963 relectoque
1459 1877 1916 1944 Analectorum
1954 1877 2117 1943 libro
2161 1877 2395 1955 altero,
2436 1879 2678 1943 iterum
2714 1876 3031 1961 quaestio-

628 2005 813 2062 nem,
885 2004 1048 2068 quae
1111 1983 1190 2048 ad
1250 1983 1565 2049 iudicium
1634 1984 1709 2050 de
1772 1983 2101 2070 Euripidis
2154 1983 2750 2070 philosophumenis
2797 1983 3033 2048 consti-

629 2090 942 2157 tuendum
991 2089 1163 2154 haud
1211 2092 1472 2155 minimi
1517 2095 1614 2156 est
1662 2091 2046 2168 adiumenti,
2095 2090 2491 2156 tractandam
2538 2089 2703 2154 mihi
2750 2090 2977 2153 sumsi.

720 2196 795 2263 In
840 2196 1182 2262 referendis
1226 2198 1308 2261 iis
1356 2218 1516 2282 quae
1563 2197 1644 2262 ad
1690 2218 1831 2262 rem
1878 2197 2081 2263 facere
2129 2197 2295 2262 mihi
2339 2197 2642 2263 videntur
2688 2194 2766 2260 (19
2819 2192 3030 2261 011119

629 2303 881 2381 1999119,
961 2304 1198 2389 quippe
1257 2304 1441 2368 cuius
1503 2301 1680 2369 labor
1743 2304 2133 2369 dramaticus
2198 2307 2459 2388 excepto
2523 2300 2789 2389 Sisyphi
2849 2300 3029 2385 frag-

630 2415 848 2474 mento
887 2410 980 2474 ita
1020 2410 1280 2494 perierit
1321 2415 1396 2474 ut
1441 2408 1518 2474 de
1565 2430 1638 2475 99
1684 2409 2002 2475 iudicium
2048 2414 2296 2475 certum
2342 2409 2544 2475 facere
2592 2427 3024 2493 nequeamus,

627 2518 836 2601 ipsam
904 2520 1124 2579 autem
1194 2514 1695 2601 disputationem
1757 2538 1886 2581 non
1944 2519 2037 2581 ita
2096 2518 2461 2591 instituam,
2499 2519 2575 2579 ut
2636 2519 3025 2600 argumenta

632 2620 1112 2686 Wilamowitzii
1173 2620 1431 2708 singula
1477 2622 1769 2709 deinceps
1816 2621 2242 2708 oppugnanda
2288 2642 2660 2706 proponam.
2707 2618 3025 2685 Taedium

630 2727 809 2793 affert
859 2749 987 2793 non
1036 2732 1289 2792 tantum
1335 2727 1686 2794 lectoribus
1734 2728 1844 2793 sed
1890 2730 2181 2813 scriptori
2230 2749 2478 2813 quoque
2526 2726 2844 2793 eiusmodi
2890 2710 3023 2791 cer*-

631 2833 809 2898 tandi
845 2835 1073 2912 19119,
1139 2839 1202 2897 91
1264 2855 1429 2899 nunc
1490 2834 1752 2919 quidem
1815 2857 1888 2900 eo
1936 2838 2153 2900 minus
2200 2834 2429 2919 placet,
2479 2856 2628 2899 cum
2678 2832 3023 2899 dicendum

631 2940 716 3004 sit
779 2943 999 3003 contra
1062 2942 1444 3004 sententiam
1508 2942 1669 3018 viri,
1735 2943 1919 3006 cuius
1977 2942 2316 3027 ingenium
2363 2942 2431 3005 in
2478 2943 2697 3025 paucis
2748 2939 3022 3027 diligam

630 3042 986 3127 colamque.
1035 3044 1167 3110 Nec
1215 3066 1365 3110 vero
1411 3066 1663 3112 necesse
1712 3049 1834 3111 erit
1880 3048 2180 3111 continuo
2227 3067 2486 3112 monere
2524 3045 2859 3124 lectorem,
2903 3046 3024 3111 hoc

629 3149 1005 3215 contendere
1063 3149 1633 3217 Wilamowitzium
1713 3157 1777 3217 91
1837 3150 2002 3218 illud
2065 3151 2396 3238 perhibere
2458 3173 2644 3230 eum,
2718 3154 3023 3237 quoniam

629 3258 871 3321 summi
917 3258 1043 3321 viri
1091 3256 1396 3323 Analecta
1439 3260 1507 3322 in
1556 3261 1852 3324 omnium
1900 3264 2052 3324 sunt
2099 3260 2417 3324 manibus.
2490 3257 2685 3323 Porro
2734 3260 2789 3322 si
2836 3277 3023 3341 saepe
3059 3254 3077 3267 “

629 3385 797 3429 nunc
857 3363 1138 3429 breviter
1197 3366 1513 3430 iteravero
1575 3386 1737 3451 quae
1798 3372 1944 3431 9919
1993 3363 2233 3430 multos
2279 3385 2474 3429 annos
2523 3364 2694 3442 dixi,
2743 3362 2808 3427 id
2856 3363 3026 3426 mihi

625 3472 960 3555 ignoscant
1021 3468 1288 3535 lectores
1303 3490 1320 3548 3
1386 3491 1617 3536 moneo
1665 3471 1730 3535 id
1782 3471 2267 3548 tantummode,
2317 3491 2395 3535 ne
2442 3469 2649 3535 aliena
2696 3491 2811 3557 pro
2860 3470 3023 3533 meis

628 3576 956 3641 venditare
1017 3576 1256 3643 videar.
1340 3576 1752 3663 Saepiuscule
1815 3579 1979 3643 mihi
2041 3579 2318 3663 contigit
2382 3582 2457 3641 ut
2518 3578 2586 3641 in
2650 3597 2794 3641 meo
2854 3574 3021 3641 libro

627 3681 851 3747 eadem
911 3682 1040 3747 fere
1097 3683 1174 3748 de
1222 3683 1548 3770 Euripidis
1594 3684 2004 3770 philosophia
2053 3686 2545 3761 constituerem,
2594 3703 2753 3768 quae
2797 3687 3024 3766 postea

626 3786 705 3853 ab
745 3786 925 3863 aliis,
976 3789 1286 3854 Leontem
1327 3790 1466 3855 dico
1507 3790 1932 3869 Parmentier,
1973 3790 2254 3856 Paulum
2295 3788 2650 3855 Decharme
2676 3787 3021 3852 Emilium-

626 3915 749 3980 que
796 3893 1052 3973 Nestle,
1101 3895 1273 3962 dicta
1322 3901 1493 3962 sunt.

1781 4108 1862 4176 ΙΙ.

714 4319 934 4386 Primo
993 4320 1132 4387 loco
1194 4323 1628 4409 quaerendum
1692 4327 1823 4400 est,
1890 4344 2046 4387 num
2114 4325 2418 4390 constitui
2479 4324 2679 4408 possit
2738 4342 3017 4407 quonam

624 4424 1039 4492 fundamento
1087 4430 1333 4494 nitatur
1381 4431 1595 4514 opinio
1645 4450 1868 4493 eorum
1908 4432 2019 4514 qui
2059 4431 2227 4495 inter
2264 4430 2562 4513 antiquos
2600 4427 3017 4513 Euripideam

623 4552 758 4597 esse
815 4532 1103 4602 fabulam,
1165 4534 1526 4599 Pirithoum
1593 4538 1973 4621 negaverint
2034 4541 2098 4600 91
2155 4536 2418 4621 quinam
2465 4537 2559 4599 ita
2605 4534 3019 4613 censuerint;
