3392 5384
1409 380 1791 432 ruromoa,
2222 463 2239 478 ι
2560 333 2567 339 ’
2660 363 2792 433 167

402 549 558 614 ὀδοῦ.
625 548 950 616 Obscurus
1009 548 1189 618 locus
1245 556 1342 616 est
1363 599 1380 628 ,
1427 552 1621 617 sicuti
1665 547 2135 616 Stallbaumius
2162 571 2432 636 -quoque
2479 553 2791 638 queritur,

399 655 510 720 sed
529 703 546 734 ,
597 662 915 741 quantum
961 656 1127 722 mihi
1173 658 1572 743 comparuit,
1613 658 2003 742 comparatio
2044 655 2232 722 ducta
2272 661 2369 722 est
2408 658 2485 722 ab
2523 659 2638 735 iis,
2679 660 2794 743 qui

391 768 708 827 nocturno
755 767 1076 848 tempore,
1126 783 1276 827 nam
1322 768 1472 827 nota
1516 783 1615 828 res
1661 768 1815 857 est„
1846 761 2001 827 dum
2036 764 2265 827 incerti
2301 783 2414 848 per
2450 762 2790 850 planitiem

392 872 736 954 vagantur,
803 871 1016 935 nescio
1079 869 1401 955 quomodo
1461 866 1662 934 solent
1712 865 1919 934 redire
1965 868 2043 932 ad
2090 870 2307 953 ipsum
2354 868 2570 935 locum
2619 869 2788 936 unde

393 974 667 1060 profecti
726 979 910 1050 sunt;
977 976 1263 1062 Aeginae
1322 975 1429 1040 hic
1478 979 1648 1040 certe
1694 979 2100 1061 praepostera
2146 977 2425 1041 mentio:
2472 974 2638 1041 illud
2684 997 2790 1062 ap-

393 1087 574 1166 paret
632 1078 1140 1146 Stanaumium
1199 1079 1279 1146 ad
1337 1082 1595 1146 facetias
1641 1103 1769 1147 non
1816 1083 2029 1168 magis
2072 1081 2269 1146 fuisse
2318 1086 2543 1147 natum
2591 1103 2787 1167 quam

393 1183 716 1250 camelum
773 1185 852 1250 ad
913 1184 1300 1252 saltandum.
1368 1186 1541 1252 Mihi
1601 1185 2001 1272 praeplacet:
2054 1186 2083 1250 ε’
2103 1212 2131 1250 ν
2180 1186 2252 1252 31
2268 1212 2381 1270 νη,
2430 1208 2579 1253 nam
2626 1190 2783 1253 δῖναι

387 1290 772 1378 plerumque
842 1293 1103 1378 quidem
1173 1299 1324 1358 sunt
1393 1313 1707 1379 aquarum
1770 1295 2047 1359 vortices
2108 1299 2172 1358 et
2234 1296 2397 1359 aeris
2461 1295 2747 1360 turbines
2766 1344 2783 1373 ,

387 1420 502 1464 nec
565 1404 782 1464 tamen
847 1401 1062 1464 minus
1122 1400 1295 1485 apud
1355 1399 1692 1465 Platonem
1746 1402 2008 1493 invenio
2052 1400 2212 1486 Rep.
2264 1401 2328 1464 X
2375 1400 2609 1466 620E:
2662 1403 2789 1466 ἐπι-

389 1507 616 1586 ςροφὺν
668 1508 774 1578 τῆς
828 1509 934 1570 τοῦ
983 1504 1294 1586 οὶτροέκτου
1344 1505 1504 1580 δίνης
1525 1557 1541 1590 ,
1591 1512 1667 1570 ut
1712 1512 2013 1591 appareat
2059 1506 2451 1573 vocabulum
2492 1508 2569 1572 dc
2608 1511 2785 1573 omni

388 1613 881 1676 circumactione
939 1614 1239 1698 usurpari
1298 1632 1502 1698 posse.
1566 1609 1871 1678 Ceterum
1921 1613 2035 1692 ὀψὲ
2082 1613 2215 1679 ὀδοῦ
2261 1614 2460 1679 etiam
2507 1612 2784 1679 Photius

387 1719 708 1784 enotavit:
761 1716 921 1784 olim
965 1739 1094 1784 non
1143 1721 1383 1806 agnovi
1429 1717 1755 1806 glossulae
1803 1721 2143 1806 originem.

473 1934 639 2002 Ibid.
703 1957 767 2021 p.
817 1935 1055 2003 440E:
1123 1936 1300 2002 ἀλλά
1365 1961 1467 2015 μοι
1530 1938 1923 2018 σκοπουμένῳ
1973 1937 2106 2002 καὶ
2156 1936 2519 2018 πράγματα
2568 1936 2777 2020 ἔχοντα

385 2044 542 2109 πολὺ
612 2047 863 2120 μᾶλλον
926 2044 1162 2116 ἐκείνως
1227 2045 1525 2125 φαίνεται
1585 2043 1775 2124 ἔχειν.
1840 2045 2145 2110 Abundat
2206 2044 2471 2131 copula:
2541 2041 2779 2110 dicitur

388 2148 748 2230 πράγματα
785 2146 912 2229 ἔχω
949 2149 1360 2228 σκοπούμενος
1402 2157 1466 2215 et
1504 2150 1757 2216 duobus
1788 2153 2142 2236 participiis
2179 2153 2538 2216 coniunctis
2577 2150 2776 2231 προέγ-

385 2278 570 2333 aava.
617 2252 778 2337 ἔχων
827 2255 1239 2334 σκοπούμενος
1261 2279 1274 2294 ·
1324 2254 1640 2342 particula
1686 2256 1954 2322 debetur
1997 2255 2297 2323 librariis.

1288 2503 1375 2550 An
1421 2502 1877 2550 muniturum.

472 2685 635 2751 Ibid.
691 2683 924 2749 145B:
973 2681 1110 2764 ὅροι
1159 2685 1250 2760 μὴ
1297 2684 1532 2765 παίζων
1586 2684 1825 2762 ἔλεγεν.
1874 2681 2138 2749 Contuli
2185 2706 2247 2769 p.
2295 2683 2535 2749 146D:
2577 2685 2667 2762 μή
2709 2707 2769 2748 τι

383 2791 542 2857 ἄλλο
606 2791 864 2872 Φράζεις
930 2800 995 2857 et
1056 2815 1120 2878 p.
1176 2790 1414 2856 163D:
1465 2794 1554 2869 μὴ
1603 2787 1701 2856 οὖν
1752 2793 1873 2870 ἐγὼ
1919 2798 2077 2871 ληρῶ
2126 2797 2193 2857 et
2239 2812 2472 2876 quaero
2518 2812 2598 2857 an
2644 2812 2770 2857 non

377 2900 736 2964 insiticium
783 2901 871 2964 sit
915 2897 1082 2963 illud
1128 2896 1258 2978 ὅρα.

469 3103 633 3170 Ibid.
687 3102 907 3168 149B.
977 3101 1159 3183 Quod
1209 3101 1486 3189 legitur:
1553 3102 1759 3168 Diana
1806 3100 1901 3167 ἄλ
1920 3126 1948 3166 ο
1961 3125 2103 3182 χος
2150 3099 2301 3168 οὖσοι
2353 3105 2461 3177 τὴν
2510 3104 2768 3184 λοχείαν

377 3208 632 3291 εἴληχε,
681 3211 849 3275 mihi
894 3209 1157 3294 quidem
1203 3208 1471 3274 ridicule
1503 3208 1766 3276 videtur
1807 3209 2087 3287 dictum,
2128 3211 2380 3274 etiamsi
2427 3208 2765 3297 vulgatam

375 3319 762 3403 scripturam
823 3322 1083 3381 tueatur
1141 3313 1379 3381 Pollux
1443 3314 1539 3379 ΙΙΙ
1601 3314 1722 3394 55;
1798 3317 2093 3400 componi
2158 3315 2275 3380 hoc
2340 3320 2554 3400 potest
2616 3337 2766 3381 cum

376 3421 705 3490 vocabulis
784 3423 1020 3509 quibus
1098 3423 1304 3506 inepti
1383 3423 1847 3487 homunciones
1927 3421 2285 3485 inauditam
2364 3421 2766 3507 significandi

375 3534 758 3616 potestatem
817 3529 1222 3606 tribuerunt,
1288 3527 1504 3613 qualia
1565 3534 1718 3593 sunt
1782 3528 1975 3607 ἰσχάς
2036 3549 2152 3614 pro
2199 3550 2422 3591 ancora
2466 3533 2532 3593 et
2576 3527 2764 3609 ἕκτωρ

375 3642 439 3700 et
501 3633 774 3714 ἄκρης-ον
835 3640 903 3700 et
966 3636 1386 3709 ἀπολούμενος
1438 3641 1504 3699 et
1550 3634 1713 3712 alia,
1765 3655 1926 3720 quae
1976 3631 2258 3700 Cobetus
2304 3633 2572 3721 collegit
2618 3640 2765 3722 post

375 3740 744 3809 Orationem
805 3740 1265 3828 Inauguralem
1319 3765 1380 3828 p.
1431 3741 1539 3806 41.
1588 3743 1724 3807 Aut
1771 3740 1959 3807 fallor
2006 3747 2118 3806 aut
2166 3762 2394 3807 verum
2440 3746 2539 3807 est
2586 3743 2765 3820 ἄγο-

374 3873 532 3927 νος,
595 3851 791 3915 sicuti
834 3854 936 3914 est
979 3848 1151 3934 apud
1197 3846 1612 3934 Apollonium
1658 3847 1981 3914 Rhodium
2032 3873 2073 3911 οι
2102 3846 2266 3912 684:
2316 3847 2660 3928 κουρότεραι
2708 3848 2761 3912 δ’

371 3952 577 4033 ἄγονοι
619 3956 874 4032 ςυγερὸν
916 3955 1055 4018 ποτὶ
1096 3960 1294 4032 γῆρας
1336 3951 1562 4027 ἵκησθε.
1607 3952 1981 4020 Consimilis
2022 3951 2387 4038 corruptela
2425 3958 2523 4018 est
2544 3951 2758 4018 Schol.

373 4060 600 4150 Odyss.
664 4061 854 4126 1430:
919 4062 973 4125 οἱ
1038 4061 1223 4141 νεκροὶ
1287 4059 1576 4125 ἄτοκοί
1637 4062 1753 4126 εἱσι
1803 4061 1907 4124 καί
1954 4062 2020 4124 οὐ
2071 4061 2378 4125 τίκτουσι·
2432 4060 2532 4124 διὰ
2580 4065 2759 4124 τοῦτο

373 4167 642 4244 ἐτάξατο
683 4169 892 4238 αὐτοῖς
928 4169 1080 4242 βοῦν
1122 4169 1208 4244 μῆ
1249 4172 1584 4244 γεννῶσαν,
1629 4168 1745 4232 ubi
1791 4166 2019 4232 itidem
2062 4164 2341 4243 ἄγονοι
2382 4165 2755 4250 praeferam.

457 4387 620 4452 Ibid.
675 4386 880 4451 149D
941 4387 1312 4452 obstetrices
1360 4388 1466 4450 ἐὰν
1516 4385 1687 4450 νέον
1722 4384 1811 4456 ,ὃν
1860 4384 2002 4464 δόξῃ
2051 4385 2466 4464 ἄμβλίσκειν,
2516 4385 2757 4463 ἆμβλί-

372 4518 634 4559 σκουσιν.
697 4493 822 4559 Hic
871 4494 948 4559 de
994 4491 1356 4578 corruptela
1403 4514 1624 4558 omnes
1670 4496 2076 4558 consentiunt
2122 4498 2187 4556 et
2232 4490 2579 4558 Schanzius
2623 4491 2755 4558 lon-
