3392 5384
671 370 756 437 56
1677 392 2053 441 mucuns.

775 554 844 622 G.
901 554 1006 620 18.
1035 555 1094 620 4.
1169 557 1337 619 crede
1404 577 1527 619 ecee
1593 556 2007 619 universitatis
2075 556 2369 620 dominum
2418 562 2843 641 parentemque
2900 556 3057 637 ipsis

670 662 970 725 sideribus
1017 668 1074 725 et
1119 662 1302 725 totius
1349 663 1556 726 mundi
1587 663 1871 743 pao-nbi&
1906 662 2329 745 pulchriorem.

758 767 886 832 Pro
947 767 1133 831 totius
1197 770 1478 854 corrigas
1527 767 1727 833 velim
1777 768 1950 845 totis,
2000 768 2168 851 quod
2213 767 2593 832 iamdudum
2641 767 2915 832 editores
2960 789 3056 832 re—

671 875 987 957 posituros
1047 873 1245 937 fuisse
1306 872 1490 937 credo
1553 874 1608 936 si
1668 875 2110 937 meminissent
2172 872 2538 937 Minucium
2599 872 2752 938 alibi
2798 893 3053 957 quoque

671 979 782 1041 toti
844 999 958 1062 pro
1020 1000 1210 1041 omnes
1261 980 1577 1062 posuisse,
1627 977 1799 1062 quod
1846 999 2032 1063 saepe
2080 979 2364 1043 fecerunt
2409 985 2630 1062 poetae
2677 981 3054 1062 posteriores

670 1090 832 1149 teste
894 1082 1116 1148 Servio
1177 1083 1256 1149 ad
1319 1086 1473 1148 Aen.
1537 1084 1587 1148 I.
1646 1082 1797 1147 185.
1867 1083 1965 1149 Of.
2030 1082 2100 1149 G.
2154 1083 2409 1148 21.12:
2477 1091 2803 1160 „ceterum
2857 1085 2913 1147 si
2961 1083 3054 1147 dii
3154 1129 3157 1132 -

670 1210 880 1254 creare
940 1194 1231 1281 possent,
1294 1191 1556 1253 interire
1616 1210 1741 1253 non
1805 1195 2092 1273 possent,
2156 1188 2369 1273 plures
2419 1191 2628 1253 totis
2677 1188 3052 1253 hominibus

670 1295 818 1360 deos
862 1296 1242 1359 haberemus
1258 1294 1321 1374 ,''
1375 1293 1444 1361 O.
1498 1294 1605 1360 28.
1636 1294 1753 1359 12:
1807 1296 2017 1379 „apud
2064 1316 2222 1380 quos
2270 1301 2450 1360 tota
2494 1294 2901 1379 impudicitia
2947 1316 3061 1359 vo-

671 1407 852 1465 catur
899 1400 1296 1465 urbanitas.'’

763 1612 832 1680 G.
901 1613 1007 1679 18.
1038 1613 1141 1678 11.
1214 1613 1378 1695 Quid
1436 1615 1594 1698 quod
1634 1612 1887 1675 omnium
1932 1615 2007 1676 de
2050 1612 2166 1675 isto
2209 1613 2389 1676 habeo
2437 1634 2771 1675 consensum
2788 1612 2824 1675 ,Ρ
2869 1612 3056 1675 audio

669 1723 884 1801 vulqus
901 1746 919 1782 .·
983 1742 1108 1782 cum
1170 1720 1255 1781 ad
1314 1718 1538 1781 coebum
1593 1740 1801 1781 memus
1865 1720 2133 1794 tendwnt,
2180 1716 2346 1780 nihil
2388 1717 2565 1779 aliud
2608 1739 2783 1801 quam
2834 1715 3056 1779 ‘deum'

671 1826 879 1888 dicunt
924 1831 981 1887 et
1027 1826 1190 1887 'deus
1231 1846 1476 1902 παρῆκε
1520 1824 1626 1886 est'
1675 1830 1733 1886 et
1785 1824 1950 1887 ‘deus
1996 1845 2168 1885 verus
2214 1823 2318 1885 est’
2370 1828 2426 1885 et
2472 1822 2545 1884 ‘ei
2592 1824 2736 1885 deus
2775 1822 3056 1887 dederit’.

673 1927 891 2013 [vulgi
934 1931 1058 1991 iste
1105 1927 1415 2012 naturalis
1462 1949 1669 1992 sermo
1718 1933 1813 1991 est
1859 1948 1937 1991 an
1986 1924 2335 1992 Christiani
2380 1925 2738 1991 confitentis
2784 1928 2985 1990 oratio
2998 1924 3054 2009 2]

671 2041 729 2097 et
788 2034 892 2117 qui
950 2032 1146 2096 Iovem
1197 2032 1538 2115 principem
1595 2034 1824 2111 vobamt,
1875 2033 2205 2116 falluntur
2250 2032 2317 2095 in
2362 2032 2613 2109 nomine,
2660 2034 2767 2095 sed
2809 2034 2883 2095 de
2926 2055 3053 2095 una

658 2144 960 2220 potestate
1007 2137 1400 2201 consentiunt.
2936 2142 2947 2153 '

759 2244 899 2329 Ego
947 2243 1206 2327 quidem
1251 2262 1443 2328 rogo:
1495 2241 1749 2308 Octavii
1793 2246 1914 2308 iste
1961 2242 2272 2308 naturalis
2320 2264 2527 2308 sermo
2574 2249 2670 2307 est
2717 2265 2794 2308 an
2842 2263 3057 2328 gram-

670 2351 891 2414 matici
937 2347 1251 2413 increduli
1299 2346 1539 2414 oratio?
1586 2353 1777 2432 atque
1822 2350 2016 2413 verba
2065 2370 2101 2413 a
2148 2351 2539 2413 me-uncinis
2576 2347 2825 2413 inclusa
2862 2368 3061 2433 quan-

672 2456 878 2519 tocius
937 2456 1005 2517 in
1063 2456 1426 2539 marg-inem
1473 2453 1751 2539 relegari
1794 2455 2017 2531 iubeO,
2067 2452 2235 2517 unde
2282 2455 2521 2518 iniuria
2568 2456 2636 2517 in
2684 2458 3054 2517 contextam

670 2563 1022 2625 orationem
1069 2561 1483 2643 irrepserunt.

762 2770 832 2838 G.
888 2772 990 2836 19.
1024 2770 1126 2836 14.
1189 2771 1444 2833 Platoni
1505 2770 1712 2855 itaque
1772 2770 1840 2833 in
1890 2771 2120 2834 Timaeo
2168 2773 2313 2834 deus
2361 2778 2447 2834 eet
2496 2771 2625 2853 ipso
2672 2792 2778 2833 suo
2823 2771 3062 2833 nomine

668 2877 875 2940 mundi
907 2898 1154 2957 parens,
1204 2875 1441 2959 artifeoe
1489 2875 1755 2956 animae,
1798 2876 2137 2939 caelestiwm,
2175 2884 2653 2962 terrenorumque
2676 2876 3055 2961 fabricator,

669 3005 834 3068 quem
903 2989 958 3044 et
1019 2981 1287 3044 invenire
1347 2980 1595 3063 difficile
1643 3003 1799 3061 prae
1860 2980 2049 3043 nimia
2112 2988 2170 3045 et
2229 2983 2577 3045 incredibili
2612 2988 2913 3063 potestate
2959 2988 3051 3059 et,

669 3110 797 3151 cum
841 3086 1158 3164 inveneris,
1205 3086 1272 3148 in
1303 3085 1614 3167 publicum
1661 3086 1859 3164 dicere
1904 3086 2255 3168 inpossibile
2279 3088 2637 3171 praefatur.
2676 3089 2874 3150 eadem
2901 3087 3054 3170 fere

670 3199 727 3256 et
781 3193 902 3255 ista
947 3213 1098 3276 quae
1143 3197 1346 3254 nostra
1391 3198 1566 3281 eunt:
1611 3182 1756 3265 ‚nam
1800 3198 1859 3254 et
1904 3191 2096 3257 deum
2145 3196 2445 3258 novimus
2490 3200 2547 3256 et
2578 3200 2891 3273 parentem
2936 3214 3053 3255 om-

667 3298 830 3361 nium
877 3297 1128 3359 dicimus
1173 3303 1231 3360 et
1275 3319 1584 3382 numquam
1617 3297 1865 3379 publice
1908 3298 2033 3361 nisi
2079 3298 2434 3378 interroqati
2467 3298 2914 3380 praedicamus·

758 3402 940 3481 Quod
1000 3402 1519 3489 Kronenbergius
1580 3410 1795 3468 noster
1855 3425 1969 3488 pro
2019 3405 2215 3469 verbo
2262 3404 2528 3467 novimus
2573 3406 2908 3488 proposuit
2950 3426 3055 3467 no-

667 3507 955 3570 minamus
1014 3510 1255 3591 recepit
1319 3504 1789 3573 Germanorum
1839 3508 2045 3573 editor
2090 3511 2567 3573 recentissimus
2616 3547 2701 3556 —
2750 3509 3052 3595 Belgicus

667 3634 851 3689 vero,
915 3614 1028 3696 qui
1089 3610 1634 3697 Synnerbergium
1697 3612 1765 3676 id
1818 3615 2233 3698 impugnasse
2276 3613 2579 3678 lectorem
2625 3616 2692 3677 in
2739 3620 3052 3698 apparatu

668 3719 890 3783 critico
959 3716 1291 3793 admonet,
1371 3715 1716 3781 lectionem
1786 3718 2089 3783 traditam
2158 3720 2445 3783 retinuit.
2519 3716 2723 3783 Cuius
2792 3718 3051 3783 libellus

668 3842 1060 3907 quamquam
1117 3820 1196 3885 ad
1256 3841 1524 3885 manum
1583 3842 1710 3885 non
1774 3828 1871 3886 est
1932 3843 2133 3907 neque
2185 3824 2351 3887 mihi
2397 3826 2815 3887 innotuerunt
2862 3844 3052 3908 argu-

668 3933 884 3990 menta
943 3927 1174 4009 quibus
1235 3924 1705 4011 Kronenberg-ii
1748 3925 2085 3991 lectionem
2130 3926 2243 3991 ille
2290 3927 2726 4013 redarguerit,
2774 3929 2928 4012 quid
2974 3929 3053 3993 de

667 4032 786 4096 hoc
830 4030 970 4094 loco
1017 4030 1181 4095 mihi
1225 4031 1522 4096 videatur
1569 4033 1789 4115 paucis
1836 4052 2207 4116 expromere
2252 4031 2461 4099 liceat.

758 4136 1240 4223 Kronenbergio
1308 4139 1516 4222 igitur
1584 4138 1851 4200 novimus
1918 4144 2290 4222 corruptum
2348 4138 2606 4204 videtur
2668 4099 2914 4204 duabus
2973 4139 3052 4205 de

668 4244 908 4306 causis:
982 4244 1270 4326 primum
1340 4241 1508 4326 quod
1577 4244 1645 4304 in
1707 4240 1875 4317 illis,
1941 4263 2102 4326 quae
2168 4243 2243 4308 de
2307 4243 2575 4309 Platone
2621 4245 3049 4329 proferuntur,

668 4345 834 4409 nihil
899 4349 983 4410 sit
1019 4347 1210 4430 quod
1273 4349 1486 4411 verbis
1555 4348 1725 4409 deum
1793 4348 2059 4411 novimus
2121 4349 2532 4433 respondeat,
2597 4350 2821 4415 deinde
2885 4351 3053 4435 quod

671 4447 1072 4515 Christianus
1115 4472 1242 4515 non
1287 4453 1380 4515 ita
1427 4450 1747 4535 loquatur,
1797 4455 2091 4519 omnium
2139 4457 2407 4519 minime
2454 4456 2804 4520 Minucius.
