3392 5384
1387 425 1767 474 rmroch.
2634 408 2763 474 149

379 593 412 667 ἢ
456 593 506 657 εἰ
547 590 907 670 διαφθείρω,
949 586 1133 654 ἄκων.
1172 588 1299 655 Hic
1338 589 1507 675 quod
1547 591 1916 674 requiritur,
1958 593 2396 677 unusquisque
2427 592 2764 678 cogitando

377 700 568 762 tacite
609 695 970 781 supplebit:
1013 696 1064 760 εἰ
1107 693 1452 774 διαφθείρω,
1495 694 1998 774 (διαφθείρω)
2038 693 2220 774 ἄκων,
2263 697 2372 762 sed
2407 697 2527 800 hpc
2547 700 2763 782 ipsum

377 802 610 868 diserte
679 802 972 866 additum
1043 802 1344 885 oportuit.
1413 798 1730 864 Similiter
1800 801 2122 884 corrigam
2192 799 2383 865 Pauli
2445 803 2637 866 verba
2695 805 2765 867 in

376 908 578 974 altera
635 906 934 993 Epistula
993 905 1073 970 ad
1133 904 1502 972 Corinthios
1560 905 1592 970 Ι
1641 905 1717 969 6:
1786 903 1909 970 εἴτε
1962 904 2022 968 δὲ
2073 906 2451 984 θλιβόμεθα,
2500 908 2763 984 θλιβό-

374 1015 580 1091 μεθα
647 1015 792 1092 ὑπὲρ
853 1019 965 1084 τῆς
1032 1011 1194 1086 ὑμῶν
1243 1012 1696 1091 παρακλήσεως
1744 1019 1856 1086 τῆς
1906 1012 2333 1090 ἐνεργουμένης
2386 1013 2444 1076 ἐν
2494 1013 2757 1094 ὑπομονῇ

374 1126 492 1183 τῶν
538 1119 740 1183 αὑτῶν
793 1115 1179 1192 παθημάτων
1226 1112 1301 1180 ὦν
1350 1117 1453 1180 καὶ
1509 1119 1690 1192 ἡμεῖς
1740 1115 2098 1210 nimau-ev,
2148 1119 2250 1180 καὶ
2297 1120 2330 1192 ἦ
2372 1119 2551 1190 ἐλπὶς
2594 1121 2759 1194 ἡμῶν

375 1224 623 1302 βεβαία
697 1225 843 1302 ὑπὲρ
915 1222 1114 1298 ὑμῶν·
1189 1220 1321 1286 εἴτε
1386 1220 1964 1302 παρακαλούμεθα,
2035 1224 2756 1300 παρακαλούμεθα

375 1329 522 1407 ὑπὲρ
585 1335 697 1400 τῆς
760 1330 923 1404 ὑμῶν
988 1328 1432 1406 παρακλήσεως
1498 1328 1599 1390 καὶ
1648 1328 1969 1404 σωτηρίας.
2019 1326 2198 1391 Idem
2246 1330 2489 1393 vitium
2536 1329 2758 1394 eodem

373 1433 654 1500 remedio
714 1432 1066 1499 sanandum
1128 1434 1398 1497 recurrit
1462 1432 1503 1496 2
1551 1430 1693 1499 Cor.
1743 1431 1806 1496 II
1859 1431 1976 1496 10:
2043 1426 2070 1495 ὃ
2122 1433 2540 1512 κεχάρισμαι,
2594 1435 2649 1497 εἴ
2695 1458 2754 1499 τι

370 1540 794 1620 κεχάρισμαι,
844 1537 1367 1616 κεχάρισμαι
1415 1537 1490 1600 δι’
1541 1537 1728 1612 ὑμᾶς.
1779 1536 1925 1601 Alia
1966 1536 2109 1602 dedi
2151 1538 2226 1602 de
2264 1559 2495 1624 genere
2533 1539 2758 1604 eodem

370 1646 437 1708 in
499 1645 708 1729 prima
768 1644 1310 1707 commentatione
1372 1639 1711 1706 Platonica
1770 1663 1832 1726 p.
1882 1641 1967 1705 14
2033 1647 2099 1706 et
2158 1645 2227 1706 in
2290 1644 2514 1708 Μαρια.
2584 1643 2757 1710 1878

370 1770 434 1834 p.
486 1748 636 1814 100.
685 1748 876 1814 Recte
921 1747 1091 1833 apud
1135 1745 1474 1812 Platonem
1525 1746 1787 1813 Menon.
1838 1769 1901 1832 p.
1952 1746 2144 1812 8913:
2194 1748 2381 1828 φύσει
2431 1750 2483 1814 οἱ
2530 1751 2755 1826 ἁγαθοὶ

371 1853 598 1933 ἀγαθοὶ
645 1855 1012 1930 γίγνονται,
1062 1852 1172 1917 sed
1221 1851 1654 1936 supplendum
1701 1874 1766 1937 p.
1809 1851 2002 1916 89A:
2051 1853 2157 1916 οὐκ
2197 1852 2274 1916 ἂν
2317 1849 2433 1916 εἷεν
2472 1855 2661 1932 Φύσει
2704 1857 2755 1919 οἱ

370 1959 593 2037 ἀγαθοὶ
644 1959 940 2034 ὦγαθοί
986 1963 1050 2022 et
1093 1957 1145 2021 εἰ
1194 1957 1382 2037 φύσει
1431 1957 1481 2021 οἱ
1531 1957 1756 2033 ἀγαθοὶ
1805 1957 2100 2034 ὦγαθοὶ
2150 1959 2489 2036 ἐγίγνοντο.

461 2176 788 2256 Quomodo
835 2175 1019 2240 Plato
1064 2174 1427 2240 Homerum
1474 2173 1737 2240 laudare
1784 2174 2021 2253 soleat,
2072 2176 2149 2242 de
2195 2198 2269 2242 ea
2307 2199 2373 2243 re
2416 2200 2563 2244 cum
2603 2202 2755 2246 cura

368 2285 654 2368 quaesivi
699 2283 936 2362 Quaest.
975 2281 1151 2345 Hom.
1195 2280 1341 2364 §42
1386 2284 1451 2345 et
1492 2281 1821 2365 disputavi
1846 2280 1922 2344 de
1948 2280 2299 2367 Apologiae
2321 2282 2462 2348 loco
2488 2307 2550 2370 p.
2576 2283 2748 2352 280.

366 2387 441 2452 In
500 2388 750 2454 verbis:
815 2383 856 2450 ὦ
922 2394 1076 2465 παῖ,
1139 2387 1192 2450 εἴ
1255 2389 1615 2465 τιμωρήσεις
1664 2388 2102 2467 Πατρόκλῳ
2153 2388 2367 2468 ἑταίρῳ
2416 2389 2518 2453 τὸν
2566 2390 2750 2467 Φόνον

368 2494 470 2576 καὶ
516 2489 788 2571 Ἕκτορα
836 2492 1233 2569 ἀποκτενεῖς,
1283 2492 1532 2563 αὐτὸς
1580 2491 1909 2569 ἀποθανεῖ,
1958 2493 2245 2576 primum
2295 2498 2577 2579 expunxi
2616 2517 2751 2581 per-

367 2619 585 2685 peram
632 2597 926 2662 additum
964 2595 1244 2661 Patrocli
1280 2617 1541 2675 nomen,
1585 2595 1808 2660 deinde
1848 2599 2092 2662 correxi
2131 2623 2172 2662 α
2196 2601 2396 2664 zia-lu*
2434 2603 2747 2679 ἀποθανεῖ,

365 2709 607 2769 resecto
669 2702 939 2767 Homeri
999 2700 1350 2779 versicu10‚
1419 2704 1531 2786 qui
1592 2704 1894 2766 continuo
1956 2706 2278 2789 sequitur:
2342 2707 2572 2770 αὐτίκα
2620 2709 2745 2784 γὰρ

365 2832 488 2886 τοι,
552 2811 747 2886 muci,
808 2808 944 2884 μεθ’
1005 2805 1275 2884 Ἕκτορα
1341 2809 1582 2882 πότμος
1643 2809 1906 2882 ἑτοῖμος.
1957 2807 2229 2874 Prorsus
2274 2810 2599 2876 inutiliter
2644 2813 2749 2878 ad·

359 2917 672 2999 scriptum
741 2913 869 2977 fuit
938 2914 1271 2997 proprium
1340 2911 1620 2977 Patrocli
1689 2933 1957 2992 nomen,
2028 2934 2179 2979 nam
2249 2914 2433 2981 Plato
2493 2921 2749 3004 scripsit

360 3017 706 3084 lectoribus
767 3020 878 3101 qui
946 3016 1308 3082 Homerum
1372 3024 1679 3102 tanquam
1745 3018 1987 3104 digitos
2048 3041 2196 3085 suos
2258 3022 2591 3089 tenebant:
2655 3029 2746 3090 sic

360 3147 423 3210 p.
475 3123 633 3188 41Β
679 3123 781 3187 τὸν
829 3123 928 3187 ἐπὶ
977 3125 1200 3200 Τροίαν
1247 3123 1583 3200 ἀγαγόντα
1635 3124 1744 3195 τῆν
1794 3126 2028 3197 πολλὴν
2076 3127 2352 3206 ςρατιοὶν,
2401 3129 2745 3214 Agamem-

358 3232 544 3295 nonis
588 3249 821 3294 nomen
859 3250 984 3293 non
1021 3227 1266 3293 addidit
1303 3234 1365 3293 et
1405 3231 1470 3292 in
1510 3229 1965 3310 quaestionibus
2006 3230 2536 3316 aliquammultos
2574 3235 2743 3302 locos

359 3335 668 3413 indicavi,
718 3334 830 3399 ubi
876 3333 1062 3399 Plato
1109 3331 1410 3400 similiter
1454 3333 1707 3399 locutus
1754 3341 1869 3400 est.

450 3537 612 3603 Ibid.
661 3535 847 3604 290:
920 3535 1040 3616 ἔφη
1108 3536 1141 3611 ἢ
1207 3538 1316 3610 τὴν
1381 3538 1581 3618 ἀρχὴν
1643 3538 1724 3601 οὖ
1790 3537 1912 3602 δεῖν
1976 3539 2087 3613 ἐμὲ
2151 3540 2305 3620 δεῦρ’
2369 3543 2657 3608 εἰσελθεῖν
2707 3545 2739 3620 ἢ

365 3642 573 3718 ἐπειδὴ
635 3643 929 3721 εἰσῆλθον,
979 3643 1096 3720 οὐχ
1146 3637 1260 3706 οἶόν
1310 3647 1368 3704 τ’
1415 3638 1568 3706 εἶναι
1619 3643 1686 3707 τὸ
1738 3645 1839 3720 μὴ
1888 3643 2256 3709 οΞποκτεῖναΙ
2300 3670 2403 3722 με.
2467 3647 2744 3733 Requiro

361 3747 750 3813 locutionem
798 3751 904 3820 τὴν
953 3748 1153 3826 ἀρχὴν
1201 3746 1413 3824 οὐδέ,
1459 3750 1560 3812 ie.
1609 3749 1842 3813 omnino
1882 3772 2021 3827 non,
2063 3751 2257 3815 sicuti
2293 3759 2461 3816 recte
2498 3753 2745 3838 legitur

363 3852 622 3919 Theaet.
684 3876 747 3939 p.
801 3851 1041 3918 185D:
1106 3849 1198 3916 ὅτι
1258 3876 1362 3928 μοι
1427 3853 1592 3918 δοκεῖ
1649 3857 1759 3929 τὴν
1822 3855 2021 3933 ἀρχὴν
2084 3856 2203 3919 οὐδ’
2262 3853 2415 3922 εἶναι
2478 3864 2741 3924 τοιοῦτον

309 3953 320 3958 ’
362 3958 549 4023 οὐδέν.
595 3958 832 4023 Itidem
878 3957 1128 4022 Phileb.
1178 3957 1372 4022 63E:
1421 3959 1748 4036 γίγνεσθαι
1801 3962 1971 4036 ἡμᾶς
2016 3963 2126 4034 τὴν
2166 3961 2365 4041 ἀρχὴν
2406 3964 2541 4028 οὐκ
2583 3967 2739 4044 ἐῶσι,

360 4083 663 4148 reponam
697 4086 724 4126 ο
748 4063 851 4126 2⁹23·
891 4064 1047 4127 ἐῶσι.
1090 4060 1326 4128 Contra
1350 4062 1537 4148 Apol.
1566 4062 1759 4130 35G:
1802 4065 1970 4129 οὐδὲ
2012 4066 2236 4130 δίκαιον
2275 4090 2376 4143 μοι
2403 4067 2571 4132 δοκεῖ
2589 4067 2743 4134 εἶναι

279 4249 288 4259 ·
360 4145 586 4233 δῖῒσθαι
628 4174 734 4233 τοῦ
775 4169 1047 4246 δικαςοῦ,
1089 4169 1221 4233 οὐδὲ
1263 4169 1539 4244 δεόμενον
1581 4170 1989 4250 ἀποφεύγειν,
2031 4193 2291 4256 prorsus
2315 4178 2744 4241 necessarium
2816 4186 2823 4192 '

361 4281 489 4339 est:
555 4274 639 4338 οὐ
701 4272 951 4338 δίκαιον.
1015 4274 1352 4340 Praeterea
1397 4274 1658 4340 malim:
1724 4276 1791 4340 τὸ
1841 4279 1927 4352 μὴ
1976 4278 2165 4358 (οὐκ)
2214 4278 2616 4358 ἀποκτεῖναι,
2665 4280 2743 4346 de

359 4391 480 4466 qua
524 4382 888 4465 suspicione
936 4384 1098 4448 conf.
1147 4379 1515 4446 Schanzius.
