3392 5384
1419 406 1733 459 nonnus.
2686 393 2772 459 25

385 576 716 643 illustrare
754 583 815 643 et
859 576 1186 642 defendere
1227 577 1515 641 conabor.
1571 577 1925 662 Persequar
1970 579 2183 641 omnia
2222 576 2491 655 scholia,
2533 598 2692 663 quae
2715 579 2783 642 in

391 683 792 749 Eunucho
843 691 910 748 et
955 683 1458 747 Phormione
1501 684 1560 747 ei
1602 682 1991 768 adsignanda
2031 704 2167 748 esse
2206 690 2465 768 putem,
2508 704 2782 768 quorum

391 788 553 853 duae
599 790 837 873 species
885 785 1374 873 distinguendae
1421 794 1591 851 sunt.
1640 789 1943 852 Primum
1982 790 2038 852 is
2077 808 2328 873 quoque
2367 791 2776 873 repetitiones

394 892 569 957 dedit
613 898 805 977 atque
853 901 1144 978 excerpta
1195 898 1258 958 et
1303 893 1676 977 compendia
1724 892 2119 958 scholiorum
2166 893 2436 971 Donati,
2478 894 2587 959 sed
2625 893 2775 959 stilo

388 996 579 1083 longe
641 998 892 1063 diverso
953 1002 1205 1063 exarata
1252 1003 1317 1063 et
1363 1019 1524 1082 quae
1571 998 1772 1084 vulgo
1820 996 2152 1063 aemulum
2199 999 2468 1083 prodant
2514 999 2773 1063 Aelium

391 1107 703 1189 corrigere
766 1109 832 1168 et
895 1124 1193 1189 superare
1255 1107 1639 1189 cupientem.
1691 1104 2021 1169 Accedunt
2069 1104 2213 1168 dein
2258 1102 2782 1189 interpolationes

388 1213 850 1294 cuiuscumque
912 1212 1167 1295 generis
1227 1212 1633 1285 innumerae,
1683 1209 1991 1275 Donateis
2039 1208 2295 1274 scholiis
2342 1209 2641 1287 suffixae,
2690 1212 2788 1273 in-

390 1320 628 1392 sertae,
673 1317 858 1378 iuxta
895 1316 1138 1399 positae
1174 1320 1290 1379 aut
1327 1318 1673 1400 oppositae.
1724 1314 2012 1400 Utraque
2036 1318 2276 1401 species
2298 1335 2785 1399 nonnumquam

391 1428 525 1484 tam
589 1440 817 1504 parum
879 1420 1120 1498 differt,
1181 1428 1257 1485 ut
1319 1442 1448 1485 non
1510 1424 1849 1506 separatim
1904 1422 2012 1486 sed
2060 1443 2187 1485 una
2233 1423 2394 1485 66116
2444 1428 2784 1505 11116111(1116

389 1530 660 1589 11661616
733 1528 935 1589 6611116
1008 1527 1113 1589 sit.
1183 1524 1475 1589 Efficiam
1545 1532 1762 1590 tamen
1823 1532 1897 1589 ut
1962 1524 2176 1609 aliqua
2239 1527 2479 1590 ratione
2543 1525 2785 1590 scholia

391 1630 588 1694 altera
627 1632 703 1694 ab
745 1629 962 1694 alteris
1002 1630 1505 1716 distinguantur.
1577 1629 1754 1695 Haec
1796 1636 2017 1695 autem
2056 1629 2535 1714 Interpolatoris
2583 1632 2785 1694 nostri

391 1738 738 1819 specimina
783 1736 1180 1800 inducuntur
1225 1757 1337 1820 per
1384 1736 1733 1820 particulas
1778 1756 1970 1820 supra
2015 1734 2247 1799 relatas
2294 1741 2359 1798 61
2403 1738 2778 1820 1116666111111

389 1861 501 1925 1161
547 1842 929 1918 611111116666,
978 1862 1096 1903 non
1126 1878 1208 1888 —
1232 1843 1340 1903 sed
1376 1844 1544 1917 sim„
1593 1844 2152 1926 interrogationes,
2192 1864 2293 1916 an,
2334 1846 2533 1903 utrum
2561 1876 2645 1887 -—
2672 1864 2772 1916 an,

391 1948 559 2023 sim„
608 1945 948 2023 formulas,
999 1947 1237 2009 rettulit
1281 1948 1363 2009 ad
1390 1984 1471 1995 —-
1499 1949 1584 2009 ad
1627 1930 1692 2011 61
1740 1944 2093 2032 permultas
2138 1946 2314 2010 alias.

481 2052 603 2115 His
646 2050 1240 2136 interpolationibus
1283 2055 1352 2115 in
1390 2053 1665 2117 editione
1706 2074 1822 2117 6116
1856 2051 2073 2117 10011111
2115 2051 2322 2127 dedit,
2361 2056 2437 2115 ut
2474 2054 2779 2135 suspicor,

387 2161 631 2222 iuxta
668 2155 981 2222 Donati
1026 2158 1356 2222 scholia
1396 2164 1461 2223 et
1501 2157 1701 2223 talem
1740 2158 2089 2223 editionem
2128 2158 2425 2222 adhibuit
2467 2156 2785 2241 Compif

391 2261 632 2326 lator.
698 2261 828 2326 Ubi
874 2270 1090 2327 tamen
1137 2263 1240 2328 IP
1286 2285 1400 2348 pro
1448 2264 1751 2328 Donatsis
1798 2284 1967 2328 nova
2012 2264 2348 2327 substituit
2393 2268 2457 2326 et
2501 2264 2783 2347 genuina

399 2370 654 2443 omisit,
719 2366 1118 2453 Gompilator
1175 2369 1330 2434 haec
1376 2390 1455 2433 ex
1501 2368 1626 2433 alio
1674 2369 1851 2433 fonte
1894 2368 2139 2432 intulit.
2186 2367 2330 2431 Hoc
2376 2371 2594 2431 tamen
2640 2388 2782 2431 raro

397 2472 626 2537 accidit
646 2520 662 2548 ,
725 2475 1026 2557 quoniam
1047 2522 1063 2551 ,
1127 2480 1203 2537 ut
1249 2494 1441 2558 supra
1489 2474 1775 2538 vidimus
1796 2522 1811 2550 ,
1860 2471 2287 2557 Interpolator
2330 2493 2596 2537 suarum
2638 2475 2785 2536 imi-

397 2580 716 2641 tationum
763 2581 1303 2662 comparationem
1351 2600 1502 2643 cum
1547 2578 1807 2643 scholiis
1853 2580 2175 2664 germanis
2221 2598 2347 2641 non
2401 2577 2609 2663 fugit,
2674 2576 2783 2641 sed

397 2685 612 2767 potius
679 2685 999 2767 quaesivit.
1069 2689 1135 2748 et
1205 2689 1626 2768 utrorumque
1698 2686 1997 2748 notitiam
2058 2682 2400 2748 lectoribus
2430 2683 2776 2766 praebuit.

397 2784 793 2872 Gompilator
838 2795 1056 2853 autem
1103 2796 1430 2872 praeterea
1477 2789 1809 2854 transt-ulit
1855 2810 2165 2874 magnum
2212 2810 2555 2853 numerum
2604 2788 2778 2852 addi-

398 2898 868 2970 tamentorum,
917 2901 1358 2979 excerptorum
1379 2943 1392 2968 ,
1442 2894 1966 2979 compendiorum
1986 2944 2001 2972 ,
2053 2914 2213 2978 quae
2251 2896 2558 2978 temporis
2592 2893 2778 2979 lapsu

395 3018 531 3063 sese
574 3001 1056 3065 insinuaverant
1097 3001 1168 3063 in
1213 3006 1652 3065 commentum
1697 3000 1779 3064 ab
1824 2999 2279 3085 interpolatore
2325 3005 2774 3076 retractatum,

403 3138 487 3151 -—
531 3124 680 3168 nam
727 3107 945 3188 ipsum
991 3114 1430 3170 commentum
1477 3104 1713 3171 Donati
1760 3108 2121 3191 genuinum
2170 3126 2245 3168 ex
2282 3125 2427 3168 mea
2467 3106 2782 3168 sententia

395 3229 516 3272 non
579 3208 909 3287 adhibuit,
957 3246 1041 3257 -—
1082 3217 1196 3275 aut
1255 3210 1638 3296 legebantur
1697 3214 1769 3274 in
1814 3211 2218 3295 marginibus
2266 3210 2620 3274 editionum
2668 3208 2782 3273 Te-

394 3316 848 3378 rentianarum.
912 3314 1049 3394 Qua
1108 3318 1352 3381 ratione
1408 3337 1486 3380 ex
1549 3316 1652 3380 his
1701 3316 2035 3380 elementis
2084 3320 2335 3379 11061166
2383 3312 2779 3377 scholiorum

399 3418 801 3484 collectiones
861 3423 1135 3486 maiores
1196 3424 1594 3498 exstiterint,
1644 3421 1758 3484 ubi
1818 3442 1977 3505 opus
2025 3426 2122 3484 est
2169 3418 2523 3484 identidem
2586 3417 2785 3483 decla-

395 3546 533 3589 rare
594 3526 885 3591 conabor.
950 3525 1402 3612 Gompilatoris
1465 3546 1724 3611 operam
1787 3528 1856 3589 in
1917 3532 2279 3591 commento
2341 3524 2783 3590 constituendo

396 3651 523 3694 non
570 3651 875 3716 magnam
921 3632 1118 3696 fuisse
1166 3633 1514 3717 apparebit.

488 3861 627 3946 §3.
674 3862 1406 3948 Interpolationes
1451 3866 1535 3928 in
1581 3863 1985 3928 Eunucho
2035 3871 2115 3929 et
2160 3864 2681 3929 Phormione.

488 4059 685 4140 Quale
743 4060 1314 4145 interpolationum
1361 4081 1574 4146 genus
1620 4058 1989 4146 intelligam
2037 4081 2227 4146 supra
2272 4058 2588 4126 declaravi
2625 4082 2687 4145 p.
2740 4059 2780 4124 9

398 4332 796 4383 Parallelaments
829 4349 858 4382 6
892 4336 1079 4381 Donato
1111 4331 1326 4382 abbiamo
1360 4330 1542 4397 l’opsra
1574 4332 1624 4380 di
1660 4348 1726 4381 un
1760 4348 1845 4382 suo
1874 4331 2258 4396 compendiatore
2284 4333 2382 4394 (sed
2411 4332 2520 4397 111116
2548 4335 2620 4381 est
2636 4349 2780 4396 quam

397 4415 786 4480 compendiorum
835 4415 1108 4477 confector),
1161 4415 1248 4464 che
1281 4414 1350 4478 gli
1385 4430 1445 4464 va
1475 4413 1612 4478 quasi
1643 4430 1830 4479 sempre
1864 4414 1913 4462 di
1947 4413 2051 4478 pari
2087 4429 2252 4478 passu:
2288 4430 2315 4462 6
2348 4414 2444 4463 cosi
2477 4429 2593 4462 sono
2627 4416 2729 4463 nati
2762 4415 2781 4463 i

402 4496 644 4562 doppioni.
679 4497 812 4546 stud.
847 4496 956 4546 Ital.
994 4495 1076 4545 III
1110 4498 1201 4545 841
1243 4496 1303 4545 al.
1340 4497 1466 4546 hunc
1501 4495 1807 4545 scholiastam
1842 4495 2101 4561 appellavit
2140 4495 2205 4545 ,11
2235 4494 2617 4546 continuatore'’.
