3392 5384
705 411 833 478 100
1723 433 2053 482 numus.

695 597 906 679 potest
960 593 1038 659 cl.
1090 594 1242 673 256,
1273 592 1355 659 17
1404 616 1518 660 nec
1563 598 1909 673 iniurium,
1960 598 2143 661 cuius
2189 597 2494 662 beneficio
2540 597 2801 664 redieris
2844 597 2926 662 ad
2970 598 3079 662 ho·

700 703 904 764 mines
951 703 1012 765 ei
1058 705 1271 766 totum
1320 700 1544 766 debere
1592 702 1760 786 quod
1811 705 2016 768 uiues.

789 864 940 943 253,
975 864 1053 932 17
1105 867 1203 931 Ad
1250 869 1454 931 istum
1510 868 1777 933 modum
1811 869 1990 953 fusis
2022 869 2305 950 precibus
2354 890 2405 934 e.
2436 891 2493 954 q.
2526 891 2573 934 s·

785 970 910 1036 Hic
970 971 1283 1056 Apuleius
1339 975 1637 1038 imitatur
1687 973 2083 1060 Vergilium,
2133 975 2202 1039 cf
2239 975 2397 1039 Aen.
2452 974 2553 1051 VI,
2605 972 2688 1038 55
2738 975 3078 1060 funditque

693 1097 908 1160 preces
977 1099 1090 1142 rex
1159 1084 1411 1162 pectore
1481 1079 1557 1143 ab
1617 1081 1785 1158 imo,
1851 1079 2020 1164 quod
2081 1080 2452 1165 exemplum
2515 1082 2713 1144 etiam
2775 1079 3077 1145 Sidonius

693 1188 949 1249 secutus
996 1191 1094 1248 est
1139 1183 1258 1268 Ep.
1306 1181 1385 1248 11·
1418 1183 1480 1262 5,
1507 1185 1548 1249 2
1595 1206 1710 1269 pro
1760 1204 1883 1270 quo
1927 1206 2183 1270 precem
2230 1185 2519 1250 sedulam
2567 1184 2763 1249 fundo
2812 1206 2865 1250 0.
2894 1207 2953 1270 q.
2984 1207 3032 1251 0.

765 1350 879 1409 253,
903 1348 961 1400 17
1010 1350 1275 1399 adstructis
1309 1353 1374 1411 Φι
1415 1351 1685 1423 adstructis
1718 1356 1784 1412 Φ*
1826 1351 1994 1412 (ctiam
2028 1351 2079 1400 in
2113 1353 2310 1415 marg).
2364 1353 2424 1400 18
2460 1351 2602 1400 michi
2636 1353 2672 1400 F
2709 1334 2755 1404 υἷι
2788 1357 2841 1413 Φ.
2904 1352 2961 1401 19
2994 1368 3079 1401 nec

695 1443 758 1491 F²
803 1441 901 1491 Nec
929 1443 1016 1491 F’.
1065 1442 1129 1490 20
1164 1441 1440 1505 conipseraff
1475 1442 1512 1490 F
1524 1447 1577 1504 Φ.
1629 1442 1692 1492 21
1731 1445 1839 1507 post
1872 1442 1926 1490 di
1959 1442 2179 1506 sequitur
2214 1442 2265 1490 in
2298 1442 2335 1490 Ε·
2369 1443 2511 1492 unius
2545 1443 2643 1492 fere
2677 1432 2869 1493 litterae
2904 1443 3078 1508 spatio-

691 1523 791 1571 lum
827 1539 1052 1582 vacuum,
1087 1524 1214 1587 quod
1248 1523 1491 1588 excipiunt
1521 1522 1721 1586 vestigia
1755 1522 1963 1586 syllabae
1996 1522 2041 1571 is
2074 1538 2222 1588 prope
2256 1539 2429 1572 erasae.

781 1667 934 1744 253,
963 1669 1046 1733 21
1097 1668 1322 1733 uultus
1370 1667 1668 1733 attollens
1716 1669 1993 1752 emergit
2040 1667 2259 1731 diuina
2305 1667 2518 1732 facies.

781 1773 1095 1859 Apuleius
1155 1777 1294 1859 ipse
1355 1795 1547 1859 supra
1607 1773 1773 1838 dixit
1836 1771 2157 1852 (159,12)
2221 1780 2481 1837 uastum
2527 1773 2830 1839 attollens
2878 1780 3071 1859 caput

691 1882 1006 1965 proserpit
1076 1901 1254 1956 ursa3
1331 1879 1512 1958 (169,
1544 1878 1653 1957 18)
1726 1877 1967 1964 pallore
2034 1878 2385 1943 deformem
2446 1877 2745 1943 attollens
2806 1879 3071 1957 faciem3

690 1984 870 2064 (172,
902 1984 1013 2064 31)
1070 1984 1294 2050 attolle
1342 2005 1617 2050 uacuam
1664 1985 1892 2050 faciem
1938 1991 2004 2048 et
2050 1985 2217 2050 infra
2262 1983 2583 2065 (260,14)
2630 1984 2932 2050 attollens
2981 2006 3077 2049 ca·

689 2094 789 2156 nis
829 2093 1106 2156 ceruices
1146 2092 1374 2156 arduas
1415 2092 1682 2156 Anubis,
1725 2090 2049 2176 Vergilius
2089 2096 2306 2155 autem
2344 2093 2577 2176 praeiit
2616 2092 2799 2170 (Aen.
2843 2090 2874 2154 I
2916 2089 3071 2168 354)

689 2245 704 2262 .
732 2243 747 2262 .
779 2245 794 2262 .
845 2217 953 2262 ora
998 2197 1208 2262 modis
1257 2196 1554 2262 attollens
1601 2195 1842 2282 pallida
1890 2198 2093 2260 miris.

758 2364 871 2421 253,
891 2364 956 2412 24
991 2363 1173 2413 conitor
1208 2362 1280 2427 (et
1315 2362 1365 2411 in
1400 2365 1586 2411 textum
1623 2365 1671 2410 ct
1704 2360 1814 2424 (bis)
1845 2360 1898 2410 in
1937 2363 2111 2424 marg.)
2146 2365 2199 2422 Φ.
2235 2361 2297 2410 29
2333 2359 2566 2423 disponis
2602 2359 2665 2408 F⁸
2706 2360 2917 2424 disperci
2934 2360 2999 2409 1¹¹²
3020 2367 3076 2423 Φ.

755 2593 759 2596 K
784 2505 936 2589 253,
968 2506 1054 2571 30
1079 2527 1304 2571 corona
1327 2506 1751 2571 multiformis
1778 2506 1975 2570 uariis
1999 2503 2262 2569 floribus
2287 2504 2635 2570 sublimem
2662 2504 3077 2570 distrinxerat

695 2615 1027 2680 uerticem.
3010 2649 3021 2656 ι

781 2717 1029 2784 Similis
1098 2718 1435 2804 descriptio
1497 2718 1739 2804 legitur
1800 2713 1952 2794 247,
1985 2715 2066 2780 16
2124 2737 2273 2780 nam
2336 2722 2399 2780 et
2461 2720 2655 2801 caput
2717 2717 3074 2802 stringebat

693 2825 988 2890 diadema
1034 2824 1322 2889 candida.

785 2928 938 3006 253,
967 2928 1048 2994 31
1117 2937 1442 3009 (corona..
1475 2976 1488 2993 .
1521 2933 1565 3006 .)
1613 2931 1802 2992 cuius
1862 2928 2074 2993 media
2134 2927 2394 3010 quidem
2427 2926 2474 3007 ¹)
2536 2948 2729 3012 super
2796 2928 3077 2993 frontem

691 3035 879 3120 plana
940 3035 1305 3100 rotunditas
1333 3033 1383 3113 ²)
1443 3038 1511 3099 in
1572 3035 1841 3099 modum
1905 3032 2148 3119 speculi
2208 3033 2315 3098 uel
2359 3011 2562 3097 im‘mo
2612 3040 3077 3118 argumentum

690 3141 880 3206 lunae
930 3189 944 3206 .
976 3189 990 3205 .
1039 3140 1380 3206 candidum
1424 3140 1644 3205 lumen
1691 3128 2007 3204 emicabat
2054 3161 2110 3203 0.
2139 3160 2199 3223 q.
2228 3159 2276 3203 s.

782 3246 855 3310 In
919 3246 968 3311 F
1031 3251 1177 3312 ante
1241 3247 1560 3310 candidum
1620 3267 1751 3311 una
1811 3246 1940 3309 fere
2001 3243 2218 3309 littera
2281 3265 2457 3308 erasa
2505 3249 2631 3308 est:
2682 3246 2970 3328 suspicor
3000 3267 3074 3327 g),

688 3352 1035 3438 legendum
1081 3355 1289 3439 igitur
1335 3373 1586 3418 censeo:
1622 3351 2061 3435 percandidum
2104 3349 2325 3414 lumen
2375 3352 2691 3415 emicabat
2720 3349 2769 3428 3)
2810 3370 2864 3414 0.
2892 3371 2951 3434 q.
2980 3371 3031 3414 s.

714 3471 718 3474 ’
784 3458 1178 3534 Huiusmodi
1226 3459 1540 3524 adiectiva
1589 3460 1939 3543 composita
1986 3458 2356 3541 saepissime
2403 3458 2671 3540 scriptor
2716 3461 2930 3520 noster
2975 3455 3079 3520 ad-

691 3561 906 3641 hibet,
975 3563 1153 3631 velut
1215 3562 1582 3648 perlucidus
1647 3562 1783 3643 (44,
1811 3561 1932 3638 293
1987 3560 2093 3640 95,
2125 3560 2239 3640 16;
2298 3559 2552 3639 191,3;
2603 3560 2862 3637 251,1;
2915 3559 3073 3638 253,

692 3668 778 3734 22
841 3675 1022 3750 cet.),·
1086 3674 1152 3734 at
1212 3669 1428 3734 lucida
1488 3672 1765 3734 occurrit
1827 3667 1980 3745 254,
2012 3667 2050 3732 6
2108 3674 2282 3747 cet.);
2333 3671 2716 3753 perargutus
2777 3665 2959 3747 (237,
2988 3664 3067 3743 4;

688 3774 925 3840 Florid.
975 3775 1135 3839 XIII
1179 3797 1289 3861 pg.
1337 3774 1485 3852 163,
1522 3777 1551 3839 1
1575 3795 1590 3853 ;
1641 3781 1707 3839 at
1754 3781 2065 3860 argutum
2112 3776 2388 3838 occurrit
2428 3773 2699 3838 Metam.
2729 3771 2883 3849 254,
2911 3770 3026 3850 22)
3050 3791 3067 3849 ;

687 3882 1086 3967 perastutula
1125 3881 1307 3963 (192,
1337 3881 1436 3960 2);
1482 3861 1905 3966 perinfamem
1943 3879 2077 3958 (58,
2109 3879 2220 3957 16)
2259 3877 2542 3964 peruigil
2581 3875 2761 3955 (107,
2791 3876 2865 3954 93
2908 3876 3069 3954 240,

693 3987 833 4068 11);
890 3973 1183 4073 perfacile
1229 3986 1449 4066 204,1
1503 3993 1627 4052 cet.

757 4293 808 4348 1)
843 4291 1029 4354 quidem
1061 4254 1217 4341 scribo
1251 4306 1361 4341 cum
1395 4291 1530 4339 codd.

755 4374 811 4436 2)
845 4373 1122 4422 rotunditas
1160 4373 1224 4421 F·
1246 4378 1302 4434 Φ.

756 4455 810 4514 3)
855 4453 1008 4516 Supra
1049 4469 1234 4517 quoque
1275 4452 1478 4502 emicare
1517 4451 1753 4500 obiectum
1800 4449 2016 4498 adsciscit
2062 4451 2199 4509 (214,
2222 4451 2269 4509 5)
2303 4451 2433 4496 terra
2472 4482 2483 4496 .
2505 4484 2514 4495 .
2535 4483 2546 4495 .
2584 4446 2779 4496 emicuit
2812 4445 3069 4508 sauguinis

691 4533 890 4582 fontem.
