3392 5384
664 403 796 471 310
1702 420 2017 471 pommus.

674 610 836 675 quae
877 592 968 655 sic
1009 610 1076 655 se
1113 589 1340 655 habet:
1393 588 1510 668 „0,
1551 591 1662 675 qui
1702 610 1925 655 vocare
1940 586 2008 653 ‘P'
2048 588 2205 655 Post
2246 588 2368 669 „o”
2410 590 2669 655 nomine
2706 593 3052 657 vocaturus

663 717 786 762 non
832 696 1063 762 habuit
1107 696 1262 782 quid
1308 696 1543 762 diceret
1591 700 1656 761 et
1698 695 1843 762 ideo
1892 697 2163 762 subiecit
2211 698 2367 782 „qui
2412 694 2723 763 vocarefP'
2772 695 2879 763 Sic
2902 696 3052 763 Ver-

659 802 895 890 gilius:
961 801 1055 881 „O
1084 839 1169 852 -
1198 822 1392 889 quam
1455 808 1519 867 te
1574 823 1964 881 memorem,
2013 800 2243 889 virgo?
2292 802 2497 869 Moris
2543 808 2639 868 est
2686 809 2904 869 autem
2952 806 3050 868 in-

530 893 536 899 ’
659 909 920 975 seriores
964 910 1220 996 proprio
1265 910 1522 975 nomine
1570 929 1831 987 vocare,
1882 910 1935 974 si
1984 908 2259 974 blandiri
2304 908 2497 989 velis;
2548 909 2657 974 sed
2705 910 2811 975 hic
2847 912 3054 975 nomi-

658 1018 759 1081 nis
821 1015 1095 1094 oblitus,
1149 1015 1306 1081 dum
1355 1015 1611 1081 dubitat
1654 1020 1722 1081 et
1768 1017 2073 1101 inquirit,
2122 1016 2398 1081 inhaesit
2444 1016 2872 1102 pronomini’'.
2920 1014 3045 1097 (cf.

658 1121 821 1189 Don.
869 1123 937 1187 in
983 1122 1138 1204 (1)).

749 1226 845 1294 De
893 1227 1117 1294 eadem
1164 1248 1230 1293 re
1277 1228 1523 1295 Wessn.
1571 1229 1637 1292 in
1686 1229 1849 1315 App.
1900 1228 2128 1294 citavit
2173 1227 2333 1293 Dan.
2384 1228 2461 1293 ad
2511 1227 2673 1294 Aen.
2714 1226 2747 1293 I
2786 1226 2891 1306 38,
2932 1229 3045 1294 ubi

657 1335 812 1401 haec
870 1332 1214 1421 leguntur.
1280 1334 1454 1414 „Nec
1512 1355 1696 1420 posse
1761 1333 1950 1399 Italia
2003 1334 2397 1401 Teucrorum
2448 1340 2735 1401 avertere
2780 1335 3043 1421 regem'’

659 1447 725 1506 et
787 1442 949 1506 mire
1016 1442 1297 1507 Aeneam
1345 1439 1558 1505 noluit
1603 1443 1956 1507 nominare.
2007 1440 2422 1507 Honorantur
2469 1444 2643 1507 enim
2687 1444 2963 1508 minores
3011 1462 3050 1507 a

660 1548 1014 1613 maioribus
1067 1550 1122 1612 si
1169 1568 1284 1613 suo
1329 1548 1586 1613 nomine
1631 1547 1873 1612 fuerint
1919 1550 2271 1626 nominati,
2318 1554 2395 1613 ut
2446 1546 2719 1626 „Aeole,
2768 1568 3046 1633 namque

656 1654 844 1720 tibi’'.
893 1652 1128 1721 Contra
1172 1652 1561 1719 contumelia
1607 1660 1705 1719 est
1750 1656 1807 1719 si
1852 1656 2125 1720 maiores
2161 1675 2198 1720 a
2238 1655 2597 1721 minoribus
2631 1675 2747 1720 suo
2786 1656 3050 1720 nomine

656 1762 1086 1841 nominantur,
1150 1766 1226 1826 ut
1292 1759 1594 1839 „Iunonis
1657 1762 1877 1847 gravis
1939 1759 2078 1825 ira'’
2166 1765 2231 1826 et
2301 1782 2567 1877 „pacem
2612 1767 2676 1827 te
2722 1762 3047 1847 poscimus

643 1888 915 1960 τοιιιιιιιιι,
967 1866 1246 1933 Turne’ss

748 2082 1178 2149 Meminimus
1228 2080 1753 2147 Wessnerum
1800 2081 2021 2167 (praef.
2072 2104 2136 2169 p.
2186 2086 2373 2163 XLVI)
2418 2080 2931 2148 Sabbadinii
2975 2088 3043 2147 et

655 2190 1078 2258 Rabbovii
1134 2182 1432 2276 vestigiis
1478 2190 1885 2255 insistentem
1930 2190 2305 2267 coniecisse,
2353 2188 2742 2256 scholiorum
2792 2188 3045 2255 ordines

657 2297 714 2363 A
764 2303 827 2363 et
874 2298 927 2362 B
976 2279 1447 2382 repraesentare
1495 2278 1921 2382 exemplaria,
1971 2317 2134 2382 quae
2180 2302 2511 2381 excerptor
2557 2316 2725 2361 uuus
2771 2302 2837 2361 et
2883 2294 3047 2363 alter

656 2425 691 2470 e
759 2409 1120 2469 commento
1191 2402 1424 2468 Donati
1494 2409 1747 2469 servato
1816 2386 2093 2468 auctoris
2163 2405 2420 2469 nomine
2487 2403 2902 2469 confecissent
2971 2425 3045 2469 ac

657 2510 848 2596 „plus
910 2512 1210 2575 minusve
1272 2509 1721 2575 transformata
1770 2512 1838 2573 in
1888 2508 2416 2575 Terentianorum
2464 2510 2761 2575 codicum
2806 2513 3048 2597 margi-

653 2618 805 2682 nes''
864 2614 1373 2694 transtulissent;
1438 2614 1837 2700 Gompilator
1898 2621 2114 2681 autem
2175 2618 2290 2681 hos
2352 2616 2601 2681 ordines
2649 2616 2727 2681 ad
2774 2616 3042 2683 Phorm.

655 2723 718 2790 II
766 2721 805 2789 3
866 2722 1143 2789 alterum
1204 2726 1350 2807 post
1411 2720 1685 2787 alterum
1736 2722 2046 2801 dedisset,
2096 2722 2204 2787 sed
2254 2722 2399 2788 dein
2448 2722 2527 2787 ad
2575 2721 2837 2789 Phorm.
2886 2722 2950 2789 II
2999 2723 3041 2789 4

653 2852 858 2917 usque
921 2830 1000 2894 ad
1063 2828 1254 2893 finem
1318 2826 1569 2893 fabulae
1631 2826 1927 2915 neglecto
1988 2828 2190 2894 altero
2251 2828 2526 2895 alterum
2590 2829 3041 2897 tantummodo

653 2936 737 3019 (A
783 2935 888 3003 vel
935 2935 1016 3017 B)
1079 2931 1460 2999 rettulisset.
1532 2933 1699 3014 Quid
1772 2935 1848 2999 de
1910 2935 2028 2999 hac
2090 2936 2451 3001 coniectura
2507 2935 2892 3001 censendum
2956 2938 3042 3001 sit

651 3061 845 3128 supra
892 3042 1046 3107 satis
1092 3041 1442 3127 disputavi.
1490 3040 1677 3107 Nunc
1724 3040 1789 3105 id
1836 3045 2093 3107 tantum
2135 3062 2399 3121 monce,
2441 3062 2590 3107 cum
2628 3044 2697 3106 in
2738 3042 3037 3131 ordinum

650 3146 912 3214 scholiis
979 3149 1035 3211 A
1097 3152 1163 3213 et
1221 3146 1294 3226 B,
1360 3151 1502 3213 tum
1563 3148 1633 3211 in
1693 3145 1961 3233 reliquis
2022 3148 2100 3213 ad
2161 3148 2321 3213 Pho.
2384 3149 2447 3214 II
2497 3147 2537 3213 4
2577 3170 2712 3235 sqq.
2773 3168 3036 3235 prorsus

650 3254 929 3322 similem
976 3254 1262 3321 eiusdem
1307 3246 1787 3340 Interpolatoris
1846 3274 2103 3341 operam
2164 3256 2345 3321 nobis
2405 3254 2753 3321 identidem
2818 3255 3037 3342 depre-

651 3363 914 3427 hensam
978 3382 1149 3440 esse,
1189 3381 1407 3447 quam
1469 3367 1654 3427 antea
1716 3363 2054 3427 sescenties
2116 3360 2492 3429 offendimus
2536 3364 2603 3425 in
2652 3360 2907 3427 scholiis
2954 3362 3035 3427 ad

649 3466 925 3553 reliquas
987 3466 1233 3533 fabulas
1297 3473 1360 3533 et
1418 3469 1682 3533 initium
1745 3467 2185 3545 Phormionis,
2248 3466 2417 3533 unde
2480 3468 2769 3553 sequitur
2827 3467 3035 3534 illos

652 3572 986 3639 ordine-s
1048 3580 1128 3639 et
1187 3576 1714 3639 rarescentis.
1776 3573 2103 3642 scholia
2166 3576 2248 3639 in
2310 3573 2739 3659 reliquam
2787 3575 3032 3642 Phor-

651 3682 1016 3749 mionem
1079 3680 1173 3745 ad
1219 3679 1737 3766 exemplaria
1782 3680 1919 3747 vel
1965 3680 2393 3766 exemplar
2439 3684 2881 3747 commenti
2924 3704 3034 3749 re-

607 3786 1016 3856 ⁴vocanda
1078 3806 1290 3865 esse,
1355 3786 1570 3872 quod
1619 3786 1953 3866 abilin,
2001 3807 2241 3874 quem
2286 3786 2717 3855 Editorem
2764 3790 3066 3875 appel-'

648 3892 862 3971 lavi,
946 3891 1789 3978 interpolationibus
1868 3896 2028 3959 iam
2107 3915 2615 3981 magnopere
2696 3902 3034 3964 auctum

649 4005 893 4068 esset.
949 3998 1116 4079 Quid
1164 4004 1384 4065 autem
1432 3990 1721 4068 censeam
1770 4001 1845 4099 de
1893 4002 2192 4067 ordinum
2239 4001 2503 4068 illorum
2552 4006 3037 4070 rarescentium-

553 4127 558 4131 ’
647 4128 770 4193 que
827 4106 1217 4172 scholiorum
1264 4112 1522 4173 auctore
1568 4112 1634 4173 et
1681 4110 1931 4195 origine
1975 4111 2041 4174 in
2090 4111 2381 4195 sequenti
2427 4112 2633 4196 capite
2674 4111 2792 4176 sub
2838 4110 3033 4177 finem

645 4213 995 4283 declarabo·
