3392 5384
1191 420 1450 472 mous
1495 422 1875 473 »imon-mus.
2650 400 2737 473 65

351 589 522 653 infra
567 590 632 654 in
684 587 962 673 singulis
1026 586 1650 655 Commentariorum
1715 586 1874 652 locis
1936 587 2281 652 tractandis
2340 589 2740 665 notabimus,

350 694 554 773 unde,
610 695 736 760 nisi
782 696 998 759 omnia
1044 714 1148 759 me
1195 692 1463 769 fallunt,
1513 692 1678 758 clare
1727 692 2003 758 elucebit
2049 693 2331 758 codicem
2380 694 2437 757 A
2483 694 2742 758 omnino

352 800 626 887 dignum
688 821 856 876 esse,
921 800 999 864 ad
1062 821 1254 884 quem
1316 800 1624 864 Antonini
1672 804 2009 863 contextus
2057 797 2399 885 diligenter
2446 801 2745 884 exigatur

353 912 417 971 et
482 906 558 970 de
609 908 862 992 integro
909 912 1330 981 recenseatur,
1381 925 1506 989 qua
1551 907 1618 967 in
1663 925 1731 969 re
1778 903 2064 969 Stichius
2112 925 2238 969 non
2286 906 2502 969 omnia
2547 903 2749 968 absol-

354 1014 524 1077 visse
581 1011 841 1076 videtur
871 1010 940 1090 ¹).
1003 1011 1239 1075 Omnes
1301 1015 1519 1075 autem
1584 1017 1903 1094 quotquot
1950 1011 2186 1094 reperti
2233 1015 2383 1074 sunt
2440 1010 2747 1074 Antonini

359 1115 602 1181 codices
649 1137 686 1180 a
733 1118 1062 1181 communi
1109 1114 1384 1199 quodam
1434 1115 1630 1191 fonte,
1655 1135 1853 1199 eoque
1899 1136 2025 1179 non
2074 1117 2417 1201 purissimo
2464 1114 2747 1180 derivan-

363 1221 474 1287 dos
537 1243 708 1300 esse,
776 1220 960 1286 facile
1009 1224 1411 1306 perspicitur.
1460 1219 1640 1300 Quod
1688 1219 1793 1286 vel
1838 1219 2102 1285 lacunae
2149 1223 2217 1284 in
2264 1221 2561 1285 omnibus
2606 1242 2750 1305 apo·

359 1328 623 1414 graphis
685 1333 1084 1392 occurrentes
1144 1326 1227 1391 II.
1281 1325 1386 1404 12,
1435 1325 1509 1390 V.
1561 1324 1668 1402 36,
1718 1324 1855 1389 VII.
1912 1324 2015 1403 16,
2066 1324 2236 1390 VIII.
2289 1324 2396 1407 38,
2446 1327 2751 1391 evincunt

355 1454 597 1498 necnon
657 1438 756 1497 tot
818 1432 942 1497 loci
1005 1432 1320 1517 desperati
1383 1430 1530 1495 inde
1592 1431 1669 1494 ab
1734 1430 1783 1494 I.
1838 1428 1920 1494 16
1986 1432 2018 1503 ἦ
2084 1430 2212 1493 ἀπὸ
2277 1431 2507 1509 Δωρίου
2555 1430 2744 1502 στόλη

357 1538 683 1614 ἀνάγουσαι
745 1538 921 1603 κ.τ.ἓ.
972 1537 1078 1603 vel
1128 1534 1210 1601 17
1261 1536 1364 1601 καὶ
1415 1535 1630 1600 τούτου
1679 1536 1739 1598 ἕν
1791 1538 2028 1617 Καιήτῃ
2078 1534 2274 1614 ὥσπερ
2328 1537 2528 1614 χρήση
2581 1535 2748 1601 clare

359 1644 796 1709 demonstrant
823 1641 895 1723 ²).
947 1642 1120 1722 Quae
1169 1664 1266 1707 res
1315 1647 1528 1726 aperte
1575 1647 1827 1720 monet,
1876 1662 1954 1706 ne
2002 1644 2193 1706 citius
2244 1641 2584 1727 vulgatam
2631 1642 2751 1727 lec-⁸

357 1750 599 1813 tionem
664 1749 1006 1833 probemus
1069 1768 1231 1813 neve
1296 1749 1512 1812 omnia
1558 1765 1710 1811 sana
1756 1767 1891 1811 esse
1940 1749 2421 1824 existimemus,
2472 1749 2747 1830 quoties-

358 1875 606 1938 cunque
646 1854 891 1919 codices
934 1855 1317 1938 conspirent.
1359 1853 1567 1917 Immo
1600 1852 2107 1930 emendationes,
2151 1853 2369 1937 quales
2393 1859 2544 1917 sunt
2567 1873 2620 1917 e.
2647 1874 2747 1938 gr.

361 1956 671 2025 Gatakeri
712 1958 827 2023 XI.
868 1958 954 2024 26
995 1980 1110 2044 pro
1154 1960 1461 2037 Ἐφεσίων
1501 1959 1728 2022 invitis
1770 1959 2068 2023 omnibus
2107 1958 2284 2023 codd.
2326 1960 2748 2036 Ἐπικουρείων

363 2066 734 2142 scribentis,
804 2064 1005 2130 Loftii
1065 2065 1147 2128 X.
1216 2063 1298 2128 13
1360 2085 1475 2148 pro
1538 2062 1795 2140 γένηται
1858 2063 2139 2142 elymae
2202 2066 2618 2149 corrigentis,
2685 2075 2751 2128 et

363 2172 808 2256 sagacissimae
871 2176 933 2234 et
997 2171 1280 2235 maxime
1341 2172 1726 2235 necessariae
1787 2177 2003 2254 aperte
2066 2169 2294 2234 docent
2338 2172 2406 2232 in
2453 2172 2591 2254 ipsa
2635 2167 2750 2233 illa

364 2278 646 2360 speciosa
707 2281 770 2339 et
830 2275 1042 2341 fallaci
1103 2275 1394 2341 codicum
1443 2275 1777 2340 concordia
1824 2294 2019 2359 quam
2064 2277 2345 2340 maxime
2394 2273 2750 2340 cavendum

429 2563 483 2626 1)
515 2564 664 2627 Saepe
698 2577 898 2612 numero
931 2562 1118 2621 accidit,
1156 2565 1209 2611 ut
1242 2563 1343 2611 cod.
1375 2565 1417 2611 Δ
1450 2562 1666 2611 virorum
1703 2563 1955 2611 doctorum
1981 2562 2335 2611 emendationes
2362 2562 2742 2627 comprobaverit

357 2646 407 2693 et
441 2644 726 2693 auctoritate
759 2660 843 2693 sua
877 2644 1246 2693 confirmaverit.
1293 2644 1440 2693 Cuius
1473 2645 1658 2707 generis
1686 2644 1921 2709 plurimos
1949 2645 2077 2693 locos
2105 2646 2231 2710 apud
2259 2645 2554 2694 Gatakerum
2584 2646 2747 2694 videre

358 2727 457 2783 est3
494 2724 629 2774 Stich
666 2728 771 2789 post
803 2725 1012 2774 codicem
1049 2728 1293 2791 repertum
1326 2726 1642 2774 correctiones
1676 2741 1990 2790 supervacuas
2018 2741 2284 2775 memorare
2316 2726 2487 2774 merito
2519 2726 2741 2789 neglexit.

358 2808 599 2871 Superest,
651 2811 706 2855 ut
751 2806 895 2856 etiam
943 2806 1056 2866 illae
1101 2806 1406 2856 coniecturae
1450 2806 1500 2855 in
1545 2810 1777 2872 apparatu
1822 2806 1989 2855 critico
2034 2809 2329 2870 premantur,
2376 2822 2492 2870 quas
2534 2807 2629 2855 viri
2672 2822 2748 2855 su-

356 2888 562 2953 perioris
594 2887 764 2936 aetatis
795 2903 834 2935 a·
857 2890 993 2937 textu
1028 2891 1217 2952 recepto
1253 2888 1456 2952 profecti
1487 2888 1733 2959 ingeniose
1768 2904 1878 2936 sane
1911 2888 2315 2950 excogitaverunt,
2344 2882 2554 2951 'cognitis
2588 2895 2749 2937 tamen

363 2970 464 3018 cod.
503 2971 545 3017 Δ
582 2968 863 3018 lectionibus
897 2968 973 3017 vel
1005 2969 1098 3033 ipsi
1134 2971 1415 3018 retractatas
1449 2969 1642 3018 vellent.
1678 2969 1759 3018 Sic
1794 2970 1877 3018 VI.
1917 2971 1979 3017 50
2014 2970 2131 3018 olim
2169 2969 2437 3032 legebatur:
2473 2974 2617 3030 πειρῶ
2655 2968 2746 3028 μὲν

363 3048 543 3098 πείθειν
593 3047 794 3105 αὐτοὺς,
843 3052 1039 3109 πρᾶττε
1093 3046 1147 3097 δὲ
1195 3048 1282 3097 καὶ
1325 3053 1424 3097 τῶν
1469 3048 1703 3107 ἀκόντων,
1751 3052 1873 3099 unde
1910 3051 2161 3114 Menagius
2197 3049 2279 3098 καὶ
2317 3048 2483 3098 αὐτῶν
2527 3049 2604 3105 εἰς
2651 3050 2748 3099 iam

363 3132 467 3180 cod.
513 3132 558 3179 A
607 3134 804 3191 πρᾶττε
847 3127 902 3179 δὲ
936 3129 1022 3178 καὶ
1055 3129 1287 3187 ἀκόντων,
1319 3132 1513 3181 fortiter
1546 3135 1595 3180 et
1628 3132 1888 3195 eleganter,
1922 3132 1993 3181 ita
2028 3136 2080 3180 ut
2115 3135 2163 3180 et
2196 3132 2495 3180 coniecturae
2532 3131 2749 3195 Menagii

364 3212 728 3271 fundamentum
780 3211 1090 3261 subtrahatur
1142 3216 1191 3261 et
1242 3213 1397 3261 omnis
1446 3213 1729 3261 emendandi
1778 3213 2028 3261 necessitas
2077 3217 2337 3261 evanescat.
2382 3213 2560 3261 Eodem
2593 3213 2752 3276 capite

363 3294 490 3342 idem
541 3294 712 3343 accidit
764 3293 976 3353 Reiski0‚
1022 3294 1105 3357 qui
1156 3309 1245 3358 pro
1292 3294 1488 3357 vulgato
1535 3293 1709 3356 ὀρέγου
1759 3294 1916 3343 voluit
1965 3291 2128 3357 ὀρέγῃ,
2164 3302 2213 3342 at
2246 3297 2285 3342 A
2324 3291 2509 3354 ὦρέγου
2545 3292 2734 3341 exhibet

363 3376 491 3438 quod
528 3375 665 3424 unice
697 3378 862 3439 aptum
898 3378 984 3423 est.

429 3458 486 3521 2)
534 3456 624 3504 Vir
669 3455 959 3505 clarissimus
1002 3455 1211 3505 Schenkl
1255 3456 1305 3504 in
1342 3457 1611 3505 recensione
1646 3457 1720 3505 ed.
1756 3456 2026 3505 Stichianae
2060 3440 2375 3518 (Ber1.'Phi1.
2411 3455 2750 3506 Wochenschr.

365 3538 430 3587 26
481 3539 605 3601 Aug.
657 3538 807 3598 1905)
857 3537 1170 3601 suspicionem
1223 3537 1476 3587 ventilavit
1526 3539 1735 3587 codicem
1784 3538 2097 3601 archetypum
2143 3540 2339 3587 externa
2372 3539 2577 3601 quadam
2610 3554 2752 3588 causa

364 3619 643 3669 mutilatum
688 3618 859 3677 fuisse,
907 3620 1029 3668 unde
1073 3619 1252 3668 factum
1297 3620 1388 3679 sit,
1438 3624 1490 3669 ut
1535 3624 1665 3669 certo
1714 3620 1985 3678 intervallo,
2034 3636 2097 3669 sc.
2144 3635 2366 3668 versuum
2413 3619 2606 3668 circiter
2652 3621 2750 3678 Lx,

364 3716 531 3764 graves
582 3704 630 3749 et
679 3699 961 3749 insanabiles
1011 3702 1311 3765 corruptelae
1363 3706 1640 3753 occurrant:
1701 3701 2018 3750 „vermutlich
2064 3701 2220 3750 istan
2258 3700 2410 3749 dieser
2446 3701 2753 3765 Entstellung

364 3782 470 3831 eine
517 3781 807 3831 auszerliche
855 3782 1218 3845 Beschiidigung
1263 3783 1454 3841 schuld3
1506 3784 1629 3832 deun
1675 3783 1898 3832 ahnliche
1932 3783 2109 3841 starke,
2147 3782 2286 3831 meist
2322 3781 2597 3830 unheilbare
2635 3783 2750 3829 Ver-

363 3863 604 3913 derbnisse
637 3864 952 3912 wiederholen
987 3865 1086 3912 sich
1115 3865 1166 3913 in
1198 3864 1563 3927 regelmaszigen
1595 3865 2033 3913 Zwischenriiumen
2063 3878 2155 3913 von
2186 3868 2329 3913 etwas
2360 3863 2475 3911 iiber
2506 3865 2571 3911 60
2588 3863 2751 3913 Zeilen

363 3946 478 3994 oder
515 3945 791 3994 Vielfachen
826 3945 980 3994 dieser
1015 3945 1161 4004 Zah13
1196 3961 1306 3994 vom
1333 3947 1522 4009 Anfang
1557 3946 1632 3995 bis
1669 3949 1714 3994 3.
1734 3948 1799 3996 23
1826 3968 1875 3988 =
1902 3946 1967 3995 62
2004 3945 2190 4004 Zeilen3
2224 3944 2295 3993 bis
2325 3946 2370 3993 8.
2389 3944 2451 3995 28
2480 3966 2529 3987 =
2557 3946 2652 3994 122
2673 3946 2750 4005 Z.;

365 4026 438 4075 bis
484 4027 565 4075 11.
587 4026 648 4078 17
675 4048 723 4068 =
751 4028 815 4075 64
852 4027 927 4085 Ζ.;
976 4026 1048 4075 bis
1093 4028 1171 4075 14.
1192 4028 1253 4077 15
1281 4048 1328 4069 =
1356 4028 1418 4077 65
1457 4028 1530 4086 Ζ.;
1594 4026 1666 4075 bis
1716 4027 1795 4079 17.
1818 4028 1848 4075 6
1874 4048 1921 4069 =
1949 4028 2012 4076 62
2048 4028 2126 4085 Z.;
2173 4025 2244 4074 bis
2279 4026 2359 4075 24.
2378 4027 2442 4076 22
2469 4047 2517 4067 =
2546 4027 2641 4074 188
2675 4027 2750 4084 Z.;

362 4106 434 4156 bis
471 4108 549 4156 30.
571 4110 601 4156 3
627 4130 676 4149 =
705 4108 800 4156 130
834 4109 884 4156 Ζ.
923 4108 1104 4156 Weiter
1138 4108 1257 4157 habe
1290 4108 1367 4157 ich
1404 4109 1479 4157 die
1513 4110 1663 4157 Sache
1697 4108 1833 4157 nicht
1867 4108 2124 4171 verfolgt.”
2169 4107 2401 4156 Prudenti
2437 4107 2638 4155 consilio
2673 4108 2751 4156 hic

364 4188 580 4238 substitit
613 4188 689 4236 vir
722 4189 1039 4247 clarissimus;
1075 4205 1227 4252 neque
1261 4189 1386 4238 enim
1421 4190 1463 4237 si
1499 4191 1664 4239 eodem
1698 4190 1838 4238 modo
1872 4189 2031 4253 pergis
2066 4189 2364 4253 perlustrans
2400 4187 2526 4236 locos
2561 4188 2639 4237 32.
2663 4189 2750 4247 18;

370 4272 450 4319 35.
474 4269 529 4327 7;
569 4269 760 4328 37.21;
795 4271 985 4327 40.11;
1020 4271 1103 4319 42.
1121 4271 1184 4319 28
1197 4291 1210 4329 ;
1244 4273 1437 4330 45.10;
1471 4274 1632 4331 48.4;
1673 4270 1833 4321 5017
1869 4286 2035 4333 graves
2063 4270 2176 4318 illae
2205 4269 2505 4333 corruptelae
2522 4274 2754 4334 apparent

360 4355 410 4400 et
442 4351 496 4399 in
530 4351 647 4415 ipsis
678 4351 805 4409 illis,
839 4367 957 4414 quos
989 4352 1171 4409 attulit,
1208 4352 1324 4401 locis
1356 4353 1450 4401 duo
1478 4353 1648 4401 saltem
1678 4353 1942 4416 excipiendi
1974 4352 2200 4400 videntur
2228 4366 2290 4399 sc.
2323 4353 2399 4399 14.
2425 4351 2483 4399 15
2504 4356 2551 4400 et
2572 4352 2648 4400 24.
2671 4353 2751 4411 22,

369 4447 573 4495 quorum
620 4432 829 4495 priorem
877 4431 1117 4479 lenissima
1154 4433 1336 4481 medela
1371 4434 1549 4482 dudum
1583 4434 1772 4482 sanavit
1812 4433 2009 4481 Boetius
2046 4432 2438 4497 haplographiam
2474 4433 2753 4497 suspicatus,

366 4512 491 4561 alter
525 4513 721 4561 omnino
754 4512 940 4576 integer
973 4528 1072 4561 esse
1105 4514 1308 4563 videtur.
