3392 5384
678 367 813 436 200
1719 385 2034 434 noturus.

768 551 865 633 (1)
932 552 1249 639 „Liquet”
1315 551 1640 638 liquidum
1704 556 1837 629 est,
1902 556 2199 617 constans
2246 557 2312 616 et
2358 551 2778 618 manifestum
2830 556 2896 616 et
2941 571 3080 616 cer-

676 665 841 725 tum.
891 698 977 708 -
1026 659 1122 740 (2)
1169 659 1253 724 Et
1300 661 1390 723 sic
1440 657 1718 744 „liquit”
1766 679 1879 743 pro
1924 656 2248 744 liquidum
2294 663 2427 735 est,
2467 661 2544 722 ut
2588 656 2915 734 „claudit”
2952 678 3077 743 pro

676 764 979 833 claudum
1027 772 1157 842 est,
1207 769 1283 830 ut
1330 764 1499 850 apud
1546 763 1930 830 Sallustium
1983 762 2188 842 „nihil
2229 762 2512 829 socordia
2552 761 2928 829 claudebat”
2980 801 3074 813 —

676 878 743 938 et
810 876 908 936 est
980 869 1271 956 „liquet”
1351 871 1620 936 verbum
1689 872 1885 947 iuris,
1959 891 2084 956 quo
2156 870 2503 935 utebantur
2571 869 2848 944 iudices,
2915 890 3077 934 cum

677 978 1043 1064 amplius
1082 977 1796 1064 pronuntiabant,
1838 977 2227 1042 obscuritate
2265 978 2571 1042 commoti
2604 995 2832 1042 causae
2854 978 3074 1062 magis

677 1105 871 1171 quam
933 1087 1181 1170 negotii
1238 1082 1672 1171 simplicit-ate.
1813 1082 1910 1164 (3)
1978 1082 2364 1162 „Deierare”
2432 1082 2614 1148 valde
2683 1084 2927 1161 iurare,
2989 1088 3072 1147 ut

676 1191 860 1271 (Hec.
915 1189 1003 1254 IV
1056 1189 1258 1268 1.14)
1325 1188 1686 1267 „demiror”
1753 1195 1818 1254 et
1881 1189 2150 1266 „deamo
2213 1194 2311 1267 te,
2375 1187 2584 1276 Syre”
2649 1188 2914 1268 (Heaut.
2976 1187 3070 1252 IV

682 1297 741 1364 6.
768 1296 905 1378 21),
968 1335 1053 1347 --
1116 1298 1172 1361 si
1236 1296 1327 1361 de
1364 1295 1683 1381 producta
1729 1294 2001 1382 legeris,
2050 1297 2105 1361 si
2153 1302 2472 1381 correpta,
2522 1294 2671 1360 deos
2717 1296 2926 1360 iurare
2971 1296 3076 1359 in-

679 1401 1024 1489 telligitu‘r.

766 1509 1101 1575 Scholium
1163 1509 1397 1574 Donati
1445 1510 1821 1573 continuum
1868 1510 1944 1575 de
1996 1508 2283 1594 „liquet”
2334 1509 2752 1593 deturpatum
2797 1513 2894 1572 est
2938 1529 3076 1572 em-

675 1615 954 1684 blemate
1014 1638 1051 1681 a
1112 1615 1445 1680 Wessnero
1506 1636 1758 1701 quoque
1805 1615 2173 1702 designat0,
2222 1614 2390 1701 quod
2436 1637 2564 1679 non
2613 1619 2829 1679 tamen
2879 1613 3078 1681 Gom-

677 1722 912 1808 pilator
981 1743 1095 1806 per
1163 1742 1444 1786 errorem
1514 1719 1809 1786 alicunde
1879 1722 2005 1786 huc
2066 1720 2332 1798 intulit,
2405 1720 2515 1786 sed
2578 1718 2872 1786 consulto
2929 1723 3077 1805 ipse

676 1828 922 1906 Editor,
963 1831 1206 1893 iactans
1244 1849 1310 1893 se
1350 1827 1595 1913 plumis
1636 1827 1818 1893 Aelio
1858 1830 2208 1913 surreptis,
2252 1829 2362 1913 qui
2403 1826 2673 1893 Sallusti
2698 1825 3074 1913 exemplum

677 1941 825 2020 apte
885 1935 1227 2018 usurpavit
1288 1933 1366 1998 ad
1425 1934 1458 1998 I
1505 1933 1567 1998 2.
1596 1933 1703 2011 84,
1767 1934 1924 1999 dum
1975 1934 2038 1998 h.
2087 1933 2131 1999 l.
2161 1936 2475 2020 ineptum
2519 1938 2650 2011 est,
2701 1936 2845 2019 quis
2893 1936 3072 1998 enim

679 2041 935 2126 putabit
1006 2038 1425 2117 „claudebat”
1495 2040 1600 2105 hic
1671 2062 1787 2125 pro
1861 2039 2204 2118 „claudum
2277 2039 2455 2106 erat,’'
2530 2043 2814 2125 positum
2885 2038 3072 2105 esse?

679 2148 903 2212 Minus
965 2146 1124 2210 bene
1172 2145 1693 2223 Wessnerus,
1757 2146 1992 2211 Sabb.
2057 2152 2346 2223 secuturi,
2397 2167 2531 2210 rem
2580 2149 2784 2232 gessit
2829 2148 2895 2210 in
2944 2145 3068 2225 (3),

677 2253 791 2318 ubi
839 2252 1220 2328 „Deierare”
1263 2250 1452 2317 valde
1492 2251 1787 2329 „iurare”
1831 2273 1978 2317 cum
2019 2250 2329 2337 exemplis
2364 2254 2744 2317 iustissimis
2775 2252 3072 2338 Hecyrae

677 2364 743 2425 et
791 2359 1545 2432 Heautontimorumeni,
1595 2379 1758 2444 quae
1809 2357 2051 2423 Wessn.
2099 2357 2424 2423 inclinatis
2463 2356 2700 2424 litteris
2738 2361 3070 2443 expressit,

677 2463 859 2531 Aelio
922 2464 1126 2529 danda
1188 2469 1371 2541 sunt,
1436 2461 1684 2549 reliqua
1749 2466 1878 2542 („si
1923 2463 2013 2528 de
2061 2485 2122 2549 p.
2172 2463 2216 2529 1.
2265 2470 2445 2541 cett.)
2489 2463 2762 2528 Editori.
2828 2463 2936 2528 De
2996 2466 3069 2528 in

677 2573 1045 2655 compositis
1110 2569 1470 2656 significare
1532 2568 1813 2646 valde,
1885 2571 2118 2634 tritum
2187 2574 2286 2635 est
2348 2567 2811 2636 Grammaticis
2873 2573 2939 2634 et
2998 2572 3072 2634 in

677 2682 1041 2742 commento
1082 2675 1273 2756 (Eun.
1322 2673 1384 2738 II
1432 2674 1493 2740 2.
1524 2674 1631 2751 49,
1698 2676 1814 2739 ubi
1861 2675 2008 2742 vide
2049 2673 2173 2752 W„
2222 2675 2342 2740 Ad.
2389 2673 2478 2740 IV
2530 2675 2591 2740 6.
2624 2675 2687 2755 l)
2737 2675 2846 2741 sed
2894 2675 3074 2741 diffe-

675 2783 881 2846 rentia
943 2782 1323 2846 deierare
1386 2782 1486 2858 „si
1548 2780 1695 2845 deos
1754 2782 1966 2845 iurare
2029 2779 2478 2866 intellegitur”
2538 2781 2788 2846 Donato
2833 2781 3068 2848 saltem

675 2910 801 2954 non
849 2885 1095 2964 valuit,
1146 2889 1258 2972 qui
1304 2888 1557 2971 scripsit
1606 2886 1685 2951 ad
1725 2886 1881 2951 Hee.
1916 2877 1978 2949 'V
2021 2885 2080 2952 1.
2110 2886 2148 2951 5
2177 2886 2274 2966 (1)
2317 2887 2642 2966 „deierat”
2686 2887 2834 2953 deos
2871 2890 3072 2954 iurat.

764 2994 898 3060 Nec
962 3015 1085 3058 non
1149 2993 1392 3058 ibidem
1455 2992 1878 3080 Interpolator
1939 2992 2218 3059 addidit:
2284 2993 2381 3074 (3)
2435 2997 2494 3058 si
2537 2999 2824 3079 correpte
2873 2994 3072 3060 deos

675 3103 935 3177 iurat,
1000 3102 1055 3164 si
1116 3100 1420 3185 producte
1489 3098 1730 3165 valde
1775 3103 2046 3178 iurat,
2095 3100 2265 3186 quod
2311 3100 2578 3166 fortasse
2626 3102 2762 3186 ipse
2810 3103 3064 3186 primus

674 3208 1043 3292 proposuit,
1110 3211 1185 3269 ut
1245 3211 1343 3270 est
1401 3205 1608 3271 audax
1671 3205 2177 3271 differentiarum
2231 3208 2552 3272 inventor.
2631 3206 2835 3284 Alibi,
2893 3208 3062 3293 quod

674 3297 903 3391 sciam,
952 3314 1105 3378 haec
1153 3312 1505 3378 differentia
1551 3333 1869 3397 nusquam
1916 3314 2252 3397 reperitur.
2307 3336 2316 3342 ·

763 3420 925 3485 Ibid.
977 3419 1063 3483 45
1128 3417 1446 3486 Continuo
1510 3421 1785 3484 accurrit-
1843 3418 1922 3484 ad
1987 3439 2093 3484 me
2143 3467 2157 3483 .
2189 3467 2203 3484 .
2233 3465 2248 3484 .
2297 3421 2638 3497 incurvus,
2701 3418 3064 3499 tremulus,

672 3525 868 3592 labris
915 3525 1243 3603 demissiS,
1291 3546 1577 3611 gemens.

765 3631 860 3713 (1)
901 3631 991 3697 Ut
1030 3633 1244 3697 omnia
1282 3631 1573 3696 ostendat
1608 3634 1675 3696 in
1716 3633 2102 3696 contrarium
2145 3633 2269 3697 sibi
2307 3653 2521 3709 versa,
2563 3634 2760 3697 etiam
2799 3653 3060 3698 cursum

673 3739 973 3804 attribuit
1026 3739 1187 3803 cani.
1254 3811 1261 3817 .
1373 3737 1469 3818 (2)
1534 3737 1799 3803 Labra
1847 3746 1998 3803 sunt
2042 3741 2409 3824 superiora,
2457 3738 2681 3804 labia
2725 3739 3064 3816 inferiora,

674 3882 760 3895 —
823 3844 1117 3909 labeae
1182 3845 1507 3909 asinorum
1573 3846 1829 3929 proprie
1891 3844 2192 3909 dicuntur
2240 3866 2360 3924 —3
2430 3845 2775 3931 „gemens”
2841 3850 3064 3911 autem

674 3952 754 4017 ob
819 3953 1186 4017 continuam
1235 3952 1505 4030 tussim,
1554 3952 1644 4016 sic
1691 3949 1982 4015 Lucilius
2032 3997 2047 4015 .
2076 4001 2090 4017 .
2123 3999 2137 4015 .
2277 3951 2373 4032 (3)
2425 3950 2824 4027 „Incurvus”
2874 3951 3064 4016 valde

673 4078 943 4133 curvus,
994 4062 1070 4121 ut
1115 4055 1443 4143 Vergilius
1493 4055 1791 4134 „Turnus
1839 4063 1915 4121 ut
1960 4056 2304 4122 infractos’'
2355 4056 2608 4136 (12.1),
2671 4057 3060 4134 „infractos”

673 4165 845 4228 enim
909 4162 1096 4228 valde
1156 4163 1387 4228 fractos
1448 4163 1769 4250 significat
1789 4213 1804 4240 ,
1869 4184 2017 4228 nam
2079 4166 2164 4228 in
2213 4166 2600 4249 praepositio
2647 4184 2818 4228 nunc
2863 4169 3066 4250 auget

672 4290 841 4333 nunc
904 4271 1144 4334 minuit
1200 4269 1544 4335 dictionem
1576 4269 1644 4350 ¹).
1830 4269 1927 4350 (4)
1987 4269 2075 4335 Et
2120 4275 2290 4335 recte
2339 4272 2535 4335 etiam
2587 4270 3063 4336 deformitatem

743 4515 794 4574 l)
836 4513 1004 4563 Festus
1044 4515 1137 4563 114
1172 4513 1400 4580 Ingens
1434 4513 1613 4564 dicitur
1648 4514 1852 4577 augendi
1887 4513 2244 4573 consuetudine,
2280 4517 2333 4563 ut
2364 4513 2638 4574 inclamare,
2668 4513 2906 4565 invocare.
2937 4516 3066 4582 Quia
