3392 5384
966 691 1051 738 An
1099 689 1433 739 Ams'ropn.
1480 688 1660 739 PA01s
1711 670 1794 738 73
1842 689 2176 738 souomon.

471 890 652 954 Pacis
698 887 949 953 fabulae
997 887 1336 953 exordium
1374 887 1786 952 recordamur
1824 907 2063 952 omneS.
2114 886 2258 952 Duo
2298 889 2580 952 ministri
2617 893 2765 952 ante

354 999 620 1062 *ostium
661 1001 1017 1072 versantur,
1057 1015 1331 1080 quorum
1372 994 1533 1058 alter
1573 995 1788 1058 voraci
1828 993 2080 1058 cuidam
2128 998 2414 1059 monstro
2453 992 2766 1078 pabulum

374 1108 594 1190 parat,
644 1099 805 1167 alter
852 1103 1075 1166 statim
1122 1105 1371 1187 paratas
1418 1099 1599 1164 affert
1637 1099 1809 1165 offas.
1861 1099 2044 1165 Intus
2083 1101 2394 1164 nimirum
2435 1103 2768 1186 ingentem

379 1207 789 1273 scarabaeum
835 1205 953 1271 alit
992 1205 1326 1284 dominus3
1378 1207 1489 1291 (1111
1527 1207 1695 1270 111110
1742 1205 1956 1270 furore
1997 1214 2327 1291 correptus
2364 1213 2428 1271 et
2463 1206 2530 1270 id
2571 1227 2776 1272 unum

378 1333 575 1400 agens
619 1320 693 1378 ut
739 1311 990 1378 caelum
1042 1313 1259 1387 adeat,
1308 1310 1602 1378 alicunde

834 1419 1135 1496 εἰσήγαγ’
1158 1499 1165 1506 θ
1189 1418 1474 1482 Αἰτναῖον
1521 1416 1824 1494 μέγιστον
1874 1418 2186 1496 κάνθαρον.

476 1524 719 1603 „Secum
754 1523 823 1587 in
858 1525 1089 1588 domum
1127 1523 1385 1614 adduxit
1418 1523 1708 1603 inqentem
1748 1525 2044 1610 quendam
2084 1527 2408 1588 Aetnaeum
2439 1572 2452 1588 .
2477 1572 2490 1588 .
2513 1525 2573 1588 .''
2623 1525 2779 1590 haec

380 1634 493 1716 qui
534 1632 844 1716 audivit,
909 1632 1283 1716 proximum
1331 1628 1720 1696 vocabulum
1771 1636 2067 1716 expectat
2115 1653 2322 1716 equum
2337 1652 2356 1711 ;
2413 1651 2562 1696 nam
2610 1630 2780 1697 clara

385 1737 501 1803 illo
565 1743 853 1823 tempore
900 1742 1079 1829 erant
1124 1739 1417 1803 iumenta
1462 1737 1744 1804 Aetnaea
1765 1786 1784 1815 ,
1833 1757 1995 1822 quae
2041 1738 2109 1800 in
2157 1735 2345 1802 laet-is
2391 1740 2634 1824 campis
2683 1738 2781 1803 Si-

385 1842 573 1909 ciliae
636 1842 973 1909 alebantur
1033 1849 1097 1908 et
1164 1865 1369 1929 nuper
1430 1865 1580 1908 cum
1641 1846 1783 1931 ipsa
1829 1842 2049 1912 Sicilia
2095 1842 2330 1909 melius
2373 1847 2781 1911 innotuerant

390 1949 912 2015 Atheniensibus.
2197 2029 2201 2035 1

476 2055 702 2142 Itaque
765 2077 914 2121 cum
976 2077 1201 2122 servus
1260 2054 1654 2121 vocabulum
1721 2054 1912 2134 „2de
1943 2103 1957 2120 .
1989 2103 2004 2120 .
2035 2056 2072 2122 .’
2166 2055 2461 2143 proloqui
2514 2060 2780 2144 incipit,

374 2178 586 2229 ’nemo
648 2169 745 2228 est
804 2166 975 2229 inter
1036 2163 1391 2242 auditores,
1457 2166 1613 2249 quin
1679 2160 2085 2241 „navosq'mov”
2149 2163 2218 2228 id
2263 2164 2394 2234 fore
2442 2169 2648 2250 putet.
2698 2168 2784 2229 At

392 2273 693 2334 Aetnaeus
754 2269 859 2334 hic
921 2291 1049 2335 non
1107 2293 1179 2332 ca
1204 2316 1219 2335 .
1251 2317 1265 2334 .
1296 2318 1311 2335 .
1339 2270 1538 2333 balbus
1598 2269 1820 2336 evadit
1867 2269 1976 2335 sed
2023 2293 2095 2333 ca
2120 2318 2134 2335 .
2165 2318 2178 2336 .
2209 2318 2223 2334 .
2249 2272 2526 2335 ntkarus.
2588 2270 2783 2335 Hunc

391 2376 824 2443 concreditum
864 2377 986 2442 sibi
1026 2376 1265 2442 habent
1303 2378 1621 2451 ministri,
1665 2375 1914 2462 Pegaso
1955 2377 2074 2442 hoe
2112 2398 2320 2443 novus
2360 2375 2782 2463 Bellerophon

388 2505 542 2550 mox
587 2504 701 2569 per
747 2487 958 2548 aerem
1010 2483 1283 2548 vehetur
1330 2483 1410 2548 ad
1455 2482 1635 2548 sedes
1686 2482 1974 2548 deorum.

483 2587 825 2656 Intellectu
862 2589 1016 2654 haec
1054 2594 1206 2655 sunt
1228 2588 1469 2667 facilia,
1498 2592 1651 2654 sunt
1674 2587 1917 2675 lepida,
1944 2596 2096 2654 sunt
2120 2611 2271 2656 vere
2296 2590 2781 2676 Aristophanea.

481 2696 694 2761 Nimis
740 2694 951 2760 facilia
998 2697 1138 2761 visa
1184 2702 1336 2760 sunt
1385 2698 1524 2760 viro
1562 2695 1760 2762 alicui
1800 2717 2030 2762 vesane
2070 2697 2274 2762 doct0.
2323 2697 2565 2763 Sonum
2607 2699 2785 2764 vocis

394 2806 502 2868 τοῦ
551 2803 968 2882 χαλκεντέρου
1018 2802 1257 2866 ἐκείνου·
1287 2806 1611 2889 percipere
1650 2802 1817 2867 mihi
1855 2804 2110 2882 videon
2155 2804 2264 2869 sed
2305 2787 2597 2890 quisquis
2636 2804 2784 2882 fuit,

384 2904 624 2975 'comici
678 2907 899 2974 ‘verba‘
944 2909 1162 2975 obruit
1205 2909 1523 2995 farragine
1571 2909 1893 2992 doctrinae
1941 2909 2108 2976 male
2145 2905 2464 2997 digestae.
2513 2906 2788 2976 Demon-

393 3021 671 3080 stratum
735 3017 863 3081 ivit
914 3017 1259 3093 nimirum,
1318 3017 1676 3092 „maximos
1723 3017 1789 3079 in
1837 3017 2045 3081 Aetna
2089 3026 2308 3082 monte
2353 3019 2545 3104 gigni
2587 3037 2787 3082 scara-

394 3123 613 3199 baeos,
670 3123 944 3187 testibus
992 3121 1379 3207 Epicharmo
1429 3121 1749 3208 Aeschylo
1799 3120 2113 3208 Sophocle
2160 3121 2426 3189 Platone
2472 3122 2786 3188 comico''.

485 3226 663 3293 Haec
725 3248 875 3293 vero
937 3248 1251 3313 quaenam
1312 3233 1465 3292 sunt
1522 3224 1885 3292 insomnia?
1946 3226 2297 3293 Sumamus
2360 3229 2631 3294 testibus
2681 3276 2696 3293 .
2726 3276 2740 3292 .
2770 3277 2786 3294 .

384 3335 518 3398 'non
580 3336 787 3419 poetis
850 3333 1271 3420 quibusdam,
1334 3332 1444 3399 sed
1505 3334 1663 3412 viris
1728 3336 1839 3418 (1111
1887 3354 2101 3398 rerum
2150 3333 2545 3399 naturalium
2597 3336 2840 3420 periti‘

396 3444 547 3505 sunt
603 3439 709 3505 vel
770 3439 927 3506 olim
992 3441 1281 3519 fuerunt,
1350 3445 1513 3506 teste
1561 3439 1903 3505 Aristotele
1951 3443 2160 3526 igitur
2211 3440 2311 3506 vel
2354 3441 2636 3506 Linuaeo
2685 3438 2790 3506 vel

383 3544 697 3636 ‚Evertsio'
728 3551 1043 3625 nostrate,
1084 3546 1510 3634 praegrandes
1552 3545 1798 3631 aliquos
1839 3547 2204 3612 scarabaeos
2246 3549 2484 3613 vixisse
2521 3549 2588 3611 in
2613 3549 2790 3632 iugis

402 3652 734 3728 Aetnaeis,
787 3688 871 3700 --
918 3673 1254 3717 sumamus
1318 3652 1740 3717 Athenienses
1802 3650 2092 3717 Siciliam
2150 3655 2430 3718 visentes
2487 3653 2643 3717 artis
2690 3673 2792 3717 en·

395 3756 819 3844 tomologicae
881 3757 1077 3823 fuisse
1140 3761 1455 3823 curiosos:
1505 3757 1822 3824 meliusne
1871 3761 1960 3823 sic
2007 3758 2424 3846 intellegetur
2469 3761 2648 3824 iocus
2693 3779 2791 3823 co-

396 3859 591 3927 mici?
638 3863 1000 3928 Faciliusne
1048 3865 1321 3929 vehetur
1363 3867 1643 3929 rusticus
1692 3865 1950 3929 Atticus
1987 3864 2294 3944 bestiola,
2336 3867 2520 3931 cuius
2561 3885 2789 3950 corpus

394 3973 525 4034 tres
573 3974 929 4053 quatuorve
976 3974 1369 4035 transversos
1407 3969 1648 4056 digitos
1686 3973 1772 4035 sit
1809 3969 2116 4058 longum,
2161 3993 2354 4058 quam
2393 3970 2788 4037 melolontha

394 4072 657 4160 vulgari
706 4073 1018 4141 lucanove
1068 4073 1298 4142 cervo?

488 4180 622 4247 Nae
682 4184 916 4268 nugari
978 4183 1279 4248 videmur
1338 4183 1493 4247 dum
1555 4185 1650 4247 ita
1696 4183 1773 4248 de
1821 4185 2052 4248 comici
2097 4184 2310 4249 verbis
2358 4183 2785 4268 disputamus.

394 4287 599 4354 Extra
658 4295 993 4375 poetarum
1058 4297 1277 4354 autem
1328 4287 1536 4369 locos,
1587 4293 1698 4375 qui
1746 4292 1813 4353 in
1861 4289 2100 4356 scholio
2146 4289 2516 4367 afferuntur,
2566 4292 2791 4378 ingen-

396 4397 569 4460 tium
615 4393 877 4460 illorum
924 4395 1407 4460 scarabaeorum
1451 4397 1808 4482 vestigium
1849 4401 1948 4461 est
1993 4395 2271 4461 nullum.

490 4500 647 4566 Illos
692 4503 900 4588 igitur
944 4501 1114 4568 locos
1161 4501 1657 4568 consideremus.

2082 2056 2096 2082 5
