3392 5384
1361 436 1688 486 numus.
2190 407 2203 416 ’
2376 415 2383 422 ’
2621 423 2709 487 93

433 597 558 662 His
604 598 817 664 verbis
863 596 1187 662 deridetur
1231 597 1410 663 locus
1457 597 1831 678 Plautinus,
1878 622 2106 686 nempe
2152 598 2317 682 (Cas.
2368 601 2525 683 138)

613 703 803 767 Meus
849 701 1066 789 pullus
1113 724 1346 788 passer,
1396 725 1538 768 mea
1583 703 1917 782 columba,
1965 709 2060 770 mi
2102 704 2307 792 lepus.

337 805 764 874 Conferantur
812 828 1064 892 quoquc
1109 809 1304 872 verba
1348 808 1584 872 dicacis
1631 831 1792 894 quae
1838 830 2031 892 supra
2068 810 2351 896 legimus
2390 810 2569 892 (183,
2598 811 2712 890 25)

335 934 540 990 „caue
597 935 676 978 ne
739 912 910 978 solus
969 913 1197 978 exedas
1263 919 1397 978 tam
1457 913 1702 978 bellum
1764 914 2004 980 scilicet
2067 915 2399 1000 pullulum
2446 916 2555 982 sed
2608 940 2718 982 no-

340 1020 436 1082 bis
484 1039 735 1104 quoque
777 1021 910 1083 tuis
955 1017 1352 1103 palumbulis
1396 1041 1529 1083 non
1574 1041 1904 1105 nunquam
1948 1021 2320 1106 inpertias.''

404 1167 520 1226 240,
539 1171 568 1218 Β
619 1167 909 1228 comple-‘cato
952 1171 1052 1215 tum
1094 1166 1180 1231 (sic
1225 1167 1416 1218 divisim
1455 1171 1568 1228 scr.)
1604 1167 1708 1229 ΕΦ.
1774 1167 1803 1220 7
1838 1169 2011 1218 rancido
2044 1169 2109 1216 Β*
2150 1168 2321 1233 rapido
2352 1171 2418 1218 Ε*
2459 1170 2628 1220 rabido
2659 1177 2715 1233 φ.

337 1248 403 1298 12
438 1249 562 1298 lucis
594 1249 665 1309 (in
699 1251 869 1312 marg.)
902 1253 957 1309 φ.

423 1359 578 1438 240,
608 1359 690 1425 19
739 1365 804 1425 et
841 1363 1142 1446 quoniam
1183 1381 1388 1444 neque
1432 1363 1695 1446 egregia
1732 1355 1850 1425 illa
1886 1383 2047 1426 uxor
2084 1383 2228 1427 mea
2253 1370 2516 1444 <parata
2540 1371 2715 1439 erat>

327 1471 589 1551 propter
657 1465 1042 1551 dignitatem
1109 1485 1312 1550 neque
1373 1487 1631 1550 prorsus
1691 1465 1830 1531 ulla
1890 1467 2018 1532 alia
2082 1470 2360 1533 inueniri
2422 1474 2719 1552 potuerat

331 1571 560 1656 grandi
596 1573 881 1655 praemio
899 1619 915 1648 ,
959 1568 1112 1634 uilis
1148 1573 1511 1656 anquiritur
1549 1571 1765 1656 aliqua
1806 1575 2121 1637 sententia
2157 1573 2463 1656 praesidis
2494 1574 2717 1638 bestiis

340 1675 591 1740 addicta
637 1696 690 1741 e.
720 1698 779 1761 q.
806 1698 856 1741 s.

427 1780 669 1844 Parum
715 1780 1132 1865 probabiliter
1177 1781 1386 1845 editor
1431 1782 1653 1845 statim
1698 1787 1845 1866 post
1890 1782 2243 1863 diynitatem
2284 1783 2528 1847 addidit
2569 1783 2720 1860 <ad-

336 1884 532 1947 hiberi
576 1891 893 1966 poterat),
958 1885 1253 1970 equidem
1315 1887 1561 1950 inserui
1607 1886 1776 1969 quod
1824 1886 2256 1952 desiderabam
2275 1936 2291 1965 ,
2340 1887 2500 1953 solet
2546 1890 2720 1952 enim

338 1987 658 2074 Apuleius
698 1992 769 2054 in
808 1989 925 2055 tali
962 2012 1029 2055 re
1068 1992 1338 2056 verbum
1364 1991 1636 2072 parandi
1674 1991 2001 2068 adhibere,
2045 1997 2121 2057 ut
2156 1992 2366 2057 elucet
2404 2013 2481 2058 ex
2508 1991 2614 2070 30,
2643 1991 2714 2071 8;

341 2094 450 2174 30,
481 2095 600 2174 18;
666 2095 817 2173 183,
843 2096 924 2161 21
990 2096 1351 2175 (seruulum
1421 2099 1779 2162 ministerio
1842 2119 1956 2163 suo
2015 2103 2374 2182 paratum);
2452 2096 2717 2176 186,10

339 2201 684 2279 (industria
740 2201 1018 2266 laterum
1082 2209 1273 2285 atque
1333 2205 1484 2267 imis
1547 2207 1793 2267 uentris
1855 2204 2013 2268 bene
2074 2209 2549 2288 praeparatum)
2596 2209 2715 2266 cet.

338 2303 436 2372 Of.
500 2327 749 2391 quoque
803 2305 1037 2372 Florid.
1086 2305 1237 2371 XIV
1281 2313 1370 2386 (V.
1399 2307 1459 2371 d.
1490 2305 1662 2371 Vliet
1714 2307 1864 2385 164,
1892 2306 1959 2386 3)
2007 2328 2345 2392 coramque
2392 2310 2716 2394 uirginem

337 2413 748 2477 inminuisset
794 2418 1083 2497 paratam
1129 2415 1267 2497 pari
1313 2415 1665 2477 constantia
1705 2435 1757 2478 e.
1786 2435 1845 2498 q.
1871 2434 1918 2477 s.
1942 2414 2129 2477 Ante
2162 2420 2411 2495 propter
2443 2412 2489 2493 ¹)
2518 2404 2714 2477 'facile

323 2524 558 2598 pao-ata
604 2524 734 2581 erat
780 2520 993 2602 potuit
1036 2517 1341 2582 excidere.

408 2668 523 2723 240,
541 2669 604 2718 22
656 2667 768 2716 bilis
817 2667 952 2728 Εῑφ,
1006 2668 1087 2715 sed
1126 2666 1191 2715 13⁸⁸
1244 2666 1449 2716 mutavit
1495 2666 1520 2714 b
1568 2666 1619 2715 in
1666 2682 1715 2715 u.
1781 2666 1847 2717 22
1882 2666 2110 2731 acquiri?
2138 2668 2203 2728 φ·
2242 2667 2322 2715 sed
2356 2671 2422 2728 φ’
2462 2666 2654 2731 scripsit
2682 2683 2715 2714 n

337 2763 483 2814 supra
515 2764 541 2798 c
571 2754 868 2814 expunctum.
923 2749 988 2798 24
1013 2748 1259 2811 pudicam
1293 2751 1357 2808 φι
1390 2747 1630 2811 publicam
1665 2752 1755 2808 φ’.
1805 2747 1870 2795 29
1892 2749 2037 2812 fetus
2070 2745 2146 2796 ET
2167 2748 2288 2811 feti?
2318 2747 2384 2795 F·
2409 2746 2513 2812 set’
2548 2752 2602 2808 φ.

429 2875 581 2956 240,
611 2876 697 2942 29
759 2877 1120 2958 <mandauit
1180 2879 1367 2941 uxori
1427 2896 1578 2940 suae
1629 2922 1869 2940 ......
1875 2881 1898 2954 )
1946 2882 2020 2940 ut
2066 2879 2121 2940 si
2168 2863 2373 2940 sexus*
2403 2877 2713 2960 sequioris

334 2982 636 3049 edidisset
697 2982 976 3059 foetum,
1042 2984 1333 3067 protinus
1394 2981 1564 3065 quod
1610 2987 1773 3046 esset
1818 2980 2065 3046 editum
2109 2989 2437 3046 necaretur.
2487 2987 2553 3045 at
2597 2979 2714 3044 illa

337 3109 450 3172 per
492 3089 843 3152 absentiam
891 3088 1110 3151 mariti
1153 3093 1368 3150 natam
1417 3085 1703 3170 puellam
1744 3081 2123 3167 (perimere)
2165 3089 2358 3150 insita
2397 3087 2711 3150 matribus

333 3196 572 3278 pietate
635 3199 977 3283 praeuenta
1037 3191 1308 3256 desciuit
1368 3192 1447 3256 ab
1495 3192 1796 3274 obsequio
1845 3193 2063 3255 mariti
2110 3211 2377 3275 eamque
2426 3189 2713 3275 prodidit

333 3300 564 3363 uicinis
625 3297 1077 3362 alumnandam
1138 3317 1549 3383 regressoque
1593 3298 1727 3360 iam
1775 3298 2007 3361 marito
2056 3301 2273 3361 natam
2319 3302 2707 3379 necatamque

333 3405 680 3468 nuntiauit.

425 3508 526 3572 Ex
569 3513 708 3572 ‘usu
766 3506 1125 3592 Apuleiano
1190 3513 1288 3572 est
1344 3509 1411 3571 in
1475 3506 1698 3571 eadem
1760 3504 2015 3591 periodo
2076 3505 2309 3570 eadem.
2342 3506 2534 3571 verba
2583 3504 2709 3570 alio

334 3620 620 3699 tempore
681 3613 787 3678 vel
847 3612 1033 3678 modo
1098 3633 1282 3696 saepe
1340 3614 1671 3676 enuntiata
1716 3614 1981 3696 pone‘re:
2031 3611 2266 3676 melius
2312 3632 2465 3696 ergo
2515 3631 2710 3695 supra

332 3741 544 3783 necare
580 3721 921 3783 inserueris
959 3739 1154 3802 quam
1175 3717 1486 3800 perimere.
1537 3717 1798 3782 Accedit
1832 3716 2001 3801 quod
2039 3719 2163 3781 nisi
2199 3719 2527 3781 metricam
2570 3719 2709 3780 vim

332 3822 728 3908 syllabarum
788 3820 1260 3908 neglexerimus
1323 3825 1635 3907 aptiorem
1697 3824 1788 3886 sic
1833 3842 2177 3886 numerum
2224 3840 2708 3905 consequemur.

331 3927 666 4012 Nusquam
726 3927 896 4012 quod
957 3930 1153 3993 sciam
1212 3926 1572 3992 infinitivus
1619 3927 1913 4008 perimere
1956 3928 2025 3990 in
2072 3925 2709 4009 Metamorphosibus

331 4032 593 4117 legitur,
641 4039 707 4096 at
752 4055 963 4096 necare
1008 4035 1283 4098 occurrit
1329 4038 1496 4098 certe
1546 4031 1652 4110 65,
1682 4030 1743 4097 3.

398 4173 514 4228 241,
537 4173 563 4220 1
607 4164 653 4237 ἶ
688 4158 1000 4220 abstinentia]
1054 4172 1184 4233 8¹²0,
1232 4175 1282 4220 at
1329 4171 1367 4219 1⁴·
1373 4174 1393 4199 ⁸
1445 4169 1627 4219 delevit
1669 4169 1935 4235 compendii
1970 4171 2158 4233 signum
2193 4186 2283 4235 pro
2322 4187 2380 4219 m.
2433 4171 2463 4218 8
2495 4185 2603 4216 nam
2636 4165 2701 4215 ΙΜ

334 4254 457 4302 Nam
501 4253 588 4302 1³¹⁸.
660 4254 717 4301 11
772 4253 944 4320 obsequ
993 4253 1244 4317 sanquinie
1290 4252 1369 4301 eui
1413 4268 1580 4300 munus
1629 4251 1727 4316 adq
1776 4251 1996 4316 reliqioaee
2039 4254 2105 4313 φ*
2146 4255 2196 4300 at
2229 4256 2296 4314 φ*
2337 4250 2512 4299 delevit
2548 4250 2712 4298 omnia

330 4335 459 4382 inter
501 4333 674 4400 obsequ
714 4343 760 4381 et
792 4334 1024 4398 reliqs‘ose.
1098 4336 1155 4382 11
1194 4335 1244 4381 in
1279 4349 1429 4396 marg.
1469 4338 1716 4381 exaratum
1749 4341 1845 4382 est:
1877 4334 1901 4373 Ἱ
1940 4333 2118 4383 sororis
2151 4333 2321 4397 officia.
2392 4331 2449 4379 12
2482 4329 2712 4379 archanis

405 4523 458 4581 1)
497 4526 562 4570 De
594 4521 870 4585 compendio
903 4521 1167 4585 scripturae
1201 4520 1261 4569 cf.
1297 4520 1360 4567 ad
1395 4520 1514 4578 250,
1533 4520 1614 4569 30.
