3392 5384
1348 404 1659 451 nonnus.
2572 385 2703 450 413

324 575 564 645 Donato
610 572 969 638 adhibitam
1016 570 1300 635 vidimus
1348 572 1413 633 in
1462 568 1725 633 scholiis
1768 568 2099 645 Eunuchi,
2140 575 2214 633 ut
2255 590 2482 655 nempe
2524 574 2704 655 prius

323 686 515 767 ponat
561 679 728 745 alius
777 679 1139 763 opinionem
1188 681 1523 761 tamquam
1573 680 1849 752 certam,
1901 675 2011 739 sed
2061 674 2285 740 deinde
2334 676 2492 741 hanc
2540 677 2705 741 refu-

322 793 451 865 tet,
514 776 823 870 suamque
883 804 1115 849 novam
1178 783 1473 867 proferat.
1521 781 1747 867 Itaque
1792 784 1859 845 in
1908 782 2002 861 (1)
2051 781 2440 847 affirmanter
2487 783 2709 847 scribit

326 893 553 973 „Nove
617 892 824 957 dixit''
874 896 1043 967 cett„
1094 889 1203 955 sed
1252 910 1472 955 revera
1518 888 1701 954 illius
1749 891 2134 953 sententiam
2181 890 2408 965 refert,
2459 892 2567 973 qui
2615 892 2709 953 in-

320 1001 649 1085 terpunxit
709 1003 854 1083 post
884 1083 889 1089 ,
919 997 1268 1074 „fratrem”
1302 996 1370 1075 ¹),
1436 1016 1631 1080 quam
1697 994 1923 1060 deinde
1990 994 2322 1081 redarguit
2383 996 2447 1058 in
2496 996 2593 1076 (2)
2643 1006 2708 1060 et

317 1114 487 1171 recte
524 1104 820 1191 quidem,
862 1124 1011 1168 nam
1051 1102 1213 1167 alter
1252 1102 1531 1179 errabat,
1574 1104 1710 1187 ipse
1745 1122 1975 1165 verum
2017 1100 2202 1166 vidit.
2253 1100 2353 1165 Ad
2393 1104 2708 1166 amussim

321 1214 443 1277 hoc
488 1209 859 1296 exemplum
907 1210 1210 1275 convenit
1256 1229 1405 1273 cum
1452 1229 1559 1285 eo,
1612 1208 1782 1292 quod
1823 1207 2125 1292 descripsi
2166 1213 2351 1273 antea
2389 1230 2451 1294 p.
2483 1206 2568 1273 30
2593 1230 2711 1293 sq„

323 1320 437 1384 ubi
497 1318 575 1383 ad
638 1318 833 1382 Eun.
898 1315 927 1380 Ι
992 1316 1053 1381 2.
1085 1315 1122 1379 5
1187 1316 1364 1400 prius
1428 1314 1673 1400 legitur
1739 1312 1864 1379 tale
1926 1313 2282 1380 scholium:
2350 1314 2447 1394 (2)
2513 1314 2716 1392 „Plus

323 1426 520 1491 satis''
584 1422 831 1502 „nove”
888 1428 1061 1500 cett„
1116 1428 1179 1487 et
1236 1422 1378 1487 dein
1424 1424 1714 1506 sequitur
1753 1421 2056 1486 refutatio
2095 1419 2191 1501 (4)
2235 1421 2417 1498 „Hoc
2450 1421 2712 1506 quidam

324 1537 591 1618 putant,
642 1535 709 1595 at
758 1531 923 1594 mihi
971 1528 1270 1593 videtur''
1323 1534 1473 1593 cett.

413 1637 487 1702 Id
558 1636 728 1722 quod
798 1642 895 1701 est
969 1636 1127 1713 „hoc
1191 1635 1452 1719 quidam
1519 1633 1814 1719 putant'',
1883 1655 2049 1698 nunc
2115 1636 2462 1713 omittitur,
2512 1655 2717 1720 neque

326 1746 474 1811 addi
545 1766 801 1829 prorsus
870 1764 1120 1808 necesse
1184 1748 1314 1820 est,
1378 1748 1633 1827 propter
1696 1763 1805 1807 vv.
1874 1740 2038 1817 „Sed
2104 1762 2224 1826 ego
2291 1742 2528 1828 puto'';
2582 1741 2719 1806 fieri

327 1860 542 1917 tamen
600 1853 814 1936 potuit
866 1855 937 1915 ut
984 1849 1211 1914 Editor
1256 1851 1325 1912 in
1372 1848 1750 1912 huiusmodi
1797 1847 1953 1912 locis
1985 1847 2239 1937 ¹Donati
2287 1850 2717 1914 notationem:

338 1957 511 2036 „Sic.
545 1956 873 2042 quidam'',
936 1954 1041 2020 vel
1103 1954 1231 2019 tale
1295 1952 1482 2040 quid,
1546 1953 1940 2039 neglexerit,
2007 1975 2146 2019 rem
2207 1956 2300 2019 ita
2363 1976 2720 2040 proponens

335 2066 518 2151 quasi
566 2063 726 2128 Don.
776 2062 1016 2127 dederit
1068 2060 1183 2140 (1),
1232 2064 1367 2146 ipse
1415 2066 1635 2126 autem
1682 2061 1802 2141 (2).
1853 2060 2030 2124 Idem
2073 2062 2340 2126 fortasse
2382 2083 2503 2125 usu
2542 2063 2721 2126 venit

335 2171 413 2236 ad
459 2170 670 2245 Eun.-
703 2169 755 2234 V
806 2168 868 2233 8.
896 2167 980 2231 49
1028 2165 1125 2248 (7)
1174 2175 1237 2233 et
1286 2166 1406 2247 (8),
1456 2167 1530 2231 de
1581 2167 1814 2252 quibus
1863 2166 2009 2231 vide
2057 2187 2269 2251 supra.

426 2277 912 2342 Wessnerus
958 2277 1285 2339 immerito
1332 2275 1609 2358 priorem
1651 2280 1896 2357 partem
1941 2272 2164 2337 scholii
2204 2272 2499 2337 secundi:
2553 2271 2722 2349 „Sed

343 2406 463 2471 ego
503 2391 658 2468 puto
686 2431 699 2446 .
730 2431 743 2445 .
775 2431 788 2447 .
817 2380 1236 2446 subaudietur
1277 2400 1471 2463 quam
1511 2379 1721 2443 mihi''
1763 2377 2086 2443 inclinatis
2124 2378 2361 2444 litteris
2387 2381 2719 2466 expressit.

336 2491 412 2555 In
475 2489 854 2556 Commento
916 2490 1126 2572 primo
1191 2484 1510 2570 (1)÷(2)
1574 2505 1768 2549 unam
1831 2487 2198 2549 continuam
2249 2484 2723 2551 adnotationem

339 2596 675 2661 effecerunt
740 2617 815 2660 ex
883 2596 1059 2659 omni
1123 2598 1303 2678 parte
1348 2595 1691 2678 integram.
1743 2590 2041 2656 Dubitari
2087 2597 2343 2657 tantum
2391 2598 2598 2679 potest
2647 2592 2724 2659 de

339 2703 539 2768 altera
586 2710 765 2788 'parte
813 2699 1040 2766 scholii
1086 2698 1218 2779 (3):
1290 2719 1481 2776 „nam
1527 2720 1677 2763 cum
1726 2698 2090 2763 neminem''
2141 2704 2314 2777 cett„
2364 2720 2556 2784 quam
2604 2699 2722 2764 Ed.

339 2811 604 2875 sortasse
651 2807 897 2873 addidit
944 2806 1142 2871 simul
1190 2827 1338 2870 cum
1388 2805 1504 2885 (4).

432 2915 634 2981 Ibid.
675 2913 767 2978 ΙΙΙ
808 2913 869 2978 2.
899 2912 985 2978 26
1013 2934 1146 2998 sqq.
1198 2911 1485 2980 Canth.
1528 2912 1693 2992 Quid
1734 2913 2019 2990 festinas,
2048 2916 2140 2977 mi
2165 2910 2371 2979 Geta?
2413 2914 2722 2978 Animam

338 3026 565 3107 recipe.
637 3018 771 3087 Ge.
812 3021 1083 3085 Prorsus
1110 3068 1123 3085 .
1156 3068 1169 3084 .
1201 3068 1214 3084 .
1288 3018 1545 3084 Sostr.
1590 3019 1757 3099 Quid
1799 3022 1966 3084 istuc
2011 3019 2355 3104 „Prorsus”
2400 3042 2555 3106 crgo
2589 3018 2725 3085 est?

340 3128 470 3194 Ge.
523 3128 861 3193 PeriimuS.
915 3128 1153 3190 Actum
1202 3129 1317 3190 est.
1390 3124 1646 3189 Sostr.
1699 3124 2045 3209 Eloquere,
2088 3128 2376 3203 obsecr0,
2422 3127 2575 3211 quid
2617 3130 2721 3191 sit.

341 3232 473 3301 Ge.
537 3234 673 3299 Iam
894 3232 1150 3297 Sostr.
1215 3230 1381 3310 Quid
1449 3230 1686 3308 „iam''‚
1755 3228 1962 3295 Geta?
2033 3229 2163 3296 Ge.
2216 3232 2573 3296 Aeschinus
2615 3278 2629 3297 .
2661 3280 2676 3297 .
2709 3280 2724 3297 .

340 3341 591 3407 Sostr.
642 3339 808 3419 Quid
857 3342 913 3403 is
962 3336 1157 3424 ergo?
1230 3335 1360 3402 Ge.
1414 3334 1679 3401 Alienus
1731 3342 1826 3400 est
1875 3337 1950 3400 ab
2001 3343 2211 3402 nostra
2259 3336 2504 3401 familia

432 3446 592 3512 Don.
642 3446 719 3511 ad
770 3445 892 3511 26:
943 3446 1039 3526 (l)
1087 3445 1257 3529 Apta
1305 3442 1609 3518 κόμματα
1659 3443 1822 3507 fesso
1871 3448 1935 3507 et
1982 3442 2311 3509 anhelanti
2359 3444 2436 3508 ob
2485 3447 2729 3527 pertur-

339 3554 661 3618 bationem
726 3556 789 3616 et
850 3557 1223 3615 contentum
1284 3569 1563 3613 cursum.
1707 3548 1801 3627 (2)
1864 3551 2207 3625 „Animam
2256 3549 2507 3633 recipe''
2557 3548 2728 3635 quod

338 3662 405 3724 in
451 3659 722 3724 lectione
770 3664 960 3744 gestu
1008 3656 1255 3722 ostendi
1304 3657 1572 3719 minime
1620 3658 1868 3739 potuit,
1917 3656 1984 3720 id
2032 3676 2105 3719 ex
2150 3656 2363 3721 verbis
2406 3654 2727 3721 Sostratae

340 3766 697 3831 ostenditur
755 3767 826 3827 in
889 3760 1054 3829 Geta
1070 3783 1086 3840 ,·
1153 3784 1302 3827 nam
1363 3762 1504 3826 ideo
1573 3761 1811 3826 dicitur
1862 3765 2185 3838 „animam
2235 3762 2510 3846 recipe”,
2559 3762 2727 3845 quod

339 3872 450 3937 ille
501 3893 649 3957 prae
697 3870 985 3936 anhelitu
1032 3870 1346 3934 crebriora
1394 3868 1588 3935 verba
1636 3870 2010 3933 continuare
2057 3890 2184 3933 non
2233 3870 2452 3953 possit.

433 3979 531 4043 Ad
579 3977 664 4044 27
718 3980 994 4056 „Actum
1045 3975 1181 4042 est”
1226 3997 1358 4060 sqq.
1425 3974 1520 4054 (2)
1568 3974 1705 4039 Iam
1754 3976 1859 4039 hic
1899 3976 2046 4061 plus
2085 3981 2276 4060 gestu
2317 3995 2510 4058 quam
2549 3974 2727 4039 dictu

340 4088 577 4173 agitur,
629 4088 812 4171 quia,
878 4092 943 4148 ut
990 4106 1176 4165 supra
1223 4082 1505 4157 diximus,
1556 4087 1622 4145 et
1665 4080 1872 4146 lassus
1920 4088 2016 4147 est
2064 4084 2176 4167 qui
2223 4083 2479 4145 nuntiat
2527 4085 2591 4145 et
2636 4082 2729 4144 in-

339 4199 633 4279 tegratur
702 4191 878 4257 dolor
946 4193 1199 4268 nuntii,
1280 4212 1430 4255 cum
1511 4188 1681 4273 apud
1750 4187 1936 4253 illam
2006 4187 2312 4272 loquitur,
2385 4187 2465 4252 ad
2531 4207 2726 4272 quam

418 4442 463 4505 1)
508 4440 559 4488 Si
609 4438 845 4488 Probus
879 4436 1244 4485 dictinctionum
1281 4438 1448 4484 auctor
1484 4439 1571 4494 est,
1614 4439 1666 4484 ut
1706 4435 2069 4483 Wessnerus
2103 4432 2348 4482 contendit
2382 4432 2433 4482 in
2470 4430 2594 4481 libro
2639 4434 2726 4481 nde

340 4523 545 4573 Aemilio
584 4520 785 4586 Aspro'’,
822 4520 899 4568 hic
932 4518 1063 4567 locus
1096 4518 1335 4567 addendus
1370 4521 1439 4566 est
1476 4518 1563 4576 iis,
1598 4534 1717 4581 quos
1750 4516 1920 4566 citavit
1954 4532 2002 4581 p.
2043 4516 2190 4579 212q.
