3392 5384
664 411 808 477 242
1712 407 2027 482 nom-rus.

670 601 802 673 est,
852 595 1018 680 quod
1064 599 1247 681 quasi
1294 596 1371 660 ob
1419 599 1727 668 meritum
1775 596 1980 662 datur.
2034 599 2375 682 Proprium
2425 601 2596 663 euim
2647 579 2916 662 verbum
2965 604 3062 663 est

671 707 778 766 ut:
833 701 1071 787 „Optet
1115 704 1477 786 praemium
1524 705 1629 769 vir
1675 703 1859 768 fortis
1905 702 2073 788 quod
2124 702 2364 770 volet.’'

632 817 635 822 '
760 808 920 874 Dan.
984 808 1062 873 ad
1126 811 1279 873 Aen.
1344 808 1406 873 ΙΙ
1462 808 1633 874 269:
1704 809 1978 890 Quidam
2027 810 2266 875 donum
2326 791 2402 875 ex
2451 810 2783 876 voluntate
2832 810 3058 875 dicunt

671 918 923 993 venire,
975 937 1212 981 munus
1260 937 1339 981 ex
1386 915 1624 994 officio;
1675 916 1935 982 donaria
1982 938 2131 982 vero
2176 915 2313 983 loca
2357 920 2424 982 in
2472 917 2762 1003 templis,
2812 920 2880 981 iu
2920 919 3060 1003 qui-

670 1023 791 1088 bus
838 1023 1001 1088 dona
1046 1028 1393 1108 ponuntur.

757 1129 906 1196 Isid.
968 1129 1147 1216 Orig.
1196 1129 1282 1194 VI
1336 1129 1440 1194 19.
1462 1128 1556 1208 ,26
1618 1129 1801 1196 Dona
1863 1130 2085 1196 divina
2142 1133 2398 1217 propria
2443 1128 2747 1196 dicuntur
2792 1150 3059 1196 munera

667 1238 1027 1303 hominum.
1098 1233 1186 1303 27
1244 1236 1414 1302 Nam
1480 1257 1749 1302 munera
1797 1235 2102 1301 dicuntur
2149 1236 2486 1322 obsequia,
2535 1258 2700 1322 quae
2745 1257 3057 1323 pauperes
3125 1256 3136 1278 ⁹

666 1343 980 1410 divitibus
1039 1341 1179 1408 loco
1240 1364 1586 1408 munerum
1649 1342 1930 1409 solvunt.
1994 1343 2220 1429 Itaque
2269 1365 2505 1409 munus
2550 1344 2801 1410 homini
2845 1344 3054 1423 datur,

667 1450 906 1516 donum
956 1448 1123 1533 De03
1171 1449 1338 1515 unde
1387 1452 1584 1516 etiam
1630 1452 1697 1514 in
1749 1450 2009 1535 templis
2057 1450 2316 1516 donaria
2363 1449 2660 1516 dicimus.

702 1627 707 1633 ,
757 1555 869 1623 Gr.
918 1555 1061 1621 Lat.
1104 1554 1222 1620 VII
1269 1555 1345 1621 de
1392 1556 1520 1621 diff.
1574 1555 1727 1622 524.
1760 1555 1877 1620 16:
1927 1556 2176 1622 Munus
2221 1555 2391 1642 quod
2431 1558 2678 1622 amicus
2716 1555 2822 1622 vel
2860 1555 3056 1622 cliens

664 1662 768 1728 vel
811 1662 1083 1728 libertus
1131 1662 1320 1728 officii
1368 1683 1557 1728 causa
1605 1666 1915 1742 mittunt,
1964 1662 2070 1729 vel
2115 1684 2354 1729 munus
2399 1662 2897 1750 gladiatorium3
2951 1664 3056 1730 do-

664 1790 822 1833 num
885 1767 1056 1855 quod
1105 1768 1203 1833 dis
1250 1768 1471 1834 datur:
1522 1769 1669 1835 inde
1719 1769 1833 1834 ubi
1879 1769 2040 1834 dona
2088 1774 2415 1855 ponuntur
2461 1769 2799 1834 donarium
2844 1769 3060 1856 appel-

660 1875 854 1941 latur.
939 1876 1217 1940 Possunt
1288 1880 1352 1939 et
1412 1875 1525 1940 illa
1565 1876 1794 1943 ,nihilo
1859 1878 2077 1941 minus
2141 1875 2302 1940 dona
2365 1876 2524 1953 dici,
2591 1897 2754 1960 quae
2813 1875 3054 1941 donant

660 1983 1047 2068 pauperibus
1095 1980 1331 2047 divites
1378 1981 1483 2047 vel
1528 1988 1842 2067 potentes.
1891 1981 2063 2048 Illud
2111 2003 2361 2068 quoque
2407 1981 2646 2047 donum
2688 1982 3052 2069 putandum

660 2092 790 2167 est,
840 2087 1007 2172 quod
1056 2087 1379 2152 militibus
1426 2086 1703 2154 donatur
1745 2091 1815 2152 in
1863 2091 2122 2166 castris,
2172 2094 2248 2153 ut
2294 2087 2558 2154 vallaris
2604 2110 2855 2154 corona.

749 2194 1037 2280 Denique
1100 2192 1314 2259 Schol.
1383 2194 1568 2259 Bern.
1635 2195 1714 2260 ad
1775 2194 2013 2261 Lucan.
2061 2194 2116 2259 V
2164 2217 2227 2280 p.
2284 2195 2433 2272 111,
2498 2196 2610 2280 qui
2657 2197 2792 2259 suis
2838 2196 3050 2262 utitur

661 2299 973 2387 exemplis
1045 2295 1423 2388 permultis:
1494 2301 1672 2367 Inter
1735 2301 2063 2380 „donum”
2129 2307 2348 2367 autem
2409 2307 2474 2367 et
2539 2301 2864 2380 „munus”
2929 2302 3050 2366 hoc

657 2412 959 2474 interest:
1022 2407 1260 2473 donum
1325 2407 1458 2472 deis
1522 2408 1785 2486 damus,
1849 2429 2087 2473 munus
2146 2408 2540 2475 hominibus.
2605 2406 2924 2494 Virgilius
2971 2407 3050 2472 de

644 2515 1027 2580 'hominibus
1090 2513 1230 2593 (VII
1290 2513 1471 2592 291),
1555 2514 1631 2580 de
1693 2507 1816 2581 diis
1875 2514 1996 2595 (IX
2060 2514 2239 2595 406),
2301 2517 2462 2580 item
2531 2514 2608 2579 de
2678 2514 3050 2579 hominibus

658 2621 779 2701 (XI
825 2620 984 2701 281)
1033 2627 1097 2685 et
1140 2620 1476 2686 Terentius
1524 2611 1715 2700 (Eun.
1765 2620 1825 2686 II
1881 2621 1936 2686 1.
1965 2620 2055 2702 8),
2105 2625 2182 2686 de
2229 2621 2350 2686 diis
2396 2620 2576 2702 (VIII
2625 2619 2802 2699 608).

749 2726 1117 2792 Secundum
1179 2726 1332 2792 haec
1394 2729 1766 2792 testimonia
1827 2732 2015 2812 (quae
2079 2726 2383 2792 debemus
2430 2727 2761 2792 Wessnero
2806 2728 2874 2790 in
2921 2726 3048 2812 Ap·
3073 2801 3094 2814 .

656 2833 956 2919 pendice,
1020 2839 1092 2896 ut
1145 2839 1399 2897 tantum
1448 2855 1574 2898 non
1621 2835 1839 2899 omnia
1886 2855 2047 2918 quae
2094 2833 2428 2918 hucusque
2475 2835 2672 2898 citavi
2717 2836 2782 2897 et
2825 2838 3047 2918 postea

657 2939 902 3017 citabo,
974 2938 1144 3023 quod
1205 2945 1432 3024 gratus
1492 2939 1693 3004 refero
1715 2945 1761 3020 ,)
1822 2941 2184 3024 conspirant
2246 2936 2673 3004 Grammatici
2736 2938 2812 3002 de
2881 2937 3043 3003 dono

656 3044 921 3111 deorum
986 3054 1052 3110 et
1096 3044 1172 3109 de
1219 3066 1484 3111 munere
1531 3046 1909 3124 homiuum,
1957 3051 2022 3111 et
2069 3043 2480 3111 Danielinum
2529 3044 2845 3110 scholium
2892 3065 3044 3109 cum

655 3152 752 3232 (4)
800 3151 875 3216 de
922 3151 1086 3217 dono
1133 3174 1212 3217 ex
1258 3151 1628 3230 voluntate,
1680 3152 1954 3238 denique
2002 3152 2374 3238 exemplum
2425 3149 2649 3217 scholii
2699 3150 2797 3232 (8)
2843 3153 3041 3216 etiam

655 3257 915 3323 exhibet
961 3258 1399 3345 Eugraphius.

743 3365 839 3431 De
890 3366 1256 3451 „praemio”
1304 3365 1658 3452 loquuntur
1704 3371 1958 3431 tantum
2007 3363 2465 3432 Commentum
2505 3370 2570 3430 et
2609 3364 3043 3451 Eugraphius,

654 3474 766 3557 qui
813 3474 991 3537 varia
1034 3475 1519 3558 excogitarunt:
1569 3475 1931 3558 praemium
1982 3478 2077 3537 est
2127 3474 2420 3538 virorum
2468 3472 2734 3536 fortium
2773 3470 2890 3551 (2),
2930 3491 3046 3556 pro

651 3578 819 3643 claro
866 3579 1141 3644 facinore
1188 3578 1303 3659 (6),
1354 3586 1500 3664 post
1547 3580 1790 3645 factum
1843 3579 2032 3644 datur
2079 3578 2194 3660 (3),
2242 3579 2321 3644 ob
2369 3580 2677 3644 meritum
2717 3577 2997 3664 (Eugr.).

742 3683 891 3748 Alia
938 3691 1034 3748 est
1080 3687 1370 3768 quaestio
1418 3688 1581 3751 sitne
1632 3686 1918 3763 „donum
1965 3684 2374 3771 praemium’'
2423 3706 2551 3750 una
2596 3686 2771 3751 notio
2819 3681 2918 3764 (1)
2943 3682 3041 3764 (2)

540 3775 553 3790 ’
650 3811 730 3855 an
794 3791 921 3855 duo
979 3813 1341 3878 synonyma
1388 3792 1483 3872 (5)
1531 3793 1648 3873 (6),
1698 3814 1779 3858 an
1831 3792 2280 3878 „praemium”
2329 3792 2756 3878 praedicative
2801 3793 2887 3855 sit
2933 3811 3042 3876 po-

566 3963 571 3966 .
650 3900 853 3963 situm
902 3897 1129 3983 (Eugr.
1183 3898 1466 3976 „donum
1517 3900 1844 3985 praemio’'
1895 3905 1961 3965 et
2001 3897 2098 3981 (¹7)
2145 3899 2661 3986 quodammodo).

741 4004 838 4068 Ex
887 4005 988 4069 his
1036 4007 1440 4090 opinionibus
1488 4011 1673 4072 unice
1721 4009 1893 4072 iusta
1940 4012 2036 4073 est
2084 4027 2245 4093 quae
2292 4008 2623 4071 invenitur
2661 4006 2729 4068 in
2770 4002 2890 4083 (5),
2931 4004 3043 4069 ubi

649 4110 870 4196 procul
921 4111 1115 4176 dubio
1166 4111 1490 4177 Donatum
1544 4113 1881 4190 audimus,
1933 4116 2046 4197 qui
2094 4135 2242 4177 cum
2291 4111 2567 4178 aliorum
2616 4113 2874 4176 nomine
2923 4110 3043 4174 hoc

646 4217 914 4295 referat,
955 4219 1090 4303 ipse
1138 4238 1468 4304 perperam
1507 4219 1602 4297 id,
1646 4222 1890 4304 opinor,
1932 4222 2299 4304 proposuit,
2343 4218 2511 4304 quod
2549 4217 2794 4303 legitur
2831 4219 2895 4280 in
2924 4215 3042 4296 (l),

648 4322 761 4387 ubi
830 4322 949 4388 hoc
1020 4322 1263 4402 voluit,
1336 4324 1712 4391 Terentium
1788 4324 2023 4390 dixisse
2093 4323 2420 4402 „donum”
2487 4344 2600 4409 pro
2667 4321 3043 4401 „munere'’,

648 4431 801 4514 quia
868 4429 1037 4494 illud
1106 4431 1373 4496 deorum
1446 4435 1564 4509 sit,
1637 4432 1758 4496 hoc
1819 4432 2193 4510 hominum,
2259 4431 2426 4516 quod
2491 4435 2741 4505 tamen,
2804 4432 3043 4514 quippe

644 4535 1055 4599 notissimum
1104 4541 1179 4600 ut
1225 4536 1548 4616 vidimus,
1596 4540 1876 4603 reticuit.
1928 4537 2352 4624 Interpolator
2397 4539 2534 4602 eius
2581 4541 2862 4604 mentem
2911 4555 3040 4600 nou
