3392 5384
1457 446 1711 496 nnnluss.
2643 427 2769 492 341

483 613 585 680 Vs.
640 612 904 681 77—92

753 723 1056 785 Certantes
1105 744 1320 804 maqna
1368 744 1494 785 cnm
1543 745 1688 785 cura
1738 728 1857 784 tum
1908 720 2208 801 cupientes

701 850 710 863 ·
748 829 947 910 Reyni
990 830 1140 892 dant
1183 851 1418 911 operam
1466 828 1653 892 simut
1697 827 1966 909 auspicio
2014 827 2382 912 auanioque

1370 936 1454 998 in
1501 940 1780 1006 monte

986 1041 1206 1104 Remus
1253 1040 1521 1123 auspicio
1567 1063 1630 1103 se
1674 1041 1917 1103 devovet
1963 1047 2140 1125 atque
2184 1040 2499 1103 secundam

609 1147 695 1212 80
743 1148 914 1211 Solus
962 1170 1125 1211 avem
1169 1154 1388 1211 servat.
1438 1154 1503 1211 at
1541 1146 1833 1211 Romulus
1877 1146 2125 1228 pulcher
2170 1146 2239 1209 in
2284 1146 2409 1210 alto

750 1254 999 1335 Quaerit
1045 1254 1359 1332 Aventina,
1408 1260 1608 1318 servat
1646 1276 1834 1335 qenus
1881 1252 2323 1318 altivolantum.

751 1361 1070 1424 Certabant
1115 1362 1312 1424 urbem
1361 1362 1606 1424 Romam
1656 1361 2045 1424 Remoramne
2089 1366 2387 1425 vocarent.

752 1466 1030 1530 Omnibus
1076 1490 1218 1531 cura
1264 1468 1434 1547 viris,
1482 1474 1617 1531 uter
1664 1474 1815 1531 esset
1859 1467 2271 1549 induperator.

742 1574 1129 1655 Exspectant,
1176 1574 1367 1661 veluti
1412 1575 1622 1637 consul
1667 1597 1795 1637 cum
1840 1574 2073 1637 mittere
2115 1574 2347 1653 siqnum

606 1677 691 1744 85
752 1680 810 1743 V
804 1680 911 1758 ott,
960 1702 1151 1744 omnes
1195 1680 1368 1744 avidi
1431 1687 1705 1763 spectant
1751 1683 1836 1745 ad
1881 1682 2137 1744 carceris
2183 1702 2339 1758 oras,

747 1788 934 1869 Quam
981 1809 1112 1850 moa
1159 1786 1388 1851 emittat
1420 1787 1612 1869 pictis
1660 1809 1690 1850 e
1727 1787 2028 1873 faucibus
2074 1809 2319 1866 currus,

736 1893 835 1956 Sic
881 1894 1225 1975 expectabat
1257 1893 1528 1975 populus
1576 1900 1753 1978 atque
1801 1915 1902 1957 ore
1950 1893 2193 1956 timebat

737 2000 966 2078 Rebus,
1014 2000 1141 2063 utri
1187 1999 1391 2082 maqni
1434 2000 1690 2063 victoria
1734 2000 1817 2063 sit
1864 2000 2010 2063 data
2056 1999 2245 2080 reyni.

735 2105 978 2169 Interea
1023 2106 1118 2169 sol
1161 2106 1332 2169 albus
1380 2107 1618 2169 recessit
1666 2105 1734 2169 in
1781 2106 1992 2189 infera
2039 2105 2251 2169 noctis.

600 2210 686 2275 90
733 2211 896 2275 Exin
945 2212 1206 2275 candida
1252 2234 1315 2274 se
1359 2211 1555 2274 radiis
1603 2210 1773 2274 dedit
1819 2211 1941 2273 icta
1972 2212 2162 2295 foras
2212 2212 2319 2274 lucc

737 2318 822 2380 Et
867 2317 1049 2381 simul
1093 2340 1164 2381 ea·
1209 2318 1336 2380 alto
1386 2317 1553 2396 lonye
1588 2317 2003 2397 pulcherrima
2038 2338 2298 2399 praepes

736 2423 938 2486 Laeva
982 2422 1211 2486 volavit
1258 2422 1408 2485 avis.
1457 2422 1650 2486 Simul
1695 2445 1915 2485 aureus
1959 2422 2231 2486 emoritur
2277 2423 2387 2488 sol.

375 2514 619 2614 Magna
665 2528 892 2593 multis
932 2530 1088 2593 viris
1128 2528 1328 2593 doctis
1368 2527 1708 2593 difficultas
1744 2531 1950 2594 inesse
1989 2532 2130 2594 visa
2170 2534 2265 2594 θεῖ
2303 2530 2366 2593 in
2410 2550 2599 2595 versu
2645 2529 2759 2624 893

374 2655 524 2699 eum
572 2637 743 2701 enim
793 2637 883 2701 sic
929 2634 1120 2700 modo
1168 2656 1350 2721 posse
1393 2634 1730 2720 explicari,
1777 2637 1833 2699 si
1874 2637 2298 2721 accipiamus,
2341 2635 2498 2701 duos
2536 2636 2762 2701 fratres

371 2748 618 2827 partem
677 2745 882 2808 noctis
944 2765 1091 2808 cum
1155 2747 1289 2808 toto
1337 2742 1438 2807 die
1483 2744 1971 2828 insequentique'
2017 2748 2201 2808 nocte
2248 2746 2521 2829 augurio
2569 2745 2765 2809 conti·

369 2870 629 2929 nuasse;
681 2856 935 2936 poetam
984 2871 1135 2916 vero
1180 2849 1347 2915 illud
1385 2848 1666 2915 voluisse
1707 2849 1878 2914 credi
1917 2852 2201 2936 nequire.
2247 2848 2535 2928 Merula,
2577 2852 2760 2915 cuius

369 2959 732 3041 opinionem
795 2956 1041 3022 Vahlen
1103 2956 1440 3043 amplexus
1487 2963 1616 3035 est,
1667 2958 1848 3020 sotem
1897 2958 2093 3021 album
2141 2958 2344 3021 tunam
2392 2978 2525 3023 θεεθ
2569 2960 2761 3022 inter-

369 3070 655 3147 pretatus
717 3068 834 3128 est.
897 3064 1157 3128 Rectius
1219 3085 1324 3127 me
1385 3063 1596 3128 iudice
1660 3063 1813 3128 fecit
1866 3062 2129 3142 Miiller,
2180 3064 2348 3149 quod
2396 3067 2757 3149 speciosum

365 3171 734 3247 inventum,
800 3167 977 3233 nullo
1041 3167 1334 3254 exemplo
1398 3169 1879 3244 confirmatum,
1937 3172 2175 3234 reiecit.
2240 3169 2338 3234 Ita
2400 3173 2571 3234 enim
2632 3170 2759 3235 dici

364 3282 615 3362 poterat
678 3282 830 3340 tunc
893 3274 1117 3352 modo,
1184 3276 1238 3338 si
1285 3272 1393 3357 xeol
1437 3280 1664 3359 suapte
1712 3279 1939 3339 natura
1984 3273 2177 3360 longe
2224 3274 2429 3340 alium
2478 3274 2756 3341 colorem

365 3383 647 3448 haberet.
719 3382 812 3447 Ea
882 3383 1054 3446 euim
1126 3382 1290 3445 ratio
1365 3385 1461 3445 θεῖ
1531 3380 1921 3457 dictionum,
1996 3379 2213 3465 quales
2284 3386 2434 3445 eunt
2498 3386 2755 3459 „atrum

367 3508 636 3565 aurum,
701 3487 920 3553 album
967 3486 1266 3564 aurum'',
1318 3506 1478 3571 quae
1525 3484 1809 3569 alioquin
1857 3488 2034 3550 omni
2082 3490 2146 3551 θῖ
2192 3483 2407 3572 lepore
2456 3494 2520 3552 et
2566 3509 2756 3552 sensu

366 3614 542 3658 casea
588 3593 812 3658 forent.
862 3592 1065 3673 Quem
1106 3598 1325 3657 autem
1366 3589 1644 3657 colorem
1683 3591 1934 3657 Ennius
1973 3590 2125 3657 solis
2165 3589 2401 3657 lumini
2437 3594 2754 3673 tribuerit,

367 3702 524 3764 satis
572 3705 834 3785 apparet
881 3721 958 3763 ex
1008 3720 1100 3766 vs·
1155 3695 1322 3764 557:

729 3806 969 3870 Interea
1004 3805 1188 3891 fuyit
1235 3806 1406 3869 albus
1452 3804 1631 3869 iubar
1677 3805 2051 3890 Hyperionis
2097 3828 2344 3870 cursum.

457 3910 673 3977 Aliam
711 3914 885 3978 viam
925 3912 1142 3998 Bergk
1182 3918 1277 3977 est
1314 3916 1673 3997 ingressuS,
1701 3934 1964 3978 versum
2002 3912 2345 3998 molestum
2376 3919 2519 3998 post
2544 3934 2637 3979 vs.
2668 3912 2753 3981 ’78

364 4020 800 4103 transponenS.
843 4018 966 4083 Sed
993 4039 1063 4083 ea
1089 4018 1334 4083 medela
1359 4018 1535 4083 aliud
1561 4017 1803 4084 vulnus
1826 4018 2169 4105 infligitur.
2209 4019 2529 4098 Quorsum
2556 4022 2751 4100 enim,

365 4144 460 4188 vs,
505 4123 591 4189 89
639 4127 1061 4209 transpositO,
1109 4124 1275 4190 illud
1317 4127 1455 4189 exin
1499 4128 1564 4190 in
1616 4147 1807 4191 versu
1858 4125 1944 4189 90
1990 4122 2343 4190 referatur?

454 4229 612 4295 'Pota
659 4236 878 4294 autem
927 4230 1265 4297 difficultas
1313 4232 1508 4296 huius
1563 4253 1785 4297 versus
1834 4237 1931 4297 θεῖ
1979 4234 2045 4295 in
2095 4238 2382 4317 tempore
2431 4232 2611 4299 verbi
2628 4253 2644 4312 ;
2697 4236 2752 4298 ei

362 4343 529 4401 θεεθῖ
592 4350 908 4400 recesserat
969 4358 1081 4422 pro
1143 4338 1401 4414 recessit,
1452 4359 1640 4403 nemo
1690 4342 1758 4402 in
1806 4359 1998 4404 versu
2049 4340 2390 4423 quicquam
2441 4337 2746 4424 culparet.

364 4442 593 4519 Porr0,
645 4444 699 4506 si
745 4464 973 4529 graeca
1019 4441 1245 4528 lingua
1291 4446 1569 4509 aoristue
1616 4447 1893 4529 scriptus
1942 4449 2111 4509 esset
2156 4443 2560 4525 ἀπεχώρησε,
2610 4448 2749 4531 qui-

359 4551 461 4615 vis
524 4550 739 4615 omnia
799 4555 969 4615 recte
1024 4548 1358 4635 procedere
1405 4553 1807 4617 consentiret.
1872 4550 2175 4618 Potestne
2221 4572 2371 4617 vero
2418 4554 2612 4618 etiam
2659 4553 2749 4619 la-
