3392 5384
1053 1023 2013 1130 APULEIANA.

1401 1274 1649 1314 sompsn·

1174 1451 1248 1518 O.
1295 1451 1729 1517 BRAKMAN
1774 1452 1899 1516 I.1¹·.

799 1604 1271 1684 (Continuantur
1318 1627 1349 1667 e
1405 1604 1464 1668 V
1457 1605 1535 1669 ol.
1584 1602 1864 1667 XXXIV
1897 1626 2045 1685 pay.
2097 1601 2277 1679 360).-

1372 1903 1688 1945 -0-0-4—

423 2160 540 2223 Pag.
587 2160 700 2217 222,
722 2158 749 2205 5
795 2158 1041 2207 diductum
1089 2160 1127 2208 F
1159 2158 1415 2207 deductum
1453 2164 1507 2219 φ,
1543 2161 1709 2207 contra
1740 2158 1883 2207 huius
1917 2175 2024 2223 pag.
2058 2175 2128 2209 vs.
2164 2160 2225 2207 16
2258 2160 2547 2210 dener-timus
2580 2162 2618 2209 1¹*
2651 2162 2726 2210 di-

355 2241 583 2290 vertimus
615 2246 670 2301 φ.
723 2240 752 2287 9
784 2241 906 2287 Nam
938 2240 994 2299 F,
1027 2240 1106 2287 sed
1137 2238 1302 2288 littera
1337 2239 1597 2289 maiuscula
1631 2243 1704 2289 cst
1737 2240 1930 2289 refecta.

451 2368 604 2446 222,
632 2368 672 2433 9
721 2389 869 2433 nam
909 2374 972 2433 et
1010 2367 1262 2454 galeam
1302 2370 1508 2433 nitore
1547 2371 2048 2454 praemicantem
2088 2375 2152 2434 et
2190 2376 2445 2434 scutum
2461 2372 2728 2451 ¹qerebam

356 2477 589 2556 lonqi‘uc
634 2476 900 2539 rebucem
946 2474 1055 2539 sed
1093 2476 1290 2539 etiam
1325 2473 1610 2539 lanceam
1647 2473 2024 2559 longissimo
2062 2474 2282 2539 hastili
2319 2479 2727 2561 conspicuam

357 2602 412 2647 e.
439 2603 498 2666 q.
527 2602 574 2645 s.

454 2686 732 2749 Gereboem
774 2688 944 2749 recte
991 2705 1116 2749 van
1159 2683 1269 2748 der
1307 2683 1476 2748 Vliet
1516 2705 1550 2748 e
1589 2684 1881 2749 codicum
1922 2687 2235 2769 scriptura
2275 2693 2465 2752 cetera
2488 2690 2729 2753 eruisse

357 2790 633 2868 videtur,
695 2790 805 2856 sed
851 2791 1104 2871 lonqius,
1153 2789 1319 2874 quod
1366 2789 1781 2855 Elmenhorst
1827 2792 2128 2867 coniecit,
2178 2794 2290 2856 vix
2339 2798 2435 2857 est
2482 2813 2729 2857 sanum.

359 2895 676 2981 Equidem
741 2896 1005 2975 Zonyiore
1058 2895 1277 2971 lucens,
1330 2894 1497 2979 quod
1542 2894 1692 2959 libri
1741 2916 1937 2959 manu
1982 2898 2204 2979 scripti
2251 2897 2583 2974 exhibent,
2632 2920 2735 2963 ex-

362 3002 602 3065 stitisse
664 3006 821 3085 puto
883 3020 960 3063 ex
1025 3000 1195 3081 lonqe
1252 2999 1518 3062 relucens
1548 2999 1594 3076 ¹)
1642 2998 1748 3064 vel
1795 3000 2032 3079 lonyere
2078 3001 2293 3065 lucem.
2357 3001 2455 3065 Ex
2503 3003 2736 3082 lonqere

363 3107 576 3170 nescio
617 3107 758 3189 quis
794 3104 1127 3180 inductus,
1168 3106 1408 3188 opinor,
1451 3103 1842 3187 superlativo
1879 3125 2027 3169 mox
2067 3112 2366 3190 sequente
2393 3108 2733 3189 lonqissimo

362 3211 469 3289 (cf.
519 3231 612 3274 vs.
665 3209 776 3287 10)
835 3208 1055 3273 effecit·
1098 3209 1380 3289 lonyiore.
1445 3207 1752 3287 Quocirca
1797 3212 2097 3273 restituo:
2146 3218 2211 3273 et
2258 3218 2515 3275 scutum
2561 3233 2737 3298 gere-

364 3315 514 3379 bam
561 3315 733 3395 Zonye
779 3313 1065 3378 relucens
1091 3315 1143 3393 ²)
1189 3335 1242 3379 e.
1272 3334 1330 3397 q.
1357 3333 1407 3377 s.

457 3419 740 3499 Lonyius,
790 3418 955 3504 quod
1001 3420 1193 3483 sciam
1214 3465 1231 3495 ,
1281 3419 1377 3482 bis
1424 3422 1679 3482 tantum
1723 3420 2050 3482 invenitur
2094 3421 2161 3482 in
2207 3420 2740 3505 Metamorphosi-

365 3525 486 3590 bus
546 3531 800 3609 (nempe
865 3523 970 3599 68,
998 3522 1082 3587 25
1148 3522 1471 3606 aliquanto
1531 3521 1792 3608 longius
1857 3530 1919 3587 et
1972 3523 2121 3602 140,
2151 3524 2189 3588 9
2236 3528 2369 3589 iam
2412 3526 2558 3591 inde
2603 3526 2740 3591 lon-

369 3632 544 3714 gius)
613 3635 681 3693 at
741 3648 1039 3713 persaepe
1103 3629 1270 3707 Zonye
1333 3626 1466 3707 (12,
1499 3626 1580 3691 18
1639 3649 1766 3691 non
1827 3627 2018 3714 longe
2084 3678 2099 3691 .
2128 3676 2141 3693 .
2175 3677 2188 3693 .
2239 3630 2415 3695 abest
2429 3652 2448 3710 3
2514 3630 2621 3708 25,
2655 3632 2735 3696 15

369 3732 562 3817 longe
623 3735 998 3817 prouisum;
1070 3730 1178 3809 96,
1208 3730 1247 3794 3
1311 3738 1415 3810 (=
1462 3730 1613 3806 244,
1643 3730 1756 3812 24)
1816 3730 2006 3817 longe
2069 3731 2359 3817 lateque3
2435 3734 2583 3812 130,
2612 3735 2734 3813 22;

373 3834 523 3913 178,
551 3836 624 3915 5;
680 3836 829 3913 181,
859 3838 893 3900 1
937 3842 1054 3901 cet.
1095 3836 1314 3900 Unum
1352 3836 1540 3901 modo
1581 3837 1707 3901 huc
1747 3839 1987 3921 optime
2028 3838 2338 3921 quadrans
2369 3840 2737 3924 exemplum

366 3939 619 4026 plenius
664 3942 1056 4005 exscribatur
1102 3939 1254 4017 254,
1287 3936 1324 4004 '7
1371 3948 1436 4004 et
1482 3960 1641 4023 quae
1685 3939 1875 4025 longe
1921 3940 2236 4026 longeque
2282 3945 2477 4007 etiam
2518 3964 2739 4009 meum

373 4045 741 4109 confutabat
782 4051 1082 4129 optutum
1106 4044 1280 4129 palla
1302 4048 1650 4130 nigerrima
1673 4043 2108 4128 splendescens
2133 4052 2270 4111 atro
2295 4050 2498 4113 nitore
2524 4070 2579 4112 e.
2605 4070 2663 4133 q.
2692 4070 2739 4114 s.

462 4148 706 4233 Freque
718 4152 1008 4214 ntissime
1080 4158 1401 4234 praeterea
1470 4149 1640 4232 lonqe
1709 4151 1877 4234 apud
1938 4150 2286 4235 Apuleium
2348 4155 2485 4216 vim
2547 4161 2744 4240 auget

444 4402 496 4462 1)
527 4402 600 4449 Cf.
635 4401 749 4458 261,
771 4402 830 4449 11
866 4401 1275 4451 inclementisaeime
1307 4406 1379 4452 est
1413 4403 1464 4451 in
1498 4406 1565 4465 φ*
1606 4420 1694 4468 pro
1729 4404 1997 4453 inclementi
2028 4420 2114 4453 me.

440 4482 494 4541 2)
527 4482 601 4529 (Χ.
639 4482 752 4539 18⁹,
771 4483 799 4528 8
834 4482 985 4531 ueluti
1017 4483 1170 4531 stellio
1204 4484 1512 4533 relucentem.
