3392 5384
1385 406 1703 456 noturus,
2598 391 2731 458 241

345 599 500 664 ergo
533 578 643 642 hic
678 575 981 642 laudatur
1019 575 1357 642 consilium
1401 575 1846 652 Parmenonis,
1887 576 2132 640 factum
2166 573 2512 655 Chaereae,
2554 597 2739 642 casus

347 685 638 749 fortunae
689 721 773 732 -
820 682 892 745 id
936 689 1041 760 est,
1089 689 1328 746 eventus
1367 681 1492 761 (W.
1537 687 1618 759 c.)
1662 719 1747 730 —
1787 683 1991 746 oratio
2033 683 2220 745 senis,
2405 680 2505 746 Ita
2552 681 2738 760 Don.,

349 792 518 877 quod
565 790 683 856 Ed.
733 792 822 855 sic
869 788 1323 874 amplificavit:
1371 789 1467 868 (2)
1515 787 1665 853 'Pria
1714 792 1862 852 sunt
1905 790 1973 851 in
2016 791 2149 853 vita
2182 789 2558 856 hominum:
2601 812 2740 855 con·

348 899 528 975 silia,
593 899 792 975 facta,
859 917 1206 962 successus,
1266 894 1629 961 Consilium
1695 897 1892 959 animi
1951 899 2083 971 est,
2131 895 2372 960 factum
2423 899 2739 982 corporis,

349 1024 677 1070 successus
739 1003 1052 1067 fortunae.
1242 1001 1401 1066 Ecce
1463 997 1919 1087 philosophus!
2012 1000 2319 1065 Eiusdem
2383 1023 2518 1067 esse
2581 1006 2739 1087 puto

358 1109 442 1174 18
471 1110 600 1190 (2):
663 1109 749 1173 Et
809 1109 1258 1173 festivitas
1320 1109 1383 1172 in
1440 1106 1628 1171 dictis
1676 1113 1809 1183 est,
1859 1105 2255 1172 facilitas
2300 1111 2365 1172 in
2417 1111 2630 1174 animo
2678 1117 2743 1174 et-

355 1206 573 1295 factis}
624 1237 900 1301 quocum
949 1235 1248 1300 compara
1296 1212 1456 1278 Don.
1505 1214 1745 1279 ibidem
1796 1213 1892 1294 (1)
1939 1220 2001 1278 et
2048 1213 2165 1294 (3).

446 1322 608 1388 Ibid.
658 1321 746 1387 20
817 1321 900 1386 Di
948 1328 1232 1387 vostram
1279 1319 1502 1398 fidem,
1551 1319 1953 1385 incredibilia
2000 1319 2314 1386 Parmeno
2354 1321 2542 1388 modo
2582 1343 2742 1407 quae

355 1427 676 1496 narravit!
2390 1433 2393 1438 ’

448 1536 610 1603 Don.
670 1536 767 1621 (1)
831 1535 1090 1600 Nimius
1151 1534 1410 1600 affectus
1457 1536 1524 1598 in
1573 1537 1917 1620 utramque
1962 1540 2210 1618 partem
2262 1533 2427 1614 (scil.
2477 1537 2745 1601 tristitia

357 1651 420 1710 et
476 1643 792 1730 gaudium
854 1644 1159 1721 nimium)
1207 1641 1490 1706 defectus
1539 1643 1843 1705 orationis
1890 1645 2084 1706 amat.
2270 1639 2367 1708 Of.
2416 1640 2445 1705 Ι
2497 1641 2583 1707 20
2610 1643 2743 1724 (2);
2837 1640 2840 1642 ’

355 1751 522 1816 Nam
606 1757 780 1816 amat
868 1750 1323 1822 ἀποσιωπήσεις
1394 1750 1595 1813 nimia
1663 1747 2059 1834 indignatio,
2133 1786 2218 1795 —
2289 1749 2508 1833 ibique
2580 1751 2745 1835 App.

358 1858 600 1923 Wessn.
741 1856 1273 1922 Addit-amentum
1322 1860 1452 1920 est:
1503 1854 1598 1935 (2)
1645 1854 1819 1941 Ergo
1870 1852 2148 1930 ἔλλειψις
2188 1861 2317 1932 est,
2358 1855 2533 1920 deest
2576 1859 2746 1921 enim

360 1963 707 2051 ‚,gaudia”.
891 1962 1032 2027 Hoc
1069 1963 1353 2048 profecto
1401 1960 1615 2026 deesse
1663 1961 1952 2026 Donatus
2000 1983 2125 2026 non
2174 1960 2489 2026 adnuerit.

450 2071 614 2137 Ibid.
656 2069 742 2135 23
792 2068 843 2133 Τ
857 2069 958 2134 hr.
993 2070 1198 2146 Perii,
1233 2074 1471 2153 quanto
1504 2070 1722 2132 minus
1755 2070 1891 2153 spei
1923 2073 2049 2144 est,
2093 2072 2271 2132 tanto
2312 2072 2523 2153 magis
2559 2089 2705 2133 amo

452 2177 613 2244 Don.
657 2176 753 2257 (1)
793 2177 920 2241 Hic
961 2197 1110 2265 vero
1150 2185 1246 2240 est
1285 2175 1470 2240 ardor
1507 2177 1995 2252 insanissimus,
2038 2180 2111 2237 ut
2153 2173 2512 2260 Vergilius:
2559 2175 2752 2252 „For-

361 2307 617 2350 mosum
674 2289 894 2368 pastor
956 2280 1253 2369 Corydon
1316 2281 1575 2346 ardebat
1638 2280 1904 2352 Alexin,
1971 2279 2226 2344 delicias
2288 2280 2568 2359 domini,
2638 2303 2752 2347 nec

362 2390 532 2476 quod
575 2395 854 2474 speraret
899 2387 1214 2454 habebat''
1265 2386 1425 2467 (Ecl.
1476 2386 1540 2450 ΙΙ
1593 2386 1680 2466 1).
1797 2387 1936 2450 Ηοο
1982 2388 2272 2472 graviter
2319 2388 2407 2451 sic
2454 2388 2753 2471 probavit

364 2495 826 2581 Philosophus:
892 2494 1002 2577 (3)·
1034 2495 1121 2559 Et
1167 2493 1448 2580 profecto
1495 2495 1584 2558 sic
1635 2498 1764 2558 est:
1826 2495 2141 2578 sapientes
2187 2514 2298 2577 spe
2344 2495 2627 2558 maxime
2672 2493 2761 2558 ad-

363 2623 642 2668 amorem
692 2607 1031 2688 coguntur,
1078 2600 1266 2666 stulti
1311 2602 1516 2666 forma
1562 2605 1840 2665 tantum.
2026 2599 2209 2664 Nihil
2256 2600 2336 2665 ad
2384 2622 2541 2665 rem.

451 2708 612 2774 Ibid.
661 2707 746 2774 27
821 2708 1106 2790 Quodvis
1154 2707 1392 2773 donum
1431 2709 1793 2794 praemium
1834 2727 1870 2771 a
1908 2727 2013 2771 me
2052 2712 2304 2792 optato:
2345 2706 2413 2772 id
2454 2713 2751 2793 optatum

363 2816 609 2882 auferes

450 2925 549 3005 (1)
615 2923 916 3002 „Donum
977 2922 1378 3008 praemium’'
1447 2929 1545 2987 est
1607 2943 1846 2986 munus
1908 2924 2291 3007 praemium.
2478 2922 2576 3002 (2)
2626 2919 2748 2986 Sed

364 3030 664 3096 donum
713 3031 1172 3115 praemium
1220 3028 1318 3092 dis
1366 3028 1575 3106 datur,
1623 3050 1921 3093 munus
1971 3032 2429 3114 praemium
2481 3029 2754 3094 homini-

363 3139 515 3214 bus3
565 3157 715 3202 nam
756 3138 1098 3221 separatim
1140 3135 1432 3200 donum
1476 3136 1739 3201 deorum
1782 3140 1915 3212 est,
1955 3137 2333 3220 praemiu
2360 3157 2417 3198 m
2465 3137 2749 3201 virorum

363 3250 463 3309 est
524 3244 827 3320 fortium,
892 3262 1187 3307 munus
1250 3243 1609 3307 hominum.
1774 3241 1872 3320 (3)
1934 3241 2020 3305 Et
2082 3241 2377 3307 donum
2426 3263 2753 3306 munus-

311 3403 326 3416 .
364 3372 486 3436 que
549 3358 685 3415 tam
745 3355 889 3415 ante
951 3349 1194 3414 factum
1262 3370 1455 3434 quam
1519 3354 1663 3434 post
1726 3349 1971 3413 factum
2032 3348 2239 3426 datur,
2288 3351 2750 3433 praemium

363 3479 486 3530 non
549 3459 674 3520 nisi
727 3461 873 3540 post
917 3455 1180 3520 factum.
1367 3455 1463 3535 (4)
1512 3453 1821 3519 Donum
1871 3453 2313 3519 voluntarium
2362 3459 2487 3531 est,
2516 3432 2755 3538 'prae-

361 3567 611 3627 mium
663 3561 948 3628 debetur.
1135 3561 1231 3642 (5)
1277 3560 1409 3627 Alii
1457 3583 1609 3627 vero
1661 3561 2005 3633 ἀσυνδέτως
2052 3562 2498 3646 pronuntiant:
2542 3561 2752 3644 primo

368 3670 692 3749 „donum”
741 3677 804 3735 et
853 3672 940 3734 sic
993 3669 1441 3755 „praemium”
1491 3671 1673 3754 quasi
1722 3689 1919 3734 unam
1968 3675 2215 3755 partem
2266 3669 2591 3731 orationis.

363 3778 458 3857 (6)
525 3776 866 3854 „Donum”
931 3779 1130 3861 petito
1197 3783 1269 3840 ut
1331 3797 1367 3840 a
1427 3774 1612 3861 largo
1674 3775 1970 3852 homine,
2023 3774 2468 3862 „praemium”
2519 3779 2593 3838 ut
2640 3794 2753 3858 pro
2845 3793 2855 3806 ·

363 3883 533 3949 claro
594 3884 890 3977 facinore.
1077 3880 1171 3961 (¹7)
1239 3881 1583 3960 „Donum”
1650 3888 1907 3968 optat0‚
1956 3882 2035 3946 ob
2085 3881 2251 3967 quod
2303 3880 2749 3966 „praemium”

362 3992 655 4075 accipias.
840 3988 935 4068 (8)
999 3988 1236 4053 Totum
1300 3989 1689 4066 militariter,
1759 4010 1909 4053 nam
1975 3995 2040 4053 et
2101 3989 2332 4073 optio
2394 3987 2629 4052 dicitur
2690 3994 2753 4052 et

366 4099 644 4182 optari
715 4117 752 4160 a
819 4095 1173 4173 militibus,
1255 4102 1329 4161 ut
1403 4097 1545 4174 „vir
1614 4096 1797 4160 fortis
1866 4099 2042 4180 optet
2104 4093 2273 4179 quod
2341 4092 2512 4158 volet
2575 4115 2754 4178 prae-

366 4185 641 4268 mium.''

454 4310 1032 4395 Eugraphius:
1098 4308 1267 4373 Novi
1331 4314 1426 4384 te,
1491 4309 1544 4372 si
1607 4308 1727 4373 hoc
1789 4307 2100 4384 effeceriS,
2149 4306 2318 4392 quod
2365 4308 2465 4371 vis
2515 4305 2753 4372 donum

361 4419 646 4503 praemio
689 4415 951 4481 donasse
997 4411 1096 4496 (Y),
1147 4416 1304 4493 hoc,
1352 4417 1655 4499 inquam,
1706 4436 1742 4480 a
1788 4437 1892 4480 me
1939 4417 2220 4500 poscito:
2271 4413 2337 4477 id
2388 4434 2536 4478 cum
2584 4421 2756 4499 opta-

359 4525 528 4590 veris
589 4524 879 4608 accipies.
944 4522 1153 4606 Atque
1203 4521 1372 4586 ultra
1420 4523 1653 4586 merita
1702 4527 1854 4586 sunt
1904 4521 2147 4597 dona,
2196 4522 2557 4606 praemium
2605 4542 2753 4586 vero

2403 4641 2465 4690 16
