3392 5384
668 405 802 474 236
1713 417 2026 468 nonnus.

644 591 751 658 tit
811 588 1146 676 Pythiam.
1313 584 1651 652 Obstinate
1713 584 1938 651 Editor
1992 585 2364 671 obloquitur
2410 583 2669 654 scholiis
2713 586 3064 650 commenti

667 700 782 761 aut
827 694 1017 781 fingit
1064 692 1477 760 ratiunculae.

757 897 831 974 V'.
881 906 944 973 3.
973 904 1010 974 '7
1085 906 1300 985 „Nam
1362 905 1464 972 illi
1527 906 1710 970 faveo
1774 904 2067 992 virgini''
2132 907 2314 990 quasi
2376 905 2579 971 dicat:
2646 906 2792 985 „illi
2838 906 3060 986 faveo,

663 1037 789 1080 non
836 1013 1182 1093 Chaereae,
1238 1020 1302 1079 et
1349 1011 1549 1078 simul
1597 1032 1787 1077 causa
1834 1017 1929 1077 est
1970 1032 2085 1076 cur
2121 1010 2313 1076 illum
2353 1011 2578 1078 ulcisci
2614 1015 2869 1100 cupiat,
2908 1016 3063 1099 quia

664 1121 910 1188 scilicet
971 1119 1259 1186 multum
1319 1118 1422 1184 illi
1481 1119 1675 1185 favet.
1862 1117 2140 1182 Minime
2202 1139 2463 1200 verum3
2531 1121 2599 1184 in
2659 1119 2777 1185 hac
2837 1140 3062 1185 scaena

666 1228 934 1314 Pythias
980 1249 1104 1292 non
1153 1225 1229 1291 de
1278 1222 1561 1291 Chaerea
1605 1223 1716 1290 sed
1764 1223 1841 1288 de
1888 1222 2283 1290 Parmenone
2330 1224 2693 1292 ulciscendo
2742 1228 3006 1312 cogitat.

715 1393 722 1402 .
757 1333 920 1400 Ibid.
968 1333 1051 1398 10
1123 1331 1324 1410 „Vide
1366 1338 1440 1397 ut
1477 1334 1719 1397 otiosus
1757 1330 1852 1395 it’'
1894 1330 2082 1412 (Don.
2130 1333 2349 1412 „sit'').
2527 1332 2624 1412 (1)
2663 1331 2920 1399 Invidet
2958 1331 3065 1397 illi

667 1444 1076 1508 securitatem
1096 1489 1111 1518 ‚
1178 1461 1370 1526 quem
1429 1438 1786 1505 sollicitum
1832 1437 2163 1504 redditura
2208 1443 2325 1504 est.
2508 1435 2841 1524 Sequitur,
2888 1437 3064 1524 quod

667 1551 947 1616 otiosum
985 1548 1243 1614 videtur
1281 1546 1833 1613 additamentum:
1884 1544 2029 1611 Non
2070 1547 2242 1610 enim
2285 1547 2409 1611 erit
2447 1544 2585 1611 ulla
2623 1544 2752 1612 alia
2775 1545 3067 1612 vindicta

667 1660 812 1742 post
853 1664 1101 1741 praeter
1144 1656 1360 1720 istam.
1499 1651 1826 1717 Particula
1875 1651 2134 1729 „enim”
2182 1653 2426 1718 ratione
2471 1658 2664 1717 caret.

755 1761 920 1827 Ibid.
987 1760 1067 1825 11
1142 1760 1380 1845 „Spero
1440 1781 1546 1825 me
1612 1758 1887 1824 habere''
1955 1758 2052 1841 (1)
2115 1779 2227 1844 pro
2291 1758 2692 1824 habiturum.
2764 1758 2861 1840 (2)
2923 1760 3065 1824 Aut

671 1867 936 1954 „spero”
1008 1889 1122 1954 pro
1193 1866 1438 1933 credo
1510 1887 1686 1932 more
1758 1886 1897 1934 suo.
2040 1865 2258 1948 „Aut”
2325 1868 2573 1932 ratione
2636 1872 2842 1944 caret,
2907 1886 3065 1931 nam

671 1975 936 2060 „spero”
1001 1973 1424 2038 nihilominus
1487 1979 1775 2057 posceret
1834 1971 2233 2039 infinitivum
2297 1972 2503 2037 futuri
2517 1993 2533 2052 ;
2600 1972 2793 2064 refert
2838 1979 3064 2038 autem

670 2080 788 2146 Ed.
836 2077 1163 2146 Donatum
1225 2079 1304 2145 ad
1364 2078 1398 2144 I
1459 2078 1682 2144 2.123
1709 2079 1810 2159 (1)
1869 2078 2053 2147 Nove
2118 2079 2385 2165 „spero”
2454 2099 2569 2166 pro
2635 2077 2902 2157 „credo”
2952 2077 3069 2146 vel

675 2185 1027 2267 „confido”.

764 2400 819 2468 V
863 2401 929 2476 51.
957 2401 1019 2466 4.
1072 2401 1170 2482 (3)
1240 2400 1801 2480 „Difficillimum”
1865 2403 2017 2486 quia
2068 2421 2145 2479 „a
2191 2399 2525 2466 meretrice
2570 2399 2827 2466 avara''.
2895 2399 2934 2465 5
2962 2401 3069 2482 (2)

677 2505 1182 2586 ,,Ο81·188111111111”
1249 2509 1400 2593 quia
1450 2509 1817 2593 „virginem
1866 2527 2059 2592 quam
2108 2506 2428 2572 amabat''.
2613 2505 2751 2574 Iam
2798 2506 2896 2571 bis
2941 2507 3067 2573 hoc

673 2615 1256 2681 additamentorum
1297 2635 1503 2700 genus
1541 2615 1764 2678 notavi
1801 2612 1895 2677 III
1936 2613 1996 2678 4.
2026 2612 2067 2676 4
2108 2637 2171 2700 p.
2210 2613 2342 2679 214
2383 2619 2448 2678 et
2486 2611 2573 2678 IV
2600 2613 2662 2679 4.
2690 2611 2775 2678 54
2812 2635 2874 2699 p.
2902 2612 3063 2681 224.

763 2721 924 2786 Ibid.
973 2721 1014 2786 8
1087 2720 1202 2799 ,,Ι11
1245 2741 1396 2786 vero
1442 2720 1577 2785 est''
1627 2719 1726 2800 (1)
1776 2719 2022 2796 „Vero”
2073 2722 2200 2784 11181
2247 2722 2618 2786 ornativum
2664 2725 2849 2797 esset,
2897 2720 3069 2786 nihil

674 2826 1082 2915 significaret.
1259 2825 1466 2894 Aliter
1511 2826 1674 2892 Don.
1727 2825 1781 2890 V
1829 2825 1892 2891 2.
1921 2825 2005 2890 55
2055 2826 2133 2892 de
2179 2826 2375 2891 huius
2424 2825 2776 2913 particulae
2823 2825 3067 2913 sig-nifi-

669 2934 1045 3000 cationibus.

767 3038 928 3105 Ibid.
991 3038 1069 3103 11
1147 3038 1353 3122 „Cum
1410 3041 1826 3125 cognoverit''
1894 3038 1990 3120 (2)
2042 3038 2345 3105 Suaviter
2390 3061 2515 3106 non
2565 3040 2904 3118 „noverit”
2952 3039 3066 3106 sed

678 3145 1130 3233 „cognoverit”
1180 3146 1380 3225 dixit,
1440 3146 1612 3232 quod
1660 3152 1757 3212 est
1801 3146 1987 3231 plene
2033 3167 2104 3212 ac
2148 3149 2479 3232 perspicue
2525 3149 2798 3214 noverit.
2937 3147 3063 3211 Vix

675 3255 1070 3340 genuinum3
1134 3241 1456 3340 praecedit
1503 3255 1675 3318 enim
1726 3254 2064 3331 „noscere”
2115 3274 2213 3319 vs.
2269 3252 2353 3318 10
2402 3253 2621 3319 eodem
2671 3252 3059 3340 significatu.

767 3360 929 3426 Ibid.
987 3359 1067 3426 12
1093 3359 1189 3442 (3)
1235 3360 1402 3426 Nam
1450 3381 1563 3425 nec
1613 3361 1831 3425 omnia
1876 3380 1991 3445 per
2041 3359 2335 3446 „magis”
2390 3355 2771 3426 adverbium
2818 3359 3061 3447 profert

676 3488 791 3533 nec
837 3470 1052 3533 omnia
1089 3488 1200 3553 per
1237 3469 1753 3552 comparativum
1789 3465 2088 3552 gradum.
2232 3463 2389 3531 Vide
2427 3486 2620 3553 supra
2658 3465 2739 3531 ad
2777 3465 2840 3531 11
2881 3464 2942 3532 1.
2969 3466 3053 3533 21

671 3595 735 3659 p.
788 3571 894 3640 38.

767 3679 929 3745 Ibid.
983 3677 1063 3745 17
1136 3678 1274 3759 Quo
1317 3683 1499 3766 pacto
1545 3700 1626 3744 ex
1670 3681 1812 3745 iure
1858 3679 2152 3746 hesterno
2197 3700 2430 3766 panem
2475 3686 2691 3745 atrum
2739 3686 2967 3747 vorent

765 3785 863 3867 (1)
914 3786 1096 3864 „Ex”
1144 3807 1258 3871 pro
1302 3808 1481 3852 cum
1528 3788 1815 3870 positum
1862 3793 1978 3852 est.
2116 3786 2213 3867 (2)
2249 3787 2386 3852 Aut
2425 3786 2597 3852 deest
2636 3786 3055 3865 „madidum”

601 3960 614 3966 ,
673 3899 788 3959 aut
851 3893 1330 3971 „maceratum”
1394 3899 1510 3959 aut
1573 3891 2063 3972 „emollitum'';
2114 3915 2262 3959 nam
2310 3899 2575 3979 apparet
2620 3899 2685 3959 et
2729 3893 3059 3960 sordidum

673 4021 843 4078 esse,
903 4002 1056 4086 quia
1101 4002 1186 4065 sit
1231 4007 1442 4078 ater,
1492 4005 1558 4065 et
1602 3999 1841 4064 durum
1876 4002 2129 4085 utique,
2181 4002 2293 4084 qui
2340 4021 2428 4066 ex
2473 4003 2649 4065 iure
2697 3999 3059 4066 hesterno

676 4109 760 4171 sit
822 4106 1270 4172 comedendus.
1335 4104 1459 4172 Cui
1518 4108 1916 4171 contrarium
1978 4104 2323 4172 Sallustius
2386 4109 2605 4192 posuit
2651 4089 2756 4187 (cf.
2805 4127 2939 4173 var.
2988 4107 3063 4188 l.)

674 4213 750 4278 de
790 4212 1038 4278 deliciis
1086 4212 1377 4278 militum
1423 4211 1690 4296 loquens
1740 4231 2011 4296 „panem
2053 4213 2123 4274 111
2172 4212 2306 4278 dies
2351 4212 2663 4278 mercari”
2713 4215 2944 4298 inquit.

764 4319 860 4400 (3)
915 4321 1200 4397 „Panem
1246 4325 1458 4383 atrum
1508 4318 1803 4382 hesterno
1851 4338 1929 4381 ex
1977 4318 2182 4398 iure'',
2234 4324 2309 4383 ut
2356 4319 2616 4405 quidam
2655 4318 2919 4399 volunt,
2968 4340 3063 4385 ex

674 4428 1202 4516 antiquitate
1248 4425 1672 4490 mucidum
1720 4425 2092 4509 accipimus.
2232 4472 2249 4489 .

760 4531 1212 4618 Interpretatio
1252 4529 1508 4616 triplex.
1551 4529 1826 4598 Deditne
1873 4529 2035 4597 Don.
2077 4531 2173 4613 (1)
2213 4537 2278 4597 et
2310 4531 2482 4598 nihil
2517 4531 2828 4619 amplius,
2864 4533 3057 4619 idque
