3392 5384
1144 444 1228 492 nn
1274 442 1592 491 mmmms
1637 442 1955 491 mmrfloo.
2174 434 2183 441 ·
2342 480 2347 486 .
2602 424 2733 489 365

441 616 566 680 Sed
627 614 704 681 de
771 614 961 677 Penne
1022 612 1174 697 quid
1239 609 1488 676 dicam?
1549 610 1879 676 Misellam
1940 610 2338 695 tragoediam
2399 630 2560 695 quae
2607 631 2735 674 uno

350 727 606 786 tantum
674 720 814 785 loco
881 720 1140 783 nomine
1212 724 1608 782 memoratur
1675 716 1787 783 sed
1859 737 1930 781 80
2000 722 2256 781 tantum
2327 714 2591 781 consilio
2662 722 2737 779 ut

347 828 803 893 condemnetur
863 822 1094 889 simul!
1159 823 1417 889 Scilicet
1477 844 1795 909 nusquam
1855 844 2063 889 sermo
2112 823 2187 889 de
2234 822 2447 887 Tenue
2497 824 2620 886 nisi
2668 824 2737 885 in

353 934 541 1012 „Vita
589 933 876 997 Maiore''
930 932 1042 995 ubi
1094 929 1421 995 νοθεύέται.

440 1038 834 1105 Fabularum
872 1038 1036 1102 hanc
1077 1037 1307 1101 seriem
1346 1058 1419 1101 eo
1459 1035 1669 1101 solum
1712 1034 1977 1101 consilio
2012 1036 2379 1121 composui,
2422 1040 2497 1100 ut
2533 1040 2737 1100 osten·

349 1146 564 1211 derem
601 1148 669 1210 in
706 1143 1018 1230 Catalogo
1048 1181 1128 1191 -
1155 1146 1469 1227 quatenus
1494 1144 1729 1207 nostris
1756 1142 2056 1206 subsidiis
2081 1144 2389 1207 constitui
2413 1147 2625 1227 potest
2650 1178 2735 1189 —-

347 1274 471 1317 non
519 1254 676 1317 satis
724 1250 987 1315 firmum
1027 1270 1161 1314 esse
1202 1249 1695 1313 fundamentum
1735 1249 1812 1313 ad
1851 1252 2252 1333 quaestiones
2292 1249 2367 1315 de
2409 1250 2741 1314 authentia

347 1357 755 1423 dirimendas.
823 1356 990 1423 Cum
1053 1342 1238 1421 enim.
1275 1358 1341 1419 in
1390 1356 1690 1420 omnibus
1738 1354 1953 1420 titulis
2000 1376 2267 1441 aequam
2319 1356 2587 1421 adhibeo
2634 1375 2745 1441 ge-

349 1467 620 1529 nuitatis
681 1484 977 1528 normam
1041 1468 1300 1547 superat
1360 1483 1544 1527 meus
1605 1461 1935 1547 catalogus
1997 1483 2125 1527 una
2172 1462 2426 1541 fabula,
2476 1466 2743 1547 excepta

350 1574 548 1638 etiam
609 1570 856 1648 Tenue,
928 1590 1273 1634 numerum
1321 1576 1435 1633 τῶν
1486 1568 1932 1644 ἑβδομήκοντα.
1998 1568 2122 1633 Sed
2174 1570 2271 1634 fac
2317 1569 2602 1634 Probum
2652 1590 2745 1633 er·

353 1699 522 1743 rasse
563 1683 676 1742 aut
714 1677 1015 1742 Varronis
1055 1697 1308 1762 quoque
1347 1676 1541 1741 verba
1582 1674 1770 1740 aliter
1808 1697 2003 1761 quam
2044 1675 2221 1741 volui
2266 1675 2743 1762 interpretanda

353 1804 508 1849 8888.
549 1784 815 1848 Abiecta
856 1788 1010 1847 tunc
1050 1781 1250 1848 altera
1290 1787 1436 1846 utra
1475 1780 1660 1845 LXX
1695 1782 2062 1859 restabunt;
2106 1780 2216 1847 sed
2256 1784 2322 1846 in
2364 1784 2455 1847 eis
2494 1788 2743 1868 septua—

353 1893 538 1976 ginta
601 1888 837 1954 fabulis
897 1887 1240 1953 nonnullae
1301 1887 1512 1953 multo
1574 1890 1786 1973 magis
1832 1909 2025 1972 quam
2073 1888 2407 1952 Pirithous
2453 1887 2743 1953 laborant

353 1998 568 2081 inopia
614 1997 1133 2061 testimoniorum
1183 1996 1417 2080 quibus
1461 1996 1807 2080 ingenuam
1858 1996 2175 2080 originem
2222 1995 2515 2080 probent.

1501 2222 1608 2288 IV.

449 2423 517 2488 Si
554 2425 771 2508 itaque
810 2428 1058 2488 constat
1094 2423 1493 2487 Athenaeum
1537 2421 1848 2507 Vitaeque
1890 2422 2156 2487 Maioris
2194 2428 2520 2489 auctorem
2564 2425 2745 2489 dubi-

357 2536 524 2595 tasse
566 2529 640 2595 de
680 2530 1003 2606 Pirithoo,
1043 2532 1110 2593 in
1151 2518 1504 2614 exemplari
1543 2532 1758 2594 autem
1794 2528 2171 2594 selectarum
2199 2531 2596 2614 quarundam
2622 2536 2746 2596 tra-

355 2637 727 2724 goediarum
769 2635 1100 2721 Euripidis
1139 2636 1309 2721 quod
1350 2635 1520 2700 haud
1561 2633 1785 2721 procul
1828 2636 2099 2699 Athenis
2140 2636 2392 2701 saeculo
2424 2642 2567 2721 post
2592 2635 2741 2703 Chr.

354 2746 564 2829 primo
589 2742 1046 2809 adservabatur
1068 2763 1211 2807 eam
1237 2740 1523 2807 fabulam
1548 2741 1833 2818 infuisse,
1861 2763 1976 2827 pro
2002 2740 2349 2827 Euripidea
2374 2742 2743 2807 Pirithoum

355 2854 677 2936 acceptam
744 2849 942 2914 fuisse
1002 2851 1429 2935 grammatico
1490 2849 1595 2913 cui
1658 2846 1927 2913 debetur
1973 2848 2254 2913 scholion
2303 2848 2382 2913 ad
2437 2850 2535 2913 Or.
2588 2847 2742 2927 982,
2830 2902 2837 2906 .

353 2957 514 3020 item
566 2994 648 3003 —-
699 2956 867 3041 quod
917 2958 1185 3041 gravius
1235 2960 1332 3020 est
1379 2992 1464 3005 -—
1513 2954 1982 3041 glosso'grapho
2030 2957 2140 3040 qui
2190 2955 2265 3019 de
2314 2977 2469 3021 voce
2508 2955 2742 3035 ῥόμβος
2852 2961 2855 2964 ’

301 3112 308 3118 .
357 3082 430 3125 88
492 3061 792 3125 disseruit
855 3081 1016 3144 quae
1077 3064 1144 3125 in
1208 3062 1466 3126 brevius
1527 3067 1849 3125 contracta
1910 3067 2247 3126 servantur
2301 3063 2369 3125 in
2419 3061 2613 3127 schol.
2664 3062 2744 3127 ad

359 3165 568 3252 Apoll.
615 3166 820 3230 Rhod.
869 3164 956 3229 IV
1009 3166 1158 3242 143,
1208 3166 1478 3249 denique
1526 3188 1562 3231 a
1609 3165 1957 3231 Plutarcho
2002 3168 2368 3232 Pirithoum
2416 3168 2746 3254 Euripidis

355 3272 625 3337 iudicari
687 3293 844 3357 opus
897 3308 979 3319 -—
1029 3274 1288 3335 mittam
1348 3274 1520 3337 enim
1584 3273 1953 3336 testimonia
2012 3271 2327 3357 Hesychii
2390 3272 2743 3339 Clementis

356 3378 685 3444 Eustathii
734 3413 819 3426 -—
867 3375 1021 3462 quid
1068 3381 1166 3440 est
1213 3375 1381 3460 quod
1429 3396 1543 3439 nos
1596 3375 1934 3461 prohibeat
1977 3378 2145 3440 inter
2188 3376 2515 3462 Euripidis
2559 3398 2747 3462 opera

357 3487 640 3571 genuina
685 3482 863 3548 illius
912 3503 1162 3568 quoque
1209 3482 1460 3547 fabulae
1505 3482 1869 3567 fragmenta
1915 3480 2232 3568 recipere?

453 3590 725 3669 „Aliena
787 3593 939 3655 sunt
999 3591 1078 3655 ab
1139 3588 1490 3674 Euripide''
1551 3591 1644 3653 ita
1706 3589 1835 3653 fere
1898 3589 2279 3673 respondent
2333 3595 2397 3655 et
2444 3590 2745 3656 Wilamo-

360 3699 611 3761 witzius
657 3701 722 3760 et
767 3694 878 3760 alii
932 3701 1109 3773 „tam
1158 3694 1352 3759 dictio
1401 3697 1817 3778 numerique,
1868 3716 2060 3779 quam
2110 3698 2460 3761 sententiae
2508 3697 2743 3762 horum

357 3800 936 3887 fragmentorum’'.
1014 3838 1097 3849 --
1168 3799 1362 3865 Haud
1433 3800 1573 3867 leve
1641 3821 1848 3885 neque
1910 3802 2337 3887 spernendum
2399 3804 2515 3868 hoc
2578 3803 2742 3868 mihi

353 3906 669 3972 iudicium
709 3906 987 3972 videtur.
1044 3905 1160 3971 Est
1206 3908 1379 3971 enim
1427 3906 1738 3991 quaedam
1784 3909 1851 3972 in
1899 3914 2115 3973 nostra
2160 3892 2413 3994 quoque
2460 3908 2747 3974 doctrina

359 4012 672 4092 αἴσθησις,
738 4034 900 4099 quae
963 4012 1160 4079 aliam
1225 4014 1484 4097 quidem
1549 4016 1728 4079 viam
1789 4016 2077 4100 ingressa
2146 4035 2341 4100 quam
2410 4014 2742 4080 dialectica

356 4118 471 4184 illa
538 4141 640 4185 ars
713 4140 875 4205 quae
948 4140 1060 4205 per
1125 4125 1511 4205 argument-a
1581 4118 1968 4205 disputando
2037 4123 2284 4206 pergit,
2349 4123 2458 4185 vix
2522 4126 2740 4187 tamen

357 4227 575 4290 minus
613 4231 786 4291 certa
823 4247 893 4290 ac
931 4225 1198 4312 probata
1236 4225 1362 4290 dici
1401 4232 1633 4311 potest.
1680 4226 1995 4311 Equidem
2036 4228 2317 4312 profecto
2356 4229 2559 4312 siquis
2598 4228 2745 4293 Bre-

357 4332 503 4396 dius
568 4330 997 4397 Micheliusve
1062 4330 1354 4397 tabulam
1412 4331 1853 4398 Rembrandtii
1915 4335 2175 4398 nomine
2228 4370 2311 4382 —-
2358 4338 2435 4398 ut
2480 4333 2741 4418 quidem

355 4437 697 4504 videbatur
765 4474 851 4485 -—
893 4439 1344 4523 insignitam,
1408 4440 1732 4523 pictorum
1787 4441 2061 4525 principi
2122 4438 2334 4504 deberi
2395 4440 2743 4526 praefracte

356 4545 726 4631 negaverit,
800 4544 1081 4609 mirabor
1149 4544 1448 4621 fortasse,
1519 4544 1786 4610 fortasse
1854 4544 2115 4623 doleb0,
2188 4545 2297 4610 sed
2355 4547 2575 4612 tacebo
2598 4594 2615 4624 ,
2678 4552 2743 4613 et
2864 4580 2871 4589 ·
