3392 5384
1157 435 1424 485 nrunus
1467 432 1911 485 snruLonAms.
2599 414 2725 484 179

345 599 622 665 duorum
669 599 929 686 quidem
969 599 1416 665 defunct-orum
1455 601 1717 665 nomina
1756 596 2000 684 prodit,
2040 597 2276 662 horum
2316 603 2533 664 tamen
2572 597 2732 663 dicit

343 710 600 770 tantum
662 714 885 784 μνῆμα
946 705 1083 772 τόδε
1147 714 1388 784 κεῖται,
1449 705 1614 770 αὐτὼ
1663 704 1726 769 δὲ
1772 704 1841 768 οὖ
1889 706 2139 768 κεῖσθον.
2203 702 2585 783 Παραδεῑξου
2633 708 2733 769 est

344 809 591 896 aliquid
627 813 722 876 ita
761 811 1087 877 ostendere
1125 816 1202 875 ut
1240 833 1355 899 pro
1394 808 1688 896 exemplo
1725 811 1844 887 sit,
1885 813 1961 874 ut
2002 807 2194 875 decus
2232 810 2371 875 eius
2409 816 2730 896 appareat.

344 916 808 1002 Accipiendum
871 917 986 982 hic*
1036 923 1133 983 est
1192 916 1267 982 de
1323 916 1641 1002 prothesi,
1692 935 1818 1000 qua
1862 916 1933 980 in
1977 913 2143 981 lecto
2190 918 2457 1002 proponi
2504 914 2733 997 (προτί-

350 1022 579 1102 θεσθαι)
636 1022 1084 1090 defunctorum
1145 1043 1408 1106 corpora
1466 1020 1753 1087 solebant
1807 1020 1979 1085 haud
2026 1023 2161 1086 sine
2205 1021 2483 1107 quadam
2531 1027 2737 1088 osten-

352 1130 631 1206 tatione,
692 1128 892 1194 va'riis
951 1128 1158 1193 modis
1206 1133 1448 1193 ornata.
1493 1127 1747 1196 Nostris
1795 1127 2004 1193 adhuc
2048 1128 2449 1215 temporibus
2493 1130 2563 1193 in
2607 1150 2736 1194 usu

349 1239 446 1300 est
483 1254 608 1299 vox
647 1232 1107 1319 „paradebed’'.
1151 1234 1527 1318 Antiquitas
1565 1232 1881 1317 prothesis
1910 1232 1991 1298 ad
2014 1233 2515 1319 unumquodque
2538 1233 2737 1299 funus

349 1338 700 1404 solemnius
758 1338 1139 1424 pertinebat.
1209 1338 1366 1403 Fuit
1425 1340 1634 1425 igitur
1692 1337 2059 1424 sepulcrum
2078 1388 2095 1418 ,
2158 1341 2265 1405 cui
2312 1337 2474 1405 stela
2520 1344 2737 1406 nostra

350 1447 702 1530 composita
771 1445 897 1510 fuit
917 1492 933 1523 ,
1005 1443 1386 1525 κενοτάφιον.
1458 1443 1675 1510 Liberi
1747 1445 1817 1509 hi
1884 1443 2011 1509 duo
2079 1446 2174 1509 ita
2210 1447 2591 1531 perierant,
2657 1450 2734 1510 ut

350 1572 575 1616 eorum
619 1571 900 1636 corpora·
923 1555 1174 1636 praesto
1219 1572 1345 1616 non
1391 1556 1601 1616 essent
1647 1550 1773 1628 (fac
1811 1570 1919 1615 eos
1956 1550 2288 1617 devoratos
2326 1571 2462 1617 esse
2505 1551 2736 1632 undis),

353 1676 514 1741 quae
581 1653 952 1721 solemniter
1017 1659 1541 1742 proponerentur,
1611 1653 2003 1732 efferrentur,
2075 1655 2533 1742 sepelirentur:
2619 1657 2739 1722 hoc

352 1782 602 1846 quoque
661 1782 847 1828 saeva
906 1781 1037 1826 sors
1098 1761 1470 1847 parentibus
1532 1760 1877 1826 ademerat.
1941 1759 2017 1825 In
2075 1760 2367 1848 sepulcro
2426 1763 2554 1847 ipsi
2613 1783 2738 1828 non

351 1868 661 1933 iacebant.

442 1972 516 2037 In
581 1973 992 2057 sequentibus
1053 1970 1217 2037 illud
1266 1969 1516 2036 λιπόντε
1561 1971 1681 2036 hoc
1728 1970 1925 2037 habet
1973 1970 2366 2038 difficultatis
2386 2019 2403 2050 ,
2453 1973 2624 2058 quod
2670 1974 2739 2038 in

354 2077 875 2144 antecedentibus
919 2077 1353 2143 desideramus
1400 2078 1672 2144 verbum
1720 2075 1978 2163 aliquod
2016 2079 2086 2142 in
2124 2077 2329 2156 duali,
2373 2081 2558 2144 cuius
2596 2079 2741 2145 sub-

354 2186 518 2249 iecto
578 2185 741 2263 (sive
802 2182 1060 2248 silentio
1123 2204 1460 2268 suppresso
1480 2232 1497 2262 ,
1563 2167 1699 2248 sive
1748 2183 1960 2248 verbis
2008 2189 2331 2267 expresso)
2377 2184 2497 2250 hoc
2546 2187 2741 2271 parti·

354 2293 596 2376 cipium
637 2290 1055 2375 appositionis
1089 2287 1226 2354 loco
1263 2294 1432 2354 recte
1471 2287 1760 2374 adaptari
1798 2290 2021 2372 possit.
2061 2287 2312 2354 Poteris
2348 2289 2417 2355 id
2439 2290 2741 2376 quodam-

356 2397 543 2464 modo
604 2398 990 2482 coniungere
1036 2415 1185 2461 cum
1229 2393 1342 2460 illo
1388 2396 1556 2460 αὐτὼ
1602 2394 1664 2458 δὲ
1714 2396 1779 2459 οὐ
1828 2395 2135 2476 (κεῖσθον),
2184 2400 2259 2461 ut
2306 2396 2500 2462 verba
2544 2421 2741 2477 παρα·
2834 2388 2839 2392 ’

356 2500 551 2579 δεῖξαι
599 2505 720 2581 ἀφ.
746 2503 799 2568 δ.
826 2529 891 2567 α.
919 2526 986 2567 π.
1013 2509 1089 2578 Φ.
1116 2526 1173 2566 κ.
1199 2500 1388 2578 μητρί
1433 2507 1768 2585 tamquam
1814 2501 1883 2564 in
1929 2502 2293 2587 parenthesi
2341 2505 2549 2587 posita
2588 2505 2737 2568 sint.

353 2608 522 2676 Cave
570 2615 786 2674 tamen
829 2610 1352 2694 interpretatione
1390 2628 1463 2672 ea
1501 2612 1791 2672 accurate
1830 2609 2205 2672 concinnare
2245 2607 2535 2687 studeas,
2578 2629 2739 2694 quae
2798 2677 2801 2681 ,

353 2719 552 2780 miser
591 2721 774 2800 poeta
812 2716 1115 2779 concinne
1149 2733 1498 2799 proponere
1536 2715 1806 2777 minime
1846 2711 2071 2779 valuit.
2122 2711 2285 2779 Sane
2324 2713 2506 2779 nullo
2547 2715 2738 2780 modo

355 2823 718 2887 concinnior
762 2819 980 2886 evadit
1025 2821 1226 2884 oratio
1274 2821 1331 2883 si
1377 2819 1543 2882 αὐτὼ
1585 2817 1650 2882 δὲ
1696 2819 1764 2882 οὐ
1798 2839 1851 2883 ·a
1894 2819 2090 2884 verbo
2140 2818 2507 2897 παραδεῖξαι
2559 2819 2741 2885 nulla

356 2929 863 3013 interpunctione
905 2925 1305 2991 disiunxeris.
1348 2923 1454 2990 Sic
1493 2926 1665 2989 enim
1706 2924 1870 2989 αὐτώ
1910 2945 2024 3010 pro
2064 2925 2259 2990 huius
2286 2927 2469 2991 verbi
2494 2926 2739 2991 obiecto

359 3034 774 3114 (accusativo)
833 3029 1196 3096 habendum
1259 3036 1393 3108 est,
1455 3034 1532 3094 ut
1591 3032 2035 3095 nominativus
2081 3029 2292 3095 dualis
2339 3033 2446 3096 cui
2490 3032 2741 3097 λιπόντε

360 3139 697 3224 adaptetur
740 3140 805 3202 in
853 3142 990 3202 toto
1037 3138 1505 3222 epigrammate
1552 3134 1660 3201 vel
1706 3133 1895 3220 plane
1944 3135 2128 3200 desit.

448 3244 547 3309 En
585 3245 778 3310 habes
817 3250 1100 3309 nostram
1136 3243 1548 3329 generatione
1567 3290 1584 3320 ,
1625 3260 1821 3326 quam
1861 3240 2115 3320 dicunt,
2157 3245 2502 3329 spontanea
2522 3248 2741 3324 natam

358 3351 968 3436 interpretationem.
1035 3347 1205 3413 Mihi
1272 3346 1532 3432 quidem
1601 3346 1858 3412 videtur
1929 3367 2065 3411 esse
2135 3350 2291 3412 satis
2352 3348 2702 3433 probabilis
2720 3396 2737 3427 ,

358 3455 587 3522 saltem
635 3455 827 3541 digna
873 3475 1034 3540 quae
1083 3475 1232 3519 cum
1279 3455 1436 3518 viris
1475 3452 1678 3518 doctis
1717 3454 2245 3518 communicetur.
2293 3451 2637 3518 Postmodo
2671 3455 2739 3518 in
2798 3457 2801 3462 ’

360 3564 658 3628 notitiam
703 3561 870 3625 mihi
917 3562 1095 3627 venit
1139 3559 1513 3637 Leeuweni,
1560 3556 1847 3644 collegae
1887 3559 2152 3644 optimi,
2192 3559 2387 3623 huius
2427 3561 2741 3646 epigram-

361 3670 554 3733 matis
612 3667 952 3743 correcti0,
1017 3686 1211 3750 quam
1256 3666 1587 3750 proposuit
1631 3665 1697 3728 in
1745 3664 1867 3729 hoc
1913 3666 2055 3749 ipso
2103 3664 2305 3729 diario
2352 3684 2513 3730 anno
2566 3663 2738 3730 1894

363 3796 423 3859 p.
452 3771 605 3838 396.
650 3770 926 3838 Criticus
964 3790 1324 3856 anonymus
1361 3769 1530 3855 apud
1555 3769 1903 3834 Hoffmann
1927 3771 1994 3833 in
2017 3768 2184 3834 libro
2207 3770 2301 3834 ibi
2323 3790 2361 3834 a
2386 3769 2738 3836 Leeuweno

361 3881 555 3945 citato
623 3878 1024 3963 epigramma
1087 3878 1178 3941 sic
1237 3874 1549 3961 explicat:
1619 3895 1787 3953 „nur
1847 3874 1957 3939 das
2020 3874 2195 3950 Mal,
2265 3874 2375 3939 das
2437 3874 2584 3940 Bild
2630 3875 2741 3940 der

364 3985 592 4050 Mnes.‘
632 3982 762 4047 und
823 3982 977 4047 Nik.
1025 3982 1198 4047 steht
1243 3981 1418 4059 hier;
1468 3980 1570 4046 die
1618 3979 1867 4045 Kinder
1910 3978 2109 4045 selbst
2154 3978 2577 4044 vorzustellen
2626 3981 2740 4044 hat

365 4089 472 4155 der
538 4087 724 4154 Wille
782 4087 889 4152 des
938 4087 1222 4152 Daemon
1272 4086 1392 4151 den
1438 4085 1663 4150 Eltern
1709 4083 2163 4172 genommen''.
2211 4083 2384 4164 Quae
2428 4087 2742 4150 sententia

365 4194 716 4260 Leeuweno
763 4192 1014 4279 prodire
1063 4198 1318 4257 tantum
1343 4191 1622 4282 ⁸videtur
1665 4193 1723 4256 si
1768 4191 2057 4277 legatur:

678 4300 844 4365 αὐτὼ
893 4298 946 4362 δ’
995 4300 1059 4362 οὐ
1110 4297 1278 4377 πάρα
1322 4297 1551 4375 δεῖξαι·
1603 4296 1907 4374 ἀφείλετο
1957 4295 2243 4371 δαίμονος
2289 4291 2464 4361 αἶσα.

367 4403 624 4472 Gaudeo
665 4404 834 4490 quod
872 4405 1313 4471 vanLeeuwen
1355 4423 1605 4488 quoque
1645 4404 2046 4489 epigramma
2081 4400 2528 4487 explicandum
2556 4407 2741 4488 putat

369 4511 678 4578 ¹versiculo
723 4511 843 4576 hoc
880 4511 1388 4595 interpunctione
1427 4507 1801 4586 dividendo,
1844 4528 2231 4593 quamquam
2272 4509 2571 4573 omnibus
2607 4530 2742 4594 per·
