3392 5384
731 396 820 462 88
1759 413 2087 462 Amnums.

735 579 790 627 di
819 577 1243 642 :superscripserin
1291 577 1501 626 ordinem
1546 583 1599 638 φ.
1663 579 1729 627 28
1765 541 1997 652 {deierare
2029 582 2068 638 φ
2110 575 2317 635 exhibet,
2353 576 2557 625 mutatio
2592 579 2663 625 est
2697 591 2864 626 manus
2897 577 3115 637 racemis,

734 671 784 719 in
822 685 973 732 marg.
1009 674 1162 718 exstat
1184 668 1420 732 peierare.

800 751 914 808 229,
933 752 966 798 4
1002 749 1230 813 Furcifer
1261 749 1314 806 F,
1349 749 1430 798 sed
1467 749 1514 796 F
1542 748 1729 797 refecta.
1789 750 1847 797 10
1880 748 2119 798 ἰῆσθαι-ἕπε
2145 751 2211 809 φι
2253 749 2527 815 ἰησδςσίηηε
2543 753 2631 809 φ’.
2678 749 2742 796 14
2770 748 3039 812 reperiatur
3055 755 3114 810 φ.

735 834 795 881 19
841 831 1058 896 taberna]
1092 834 1156 892 φ’
1198 831 1419 894 tabema3
1452 835 1540 892 φ’,
1587 833 1830 895 praeterea
1865 846 1930 879 m.
1967 846 2005 879 r.
2040 830 2372 895 superscripsit
2406 831 2562 880 domii.
2616 830 2679 878 23
2713 830 2952 879 ᾶόενοηεηι
2986 829 3024 877 Ε
3057 830 3110 878 in

732 916 867 962 textu
902 918 951 961 at
984 913 1035 962 in
1074 929 1221 976 marg.
1256 913 1438 960 umbcro
1473 912 1621 976 (sicut
1655 912 1768 970 230,
1788 913 1862 976 2).
1905 913 1968 961 28
2005 912 2291 960 balbuttienc
2328 913 2381 961 F.

800 995 913 1053 230,
946 996 975 1041 6
1010 994 1250 1062 compatio
1282 999 1336 1055 φ.
1391 995 1420 1042 6
1452 993 1761 1056 mcipionem
1796 1008 1958 1041 errore
1984 994 2278 1057 typothetico
2304 1009 2393 1058 pro
2420 993 2747 1057 suspicionem.
2797 993 2858 1040 16
2888 1008 3111 1064 compare

732 1085 785 1141 φ.
839 1082 904 1130 22
935 1081 1088 1130 telone
1109 1082 1205 1145 fas
1239 1080 1301 1127 F*
1343 1084 1392 1128 at
1427 1080 1491 1127 1⁴¹⁸
1531 1079 1707 1127 lineola
1742 1094 1801 1126 ne
1835 1079 1991 1128 iunxit
2023 1094 2129 1127 cum
2150 1079 2271 1140 fas3
2314 1079 2366 1128 iu
2400 1083 2465 1141 φ·
2508 1083 2578 1128 est
2618 1080 2713 1129 telo
2746 1079 2925 1142 nephas
2959 1083 3010 1128 at
3044 1095 3111 1130 m.

733 1177 775 1210 r.
807 1161 1002 1226 scripsit
1023 1163 1072 1226 f
1095 1177 1238 1226 supra
1263 1161 1350 1224 pb.
1403 1161 1467 1209 23
1501 1160 1801 1224 sopniferum
1835 1166 1889 1221 φ.
1943 1161 2007 1208 28
2040 1160 2195 1208 sinere
2228 1161 2338 1221 ΕΦ.

824 1303 977 1382 230,
1007 1303 1088 1368 31
1141 1311 1345 1369 morte
1392 1309 1777 1388 praeuentus
1806 1307 1941 1368 est.

765 1385 772 1394 Ι
823 1409 1238 1476 Conferamus
1285 1408 1471 1473 Ovid.
1520 1407 1713 1472 Trist.
1765 1407 1819 1473 V
1869 1407 1931 1484 4,
1962 1406 2048 1473 32

1139 1513 1321 1593 Quod
1367 1534 1491 1577 non
1537 1517 1956 1596 praeventum
2002 1520 2211 1577 morte
2257 1513 2453 1578 fuisse
2500 1512 2669 1577 dolet
2684 1534 2701 1592 ;

733 1625 796 1685 et
857 1618 1063 1684 Schol.
1129 1618 1420 1683 Bobiens.
1491 1616 1738 1697 (Orell.)
1801 1614 1957 1694 234,
1983 1618 2026 1683 2
2088 1616 2199 1682 sed
2246 1618 2435 1682 rebus
2483 1617 2765 1682 nondum
2812 1618 3114 1683 confectis

735 1729 939 1791 morte
988 1729 1372 1810 praeuentus
1419 1729 1536 1788 est.

823 1828 989 1896 Cum
1031 1829 1266 1914 Apulei
1304 1829 1518 1894 verbis
1555 1826 1739 1908 (226,
1767 1827 1835 1906 8)
1883 1827 2052 1912 quod
2096 1830 2229 1893 iam
2268 1828 2653 1893 destinatam
2690 1830 2914 1892 iuueni
2951 1848 3117 1897 mor-

730 1941 864 2000 tem
902 1935 1335 2019 praeuenisset
1370 1953 1531 2017 puer
1553 1953 1917 2014 comparare
1946 1931 2278 1997 volumus:
2313 1932 2567 2012 (lustin.
2595 1931 2868 2009 XXXII,
2896 1932 2962 2013 4)
2986 1932 3113 1997 Sed

731 2038 1039 2114 Annibal,
1087 2060 1155 2127 re
1195 2040 1484 2122 cognita,
1527 2044 1788 2122 sumpto
1830 2058 2071 2102 ueneno
2112 2037 2507 2123 legationem
2528 2041 2733 2102 morte
2759 2039 3111 2122 praeuenit.

821 2144 896 2208 In
957 2143 1589 2227 Metamorphosibus
1636 2143 1945 2206 habemus
1992 2148 2315 2226 praeterea
2359 2141 2539 2221 (219,
2567 2142 2681 2223 22)
2727 2148 3114 2226 praeuentus

731 2248 1108 2314 uulneribus
1172 2254 1235 2313 et
1299 2245 1478 2327 (241,
1507 2246 1574 2326 2)
1635 2248 1830 2312 insita
1890 2248 2207 2312 matribus
2270 2251 2508 2333 pietate
2569 2254 2951 2332 praeuenta,
2999 2248 3117 2312 ubi

726 2355 1137 2439 participium
1185 2352 1405 2417 eodem
1452 2351 1642 2416 modo
1688 2354 1975 2437 positum
2024 2358 2120 2416 est
2166 2358 2355 2436 atque
2393 2351 2602 2417 Schol.
2645 2353 2801 2417 Bob.
2843 2351 2996 2429 282,
3026 2351 3113 2416 36

729 2458 1015 2523 eiusdem
1062 2456 1544 2542 pollicitationis
1588 2455 1950 2540 implendae
1997 2456 2433 2541 desperatione
2480 2463 2883 2542 praeuentus.

820 2621 973 2699 231,
1004 2622 1037 2686 1
1104 2622 1184 2686 ad
1242 2625 1446 2686 istum
1510 2622 1776 2687 modum
1824 2625 2067 2688 seniore
2114 2623 2409 2689 adorante
2458 2624 2817 2706 (aperiri)
2866 2624 3117 2710 placuit

727 2736 792 2793 et
848 2731 984 2792 itur
1046 2727 1385 2791 confestim
1429 2747 1665 2811 magna
1710 2749 1858 2792 cum
1907 2729 2315 2793 festinatione
2360 2728 2439 2792 ad
2485 2727 2651 2794 illud
2698 2728 3115 2815 sepulchrum

726 2853 849 2916 quo
897 2852 1125 2916 corpus
1173 2834 1356 2916 pueri
1401 2831 1768 2916 depositum
1813 2833 2077 2896 iacebat.

817 2935 1076 3021 Optime
1139 2938 1487 3000 sententiae
1546 2939 1880 3001 convenire
1947 2938 2218 3002 verbum
2265 2959 2302 3002 a
2348 2960 2411 3003 v.
2464 2937 2525 3002 d.
2575 2936 2745 3002 Vliet
2789 2941 3111 3004 insertum

725 3042 1160 3125 unusquisque
1219 3039 1424 3118 videt,
1482 3040 1591 3106 sed
1635 3043 1845 3126 magis
1891 3063 1969 3106 ex
2017 3063 2139 3106 usu
2185 3041 2539 3127 Apuleiano
2586 3042 2900 3108 addideris
2933 3044 3107 3124 peri-

723 3145 930 3209 obitam·
975 3145 1080 3223 (cf.
1134 3143 1280 3228 190,
1311 3144 1396 3210 23
1446 3147 1557 3210 ubi
1602 3149 1669 3211 in
1718 3168 1923 3233 marg.
1972 3147 2106 3212 cod.
2158 3154 2210 3227 φ
2243 3148 2679 3230 periclitamur
2723 3149 3105 3233 explanatur
3166 3151 3171 3153 ’

724 3271 836 3336 per
897 3250 1304 3332 experiuntur,
1378 3253 1545 3315 sicut
1606 3272 1714 3336 pg.
1785 3251 1934 3328 191,
1963 3251 2073 3332 9).“
2124 3253 2459 3318 Praeterea
2507 3254 2911 3335 pericbitcmdi
2971 3275 3103 3321 vox

722 3357 995 3420 occurrit
1072 3353 1177 3433 72,
1207 3354 1281 3432 3;
1371 3354 1518 3432 125,
1546 3355 1623 3432 8;
1714 3354 1862 3434 127,
1892 3356 2014 3434 20,
2100 3356 2250 3435 182,
2277 3356 2362 3422 23
2433 3363 2549 3424 cet.
2616 3359 3104 3440 periclitabunda

721 3466 938 3524 autem
983 3458 1231 3544 legitur
1280 3458 1499 3536 62,13
1549 3470 1612 3524 et
1664 3461 1814 3537 111,
1845 3460 1949 3525 12.

812 3563 1014 3628 Sensu
1073 3564 1140 3626 in
1190 3565 1466 3645 periculo
1530 3587 1652 3628 csse
1714 3566 1833 3629 hoc
1892 3568 2161 3631 verbum
2227 3589 2353 3632 non
2401 3570 2618 3632 minus
2662 3569 2956 3653 frequens
3003 3577 3102 3635 est

723 3666 830 3745 48,
862 3667 978 3746 18;
1036 3667 1184 3745 108,
1212 3667 1333 3744 2Ο;
1390 3667 1537 3744 121,
1572 3669 1688 3747 15,
1748 3670 1894 3748 124,
1927 3670 2045 3753 14;
2102 3671 2249 3749 125,
2278 3672 2397 3750 21;
2452 3671 2601 3751 187,
2629 3672 2715 3737 22
2763 3679 2883 3738 cet.

812 3773 1471 3838 Animadvertendum
1517 3774 1788 3859 denique
1827 3781 1923 3840 est
1947 3777 2195 3858 placere
2230 3779 2299 3840 in
2338 3777 2773 3862 Metamorph.
2814 3781 3099 3844 construi

718 3899 866 3943 cum
912 3876 1235 3942 infinitivo
1280 3880 1487 3942 activo
1531 3877 1711 3957 (141,
1741 3878 1860 3956 25;
1918 3878 2067 3956 177,
2095 3881 2214 3956 2Ο;
2270 3879 2421 3958 221,
2448 3881 2537 3958 8),
2588 3903 2736 3946 cum
2775 3881 3097 3976 infinitivo

718 3985 971 4067 passivo
1035 3980 1218 4061 (142,
1242 3982 1363 4060 26;
1435 3982 1735 4060 152,19;
1808 3982 1960 4063 227,
1990 3984 2123 4064 30),
2187 4007 2333 4050 cum
2384 3985 2792 4052 coniunctivo
2838 3986 2975 4067 (75,
3009 3987 3093 4066 1),

718 4109 866 4152 cum
913 4088 1354 4164 coniunctivo,
1403 4099 1594 4172 quem
1641 4092 1988 4154 comitatur
2035 4092 2395 4156 coniunctio
2439 4099 2507 4154 ut
2552 4089 2895 4172 (22Ο,14).

785 4253 900 4312 231,
916 4255 949 4301 4
993 4253 1138 4302 Nemo
1183 4253 1237 4312 Ε,
1282 4254 1365 4302 sed
1411 4269 1444 4300 n
1489 4255 1673 4303 mutata
1717 4254 1768 4303 in
1804 4255 1870 4304 N.
1910 4257 1943 4303 4
1976 4254 2173 4304 decuria
2208 4252 2293 4317 ὑφ’
2326 4253 2377 4304 ἕν
2415 4255 2465 4306 F.
2523 4256 2553 4304 Β
2590 4257 2789 4324 copo-ulo
2822 4257 2926 4318 ΕΦ.
2977 4255 3007 4308 7
3042 4257 3096 4307 in

718 4405 870 4452 marg.
917 4389 1114 4438 sinistro
1163 4391 1203 4438 F
1252 4390 1394 4440 habet-
1443 4391 1613 4454 ccl-pul'
1677 4390 1707 4442 7
1758 4392 1952 4441 comoda
1920 4409 1997 4441 um
2040 4393 2109 4442 sic
2137 4409 2263 4443 nunc
2297 4410 2351 4443 ex
2321 4393 2485 4444 xhibet
2518 4399 2573 4455 φ,
2607 4398 2679 4462 ᾀμ
2711 4396 2925 4506 profecta
2960 4397 3032 4444 est
3066 4410 3095 4443 a

716 4486 859 4520 manu
895 4471 1101 4521 receutio
1073 4487 1172 4531 ore,
1203 4486 1385 4534 quaev
1357 4471 1510 4521 violat
1543 4473 1590 4520 fo
1595 4474 1742 4522 rtasse
1776 4473 1919 4522 duda
1887 4490 1981 4524 nm
