3392 5384
1434 432 1751 488 nonnus.
2702 422 2789 491 31

339 568 350 579 ο
408 622 719 669 rueras.
785 638 868 650 —·
931 601 1026 682 (4)
1085 566 1228 667 Hoc
1290 602 1552 686 quidam
1612 607 1877 687 putant,
1939 609 2008 668 at
2052 604 2218 669 mihi
2265 602 2523 670 videtur
2569 606 2646 670 de
2692 607 2795 669 his

408 730 581 785 esse,
664 728 827 792 quae
896 729 932 772 a
1002 708 1325 772 veteribus
1391 709 1912 793 geminabantur,
1984 714 2060 773 ut
2134 710 2459 796 „plerique
2528 712 2791 777 omnes''

409 813 628 893 (Andr.
676 812 710 876 Ι
761 812 820 877 1.
849 811 958 877 28.
1020 811 1281 876 Phorm.
1332 811 1363 875 Ι
1411 812 1472 876 3.
1507 813 1624 887 20)
1687 814 1757 877 id
1820 819 1917 878 est
1979 835 2256 880 omnes
2318 824 2379 880 et
2445 817 2791 902 „pleraque
2920 816 2925 821 ’

408 918 664 983 omnia''
713 918 976 997 (Heaut.
1025 915 1113 981 IV
1162 916 1221 982 ’7.
1250 916 1318 997 3)
1363 918 1430 982 id
1478 924 1574 983 est
1620 921 1915 983 omnia.
1964 918 2068 983 Sic
2114 920 2312 985 etiam
2363 921 2553 1005 „plus
2592 921 2790 985 satis”

410 1045 524 1109 pro
569 1026 803 1088 satis.
2794 1085 2801 1091 .

493 1127 824 1193 Scholium
886 1126 984 1207 (3)
1046 1148 1082 1191 a
1146 1130 1472 1212 proposita
1521 1131 1891 1212 quaestione
1940 1130 2221 1206 aberrat,
2272 1151 2422 1195 cum
2468 1131 2791 1216 explican-

403 1232 560 1298 dum
613 1235 732 1310 sit,
779 1231 936 1318 quid
981 1234 1068 1295 sit
1124 1229 1318 1316 plus
1362 1234 1546 1297 iuxta
1593 1235 1829 1297 satis.
1977 1232 2144 1313 Quid
2191 1240 2411 1300 autem
2458 1234 2621 1301 Don.
2672 1238 2789 1301 hac

401 1337 478 1402 de
522 1359 591 1402 re
636 1339 904 1414 sentiat,
945 1338 1246 1402 novimus
1283 1358 1318 1402 e
1356 1335 1614 1402 scholiis
1652 1337 1733 1401 ad
1773 1337 1970 1402 Andr.
2012 1345 2078 1404 et
2115 1340 2374 1406 Phorm.
2399 1326 2517 1419 1.'1.‚
2560 1362 2790 1426 nempe

397 1441 544 1527 plu
561 1463 590 1507 s
630 1462 766 1507 esse
791 1443 1092 1522 παρέλκων
1119 1464 1168 1507 s.
1196 1443 1616 1507 adiectionem
1641 1443 2074 1509 abundantem
2093 1492 2111 1522 ‚
2135 1447 2343 1531 igitur
2372 1446 2560 1530 „plus
2586 1447 2787 1513 satis”

396 1550 747 1624 =satiS,
787 1554 860 1611 ut
898 1554 993 1615 est
1029 1550 1098 1612 in
1135 1548 1252 1626 (4).
1347 1532 1516 1613 Cum
1553 1549 1763 1633 igitur
1800 1548 1995 1614 schol.
2038 1549 2137 1630 (4)
2161 1550 2395 1617 Donati
2421 1555 2790 1637 opinionem

395 1654 660 1730 referat,
709 1657 823 1718 aut
868 1656 1004 1739 ipse
1050 1654 1168 1718 hoc
1214 1655 1468 1738 scripsit
1512 1660 1626 1718 aut
1672 1656 1963 1720 imitator
1973 1676 1992 1733 3
2042 1655 2151 1719 sed
2206 1656 2283 1722 de
2336 1659 2661 1723 imitatore
2720 1662 2788 1723 in

395 1758 638 1824 scholio
685 1760 1020 1823 sanissimo
1068 1760 1355 1844 cogitare
1399 1760 1514 1823 vix
1556 1756 1746 1836 lic-et3
1795 1762 2014 1844 itaque
2061 1760 2140 1824 D.
2190 1767 2288 1825 est
2336 1765 2447 1847 qui
2494 1766 2785 1849 scripsit:

403 1864 586 1942 „Hoc
646 1864 909 1948 quidam
962 1868 1228 1949 putant,
1275 1870 1344 1927 at
1388 1864 1554 1928 mihi
1601 1863 1925 1929 videtur”.
1975 1864 2333 1931 Pronomen
2384 1868 2611 1944 „Hoc”
2660 1889 2788 1933 non

398 1970 690 2055 designat
748 1969 1124 2054 praecedens
1185 1968 1503 2033 scholium
1547 1968 1664 2049 (3),
1722 1970 1891 2054 quod
1952 1970 2112 2035 hanc
2177 1975 2615 2056 quaestionem
2660 1990 2788 2038 non

395 2081 660 2160 tangere
709 2076 1028 2152 vidimus,
1077 2073 1188 2140 sed
1233 2074 1350 2154 (2),
1402 2074 1515 2139 ubi
1564 2073 1997 2159 „plussatis”
2051 2082 2116 2140 et
2160 2077 2223 2141 11.
2252 2076 2296 2141 l.
2338 2083 2404 2142 et
2441 2081 2509 2141 in
2546 2078 2785 2144 Heaut.
2892 2126 2905 2137 .

396 2178 755 2266 explicatur
818 2180 1010 2265 plus
1079 2200 1356 2265 aequo.
1430 2178 1588 2259 Quis
1653 2186 1873 2244 autem
1937 2181 2104 2257 fuit,
2169 2184 2283 2266 qui
2330 2182 2449 2247 hoc
2497 2170 2783 2261 censuit)

397 2306 714 2370 quemque
775 2283 1014 2349 refellit
1073 2284 1131 2348 D
1178 2287 1245 2348 in
1293 2281 1430 2363 (4)?
1493 2285 1699 2368 Asper
1745 2293 1859 2348 aut
1902 2285 2150 2349 Probus
2197 2293 2311 2350 aut
2356 2285 2524 2350 alius
2568 2308 2784 2372 gram·

395 2394 678 2464 maticus‘
746 2391 925 2455 nobis
1001 2392 1281 2474 ignotus.
1342 2388 1480 2453 Iam
1526 2389 1711 2466 vide,
1775 2410 1901 2473 qua
1962 2392 2207 2454 ratione
2270 2390 2560 2456 Donatus
2622 2394 2783 2457 hanc

396 2494 952 2580 quaestiunculam
988 2498 1056 2558 in
1095 2500 1532 2559 commentum
1569 2492 1885 2558 intulerit.
1930 2494 2163 2579 Incipit
2201 2516 2239 2560 a
2278 2497 2532 2561 citanda
2569 2495 2784 2562 adver-

395 2604 548 2666 sarii
605 2602 1128 2686 interpretatione
1173 2602 1302 2677 ita,
1353 2602 1534 2684 quasi
1557 2600 1697 2663 .hoc
1742 2602 1879 2683 ipse
1927 2607 2210 2665 censeat:
2260 2602 2356 2681 (2)
2407 2601 2664 2681 „Nove‚
2714 2604 2784 2668 id

395 2711 495 2773 est
539 2708 782 2791 aequo'’
831 2714 979 2771 cett.
1028 2705 1197 2770 'Pum
1245 2726 1387 2770 eam
1433 2708 1655 2770 statim
1704 2705 1947 2793 refutat
1981 2709 2051 2770 in
2088 2705 2205 2787 (4).
2292 2707 2468 2772 Haec
2510 2707 2780 2773 scholio-

395 2832 542 2875 rum
584 2815 782 2889 ratio‚
824 2817 899 2875 ut
938 2814 1114 2897 prius
1154 2816 1426 2895 ponatur
1467 2816 1804 2896 tamquam
1840 2817 2009 2876 certa
2047 2810 2327 2876 aliorum
2368 2815 2616 2897 opinio,
2668 2814 2779 2878 sed

396 2916 543 2981 dein
603 2924 910 3001 sequatur
970 2916 1306 2995 refutatio,
1372 2918 1569 2980 etiam
1623 2916 1817 2993 alibi,
1867 2916 2078 2981 veluti
2121 2917 2201 2982 ad
2248 2918 2304 2981 V
2352 2916 2415 2982 8.
2442 2917 2550 2995 49,
2599 2919 2779 2983 nobis

393 3028 698 3085 occurret.
739 3021 908 3085 Hinc
947 3023 1240 3105 sequitur
1277 3020 1470 3086 schol.
1512 3019 1609 3100 (3)
1649 3023 2105 3106 interpositum
2137 3044 2272 3087 esse
2309 3024 2387 3088 ab
2428 3022 2549 3100 IP,
2590 3044 2776 3089 suam

393 3147 642 3212 quoque
704 3128 1089 3192 sententiam
1149 3127 1266 3191 hac
1324 3126 1400 3191 de
1447 3147 1516 3191 re
1563 3122 1727 3191 ferre
1774 3130 2069 3212 cupiente
2084 3149 2101 3206 3
2152 3126 2261 3192 sed
2306 3130 2447 3212 ipsa
2491 3131 2776 3212 quaestio

391 3252 544 3297 eum
589 3235 940 3317 praeteriit.
1688 3230 1755 3295 S.
1804 3253 1858 3295 c.
1909 3232 2005 3312 (2)
2052 3239 2117 3296 et
2162 3232 2277 3312 (4),
2326 3253 2679 3318 perperam.

478 3337 639 3402 Ibid.
693 3337 732 3401 9
779 3337 942 3402 Sane
990 3339 1142 3422 quia
1185 3357 1337 3402 vero
1385 3336 1504 3400 hae
1550 3336 1715 3400 mihi
1762 3343 1983 3419 patent
2028 3358 2280 3421 semper
2323 3337 2489 3401 fores

481 3444 577 3522 (l)
642 3441 821 3507 'I'olle
886 3440 1117 3519 „sane”
1182 3446 1247 3505 et
1310 3441 1544 3518 „vero”
1611 3447 1676 3505 et
1720 3442 2178 3525 pronuntiandi
2222 3443 2592 3506 adiumenta
2636 3439 2776 3506 vul·

389 3554 660 3632 tumque
727 3547 994 3612 dicentis
1063 3553 1127 3612 et
1187 3550 1258 3612 in
1319 3547 1531 3611 verbis
1593 3568 1718 3611 non
1781 3550 2037 3633 negatio
2101 3546 2210 3613 sed
2270 3549 2577 3613 confessio
2638 3569 2772 3612 esse

387 3652 699 3718 credetur.
836 3652 940 3717 Sic
1001 3652 1078 3716 D.
1141 3652 1448 3737 Sequitur
1506 3653 1925 3716 manifestum
1986 3653 2496 3718 additamentum
2544 3653 2622 3718 ab
2669 3652 2771 3716 IP

385 3761 585 3842 prave*
640 3756 924 3822 adfixum
986 3778 1098 3843 per
1157 3776 1354 3827 namt,
1399 3756 1496 3836 (2)
1557 3756 1724 3820 Nam
1788 3778 1983 3822 vero
2028 3761 2270 3822 ironiae
2316 3760 2648 3832 convenit,
2696 3763 2771 3820 ut

389 3865 760 3949 „egregiam
804 3884 956 3928 vero
1003 3861 1303 3927 laudem”
1353 3867 1504 3926 cett.
1555 3861 1775 3945 (Verg.
1824 3860 1912 3925 IV
1961 3861 2095 3942 93).
2220 3861 2478 3927 Tritum
2526 3863 2769 3925 ironiae

383 3968 790 4053 exemplum3
853 3968 944 4031 cf.
994 3967 1171 4033 Serv.
1234 3966 1332 4032 ad.
1395 3967 1460 4030 h.
1484 3965 1530 4031 l.
1596 3966 1759 4033 Don.
1806 3966 1882 4030 A.
1933 3964 2047 4032 Gr.
2095 3966 2177 4031 IV
2231 3965 2383 4043 401,
2412 3966 2498 4031 30
2554 3966 2638 4031 al.
2686 3969 2771 4030 ci-

383 4078 521 4137 tata
562 4075 634 4137 in
678 4074 842 4157 App.
895 4072 1140 4137 Wessn.
2507 4069 2573 4135 S.
2622 4090 2675 4133 c.

472 4177 632 4242 Ibis.
687 4177 772 4241 10
823 4177 1026 4241 Missa
1069 4179 1268 4241 istaec
1315 4156 1474 4241 face.

471 4281 568 4362 (3)
609 4281 756 4346 Alia
792 4280 1226 4347 dissimulatio
1265 4286 1376 4360 (sc.
1401 4279 1692 4360 Phaidis)
1714 4286 1779 4345 et
1802 4279 2025 4344 durior
2046 4284 2189 4365 post
2211 4278 2676 4346 admonitiones
2706 4279 2762 4358 ¹)

451 4507 613 4572 1)Ιιι
647 4508 898 4571 legendvn
931 4510 1048 4571 puto
1080 4521 1190 4557 eum
1221 4505 1382 4555 codiee
1416 4506 1472 4555 Τ.
1509 4504 1688 4553 Wenn.
1732 4504 2271 4554 admonitionem.
