3392 5384
658 389 794 459 258
1688 382 1990 471 ruamus.

658 574 910 640 dictum
967 595 1103 640 esse
1160 576 1627 660 grammaticus
1682 574 1898 653 docet,
1950 574 2054 640 καὶ
2105 575 2275 652 μετὰ
2325 584 2437 650 τῆς
2487 575 2812 655 προθέσεως
2863 584 3036 655 oepe-

660 680 895 759 κράτης
942 681 1232 765 Πετάλῃ·
1282 681 1569 761 πρόσαιρε
1619 681 1749 745 xri.

753 786 909 873 Leg.
958 789 1127 865 μετὰ
1174 795 1289 861 τῆς
1338 789 1657 868 <πρὸς>
1707 786 2035 866 προθέσεως
2081 786 2364 869 (Naber).

754 988 861 1067 55,
888 988 975 1055 26
1021 1017 1103 1045 =
1149 989 1350 1055 Bekk.
1398 990 1635 1057 Anecd.
1687 989 1841 1070 363,
1870 990 1931 1056 5.
1983 1027 2068 1041 —
2133 989 2362 1058 Glossa
2415 989 2699 1071 αἴσχιον·
2747 991 2885 1055 ἀντὶ
2935 996 3044 1055 τοῦ

661 1095 937 1176 αἰσχρόν.
982 1099 1370 1176 Θουκυδίδης,
1409 1118 1539 1162 11011
1568 1096 1772 1162 Thuc.
1813 1097 1876 1163 II
1912 1097 1998 1162 40
2033 1098 2132 1184 §1
2177 1100 2433 1183 respici,
2476 1098 2648 1184 quod
2679 1099 3046 1182 suspicatur

660 1202 1127 1283 Reitzenstein,
1187 1204 1299 1271 sed
1359 1202 1510 1270 VIII
1554 1204 1640 1271 27
1688 1204 1816 1289 ξὸ,
1881 1210 2147 1271 annotat
2190 1205 2422 1271 Naber.
2471 1202 2595 1273 Oui
2643 1204 2818 1269 haud
2867 1204 3048 1270 dubi-

660 1315 871 1375 tanter
932 1309 1310 1396 adstipulor.

754 1512 931 1593 56,2
976 1543 1057 1571 -·-·
1102 1515 1307 1581 Bekk.
1354 1515 1589 1583 Anecd.
1642 1514 1932 1594 359,10.
1985 1552 2070 1567 —
2119 1517 2299 1591 ἡμεῖς
2361 1515 2423 1580 δὲ
2486 1514 2620 1593 περὶ
2673 1514 3040 1595 ἀμφοτέρων

663 1622 996 1704 fimena<
1048 1618 1233 1695 ὅτι>
1281 1623 1351 1687 τὸ
1401 1622 1796 1689 αἰσθάνεσθαι
1842 1670 1856 1687 .
1887 1670 1901 1688 .
1933 1669 1947 1687 .
1993 1624 2042 1687 οἱ
2086 1624 2341 1687 παλαιοὶ
2386 1622 2484 1689 ἐπὶ
2528 1669 2542 1687 .
2575 1669 2589 1687 .
2619 1669 2635 1686 .
2679 1620 2911 1699 ἔταξαν
2938 1667 2954 1686 .
2983 1668 2999 1687 .
3027 1670 3046 1687 .

662 1728 767 1792 καὶ
819 1727 918 1792 ἐπὶ
971 1776 987 1793 .
1017 1776 1032 1793 .
1063 1774 1079 1793 .
1128 1727 1414 1809 (Naber).

754 1932 863 2011 56,
890 1932 932 1997 8
970 1957 1051 1982 =
1088 1932 1291 1999 Bekk.
1341 1932 1578 1999 Aneod.
1628 1932 1783 2012 359,
1810 1934 1852 1998 4
1897 1966 1977 1992 =
2021 1932 2202 1999 Suid.
2257 1968 2343 1983 —
2391 1930 2835 2013 αἷσχυνόμενος
2885 1956 3050 2011 περι-

664 2041 882 2105 πλέκει
931 2041 1039 2114 την
1085 2042 1436 2120 συμφοράν.
1479 2040 1537 2103 ἐν
1583 2044 1870 2124 συνουσίαι
1925 2046 2202 2120 <χρῶ>.

753 2136 859 2211 Sic
904 2146 1355 2213 Reitzenstein.
1403 2146 1558 2212 Post
1603 2147 2047 2227 αἰσχυνόμενος
2098 2145 2342 2211 Dobree
2390 2145 2554 2212 Adv.
2605 2166 2666 2230 p.
2718 2144 2848 2211 619
2898 2166 3048 2231 sup-

663 2252 885 2339 plebat
929 2253 1027 2332 δέ,
1067 2256 1448 2320 trimetrum
1492 2256 1702 2339 igitur
1746 2253 2046 2321 efficiens.

758 2472 867 2552 56,
892 2473 1003 2540 20.
1052 2510 1138 2523 --
1182 2475 1396 2555 αἷώρα.
1445 2473 1609 2540 Add.
1656 2471 1856 2540 schol.
1903 2472 2100 2558 Soph.
2149 2471 2224 2537 Ο.
2272 2471 2348 2539 R.
2401 2470 2576 2539 1264
2625 2471 2912 2553 (Naber).

759 2691 868 2773 5¹7,
894 2694 934 2759 3
973 2720 1055 2744 =
1091 2694 1331 2761 Aneod.
1371 2694 1576 2761 Bekk.
1618 2693 1770 2773 359,
1798 2693 1886 2760 24
1923 2732 2004 2758 -.--
2041 2693 2222 2761 sum.
2265 2730 2344 2756 =
2391 2692 2677 2779 Hesych.
2741 2728 2828 2741 -
2893 2691 3054 2773 μικρός
3145 2643 3152 2651 ’

668 2826 855 2867 πινον.
920 2803 1360 2868 σκοτεινόν.
1428 2803 1561 2867 καὶ
1626 2800 1896 2867 κόσκινον
1959 2803 2020 2865 ἐν
2081 2796 2124 2882 ᾧ
2187 2801 2357 2881 πυροὶ
2406 2800 2688 2873 σήθονται
2741 2798 2890 2877 ὑπὲρ
2936 2804 3044 2863 τοῦ

666 2911 788 2980 τὰς
835 2907 1015 2987 αἴρας
1065 2907 1442 2973 διελθεῖν.

758 3014 931 3094 Quae
954 3013 1189 3101 glossa
1234 3018 1513 3100 pertinet
1557 3001 1636 3082 ad
1660 3035 1922 3080 versum
1951 3014 2396 3100 Aristophanis
2434 3034 2468 3079 e
2506 3012 2769 3079 Polluce
2810 3012 2872 3079 X
2918 3010 3044 3077 114

666 3124 1005 3209 cognitum
1053 3122 1155 3202 (fr.
1206 3122 1401 3206 480):

1210 3226 1406 3309 ὥσπερ
1456 3230 1780 3313 [κόσκινον]
1830 3230 2130 3308 αἱρόπινον
2178 3230 2490 3307 τέτρηται.

756 3334 881 3401 Sed
939 3336 1146 3401 cribro
1208 3335 1425 3421 paleae
1470 3341 1838 3421 ceteraeque
1883 3335 2095 3401 sordes
2143 3336 2445 3420 quoniam
2491 3336 2870 3412 retinentur,
2918 3355 3045 3399 non

662 3444 1213 3519 transmittuntur,
1276 3449 1391 3509 aut
1434 3448 1583 3508 ante
1629 3444 1882 3507 διελθεῖν
1930 3440 2264 3507 inserenda
2311 3446 2410 3506 est
2451 3442 2712 3527 negatio
2761 3442 2850 3514 μή
2869 3489 2886 3520 ‚
2932 3444 3048 3506 ’aut

666 3582 753 3597 —-
793 3552 857 3612 et
894 3547 1015 3613 hoc
1054 3548 1316 3614 demum
1354 3548 1644 3614 adhibito
1678 3547 1961 3623 remedio
1997 3554 2144 3633 apte
2178 3546 2471 3613 decurret
2495 3549 2905 3613 enuntiatum
2929 3564 3049 3610 —z

666 3656 813 3732 ὑπὲρ
874 3658 983 3719 τοῦ
1044 3656 1166 3727 τοὶς
1221 3654 1403 3733 αἴρας
1448 3654 1789 3735 ἐξελεῖν.
1852 3654 2118 3741 Iamque
2165 3656 2406 3749 optime
2453 3655 2728 3719 concinit
2775 3653 3052 3740 Phryni-

624 3762 821 3826 ·chus
867 3760 1129 3840 (Anecd.
1178 3761 1383 3826 Bekk.
1432 3760 1705 3847 22,13),
1753 3763 1865 3846 qui
1911 3759 2210 3840 αἶρόπινον
2258 3758 2414 3825 dicit
2452 3779 2586 3825 esse
2629 3760 2741 3839 „rb
2782 3759 3049 3825 κόσκινον

650 3868 735 3941 ,τὸ
781 3870 901 3939 τὰς
950 3868 1130 3947 αἴρας
1178 3864 1322 3946 ὅπερ
1370 3867 1500 3932 ἐστὶ
1548 3870 1729 3950 ῥύπος
1781 3874 1896 3932 τῶν
1942 3873 2139 3944 πυρῶν
2185 3868 2594 3943 καθαῖρον.

756 3972 922 4053 Quid
970 3979 1190 4039 autem
1240 3975 1657 4039 σκοτεινόν
1695 3973 1864 4039 illud
1901 3975 2026 4039 sibi
2065 3971 2253 4039 vult?
2300 3973 2375 4038 Id
2410 3973 2673 4038 demum
2713 3970 3046 4038 obscurum!

664 4079 1004 4165 Leguntur
1050 4103 1309 4166 prorsus
1356 4081 1821 4163 eademrerba
1857 4082 1924 4146 in
1965 4086 2146 4145 sexto
2179 4079 2385 4146 lexico
2425 4079 2840 4167 SeguerianO,
2881 4080 3053 4166 apud

664 4185 966 4264 Sufflam,
1038 4188 1206 4273 apud
1275 4187 1702 4275 Hesychium.
1774 4187 2029 4273 Ergone
2094 4190 2412 4272 patienter
2470 4185 2768 4252 ferenda?
2839 4187 3050 4252 Immo

666 4294 858 4377 prisci
918 4295 1064 4358 vitii
1124 4296 1321 4359 nimis
1382 4292 1612 4361 stolide
1659 4296 1920 4380 repetiti
1967 4294 2311 4359 admodum
2357 4293 2763 4359 luculentum
2812 4293 2918 4360 hic
2965 4301 3053 4359 te-

664 4420 893 4464 nemus
964 4401 1355 4488 exemplum.
1443 4402 1612 4466 Nam
1683 4409 2181 4465 cKOTelNoN
2251 4400 2416 4466 illud
2485 4400 2651 4466 nihil
2718 4422 2856 4466 esse
2923 4403 3050 4466 nisi

670 4514 1134 4571 KoclclNoN
1183 4508 1353 4574 male
1398 4508 1676 4585 lectum,
1719 4506 1986 4573 delenda
2022 4510 2232 4595 igitur
2269 4528 2408 4573 esse
2454 4508 2860 4573 σκοτεινὸν
2909 4509 3045 4572 καὶ
