3392 5384
1429 393 1741 442 nonnus.
2653 377 2783 443 407

397 557 731 643 indigna”‚
799 557 1003 636 „velit
1066 557 1271 625 nolit''
1336 557 1525 639 (EM
1573 559 1672 624 W.
1702 565 1783 639 c.)
1928 559 2014 624 60
2039 559 2135 640 (1)
2203 561 2467 638 „Nescis
2530 564 2642 646 qui
2688 563 2788 627 vir

397 662 583 742 siet'',
631 670 696 729 et
735 670 860 746 (ex.
909 663 1168 744 falsum,
1220 664 1319 730 W.
1347 671 1450 745 c.>.

485 880 574 944 In
621 880 1148 945 Phormione.
2102 939 2108 942 .

485 985 654 1053 Cum
697 989 762 1050 in
810 987 1218 1084 Phoimionis
1258 993 1618 1052 commento
1660 987 2093 1052 additamenta
2113 1035 2129 1066 ,
2170 993 2248 1052 ut
2286 996 2784 1055 consentaneum

391 1098 522 1170 est,
587 1095 700 1158 vix
760 1095 1203 1158 inveniantur?
1234 1100 1377 1177 post
1431 1092 1493 1158 II
1545 1092 1584 1157 3
1633 1093 1904 1178 ideoque
1951 1096 2253 1180 pauciora
2295 1096 2423 1160 sint
2474 1117 2781 1174 numere,

390 1220 463 1264 ea
509 1199 710 1265 simul
755 1202 970 1265 omnia
1016 1199 1551 1285 comprehendam
1598 1202 1736 1264 sine
1784 1198 2248 1284 particularum
2297 1200 2724 1267 distinctione.

297 1376 304 1380 ‚
481 1305 649 1371 Prol.
699 1305 786 1371 28
849 1307 993 1374 Non
1057 1328 1209 1393 ergo
1271 1327 1437 1371 nunc
1486 1308 1775 1390 primum
1822 1312 2040 1371 actum
2091 1306 2280 1386 dicit,
2330 1307 2441 1373 sed
2488 1328 2776 1373 summas

389 1418 620 1496 partes.
670 1413 796 1492 (W.
839 1418 944 1494 c.).
1106 1411 1192 1478 32
1216 1411 1314 1493 (2)
1376 1411 1552 1497 Ergo
1615 1414 1891 1496 proprie.
1940 1410 2068 1492 (W.
2109 1419 2211 1494 c.·).
2359 1413 2444 1478 33
2471 1412 2569 1494 (2)
2632 1412 2781 1479 Ideo

393 1519 687 1597 „virtus”
739 1526 855 1585 est.
1161 1523 1177 1528 “
2076 1556 2084 1563 -

479 1625 509 1691 Ι
563 1626 619 1690 1.
651 1625 812 1706 6(6)
857 1625 945 1690 Et
993 1628 1270 1704 „corrasi
1318 1626 1577 1690 omnia''
1629 1630 1753 1703 (ex.
1792 1624 1929 1690 fals.
1972 1625 2070 1690 W.
2099 1631 2205 1706 c.).
2346 1625 2407 1691 2.
2439 1625 2477 1691 6
2504 1627 2601 1707 (1)
2639 1626 2781 1694 Hoc
2854 1617 2867 1630 '

387 1735 564 1796 enim
623 1732 944 1819 significat
1003 1731 1202 1817 „quid
1249 1731 1523 1797 reddit''.
1574 1731 1702 1810 (W.
1731 1739 1812 1811 c.)
1956 1730 2038 1795 12
2062 1732 2161 1811 (1)
2211 1732 2375 1813 Quia
2417 1735 2627 1820 igitur
2673 1733 2781 1798 ob·

384 1837 700 1924 loquendo
760 1839 1190 1924 impediverat
1251 1845 1667 1903 narraturum
1732 1837 1971 1923 „ergo”
2039 1838 2226 1903 dixit.
2292 1845 2495 1926 (mag.
2555 1841 2631 1918 A,
2698 1840 2775 1906 cf.

387 1966 592 2030 praec.
639 1943 801 2010 Don.
829 1946 928 2010 W.
957 1953 1060 2027 c.).
1204 1944 1285 2010 31
1315 1945 1412 2025 (2)
1452 1943 1619 2009 Nam
1659 1943 1803 2010 ideo
1831 1943 2273 2029 „puellulam”
2314 1944 2488 2012 dicit.
2518 1945 2645 2026 (W.
2672 1953 2777 2028 c.).

388 2050 474 2116 36
499 2051 597 2132 (2)
660 2052 832 2117 Hinc
895 2059 960 2118 et
1017 2051 1550 2136 philosophorum
1609 2057 1838 2117 sectae.
1887 2050 2014 2130 (W.
2042 2059 2123 2130 c.)
2265 2050 2348 2116 55
2376 2052 2473 2133 (1)
2520 2053 2779 2117 Adest

385 2161 558 2222 enim
622 2159 689 2223 id
752 2159 920 2244 quod
982 2161 1187 2223 iuvat.
1237 2155 1337 2239 (ἵ).
1482 2157 1567 2222 56
1594 2157 1690 2237 (1)
1760 2157 2079 2232 „Passus”
2143 2163 2383 2223 temere
2432 2159 2775 2243 dispersae.

239 2313 245 2318 -
383 2264 511 2342 (W.
539 2270 643 2346 c.).
803 2262 887 2331 57
915 2265 1011 2346 (4)
1067 2264 1242 2351 Ergo
1289 2270 1354 2329 et
1400 2262 1727 2350 Vergilius
1776 2266 1865 2327 sic
1913 2265 2039 2328 ait:
2091 2271 2158 2328 at
2204 2265 2370 2328 mihi
2416 2284 2549 2329 sese
2595 2264 2777 2329 offert

381 2369 556 2436 ultro
618 2391 802 2436 meus
862 2373 1035 2456 ignis
1097 2370 1439 2455 Amyntas.
1491 2369 1638 2455 (Ex.
1686 2371 1983 2453 ineptum
2032 2369 2203 2450 Ed).
2346 2369 2431 2434 59
2458 2369 2554 2451 (3)
2601 2369 2775 2456 Ergo

380 2477 828 2543 indifferenter.
878 2483 1077 2562 (mag.
1128 2478 1231 2555 A).
1390 2473 1474 2539 65
1502 2475 1598 2556 (1)
1654 2475 1837 2540 Unde
1886 2475 2320 2560 superlativus
2366 2479 2605 2564 gradus
2654 2500 2773 2563 op-

382 2587 731 2649 timates
781 2584 965 2668 facit,
1019 2585 1170 2668 quia
1218 2583 1457 2659 bonus,
1507 2579 1757 2658 melior,
1809 2583 2094 2667 optimus
2140 2582 2394 2648 dicitur.
2444 2583 2569 2663 (W.
2597 2590 2699 2665 c.).

382 2688 468 2757 ’70
494 2691 591 2772 (1)
639 2689 1101 2754 Insinuandum
1148 2691 1358 2775 igitur
1407 2689 1566 2753 fuit:
1615 2689 1734 2754 hoc
1783 2691 1957 2755 enim
2004 2692 2129 2754 erit
2176 2711 2366 2756 omne
2408 2689 2769 2775 periculum

378 2795 628 2862 fabulae
673 2809 873 2884 (mag.
922 2797 1001 2862 A.
1050 2797 1130 2862 cf.
1173 2796 1292 2878 (2).
1332 2795 1430 2862 W.
1459 2802 1561 2876 c.).
1704 2795 1792 2861 80
1817 2796 1912 2877 (3)
1953 2796 2122 2862 Nam
2163 2802 2308 2882 post
2345 2800 2772 2868 enumeratio-

376 2921 524 2968 nem
564 2909 809 2970 veteres
847 2904 1003 2969 haec
1039 2903 1354 2969 dicebant.
1391 2902 1534 2982 (Ed.
1580 2905 1648 2967 in
1672 2903 1844 2969 med.
1872 2902 2035 2969 Don.
2063 2902 2161 2969 W.
2191 2909 2294 2981 c.).
2412 2902 2499 2968 83
2525 2902 2622 2986 (3)
2661 2903 2767 2969 Sic

378 3012 552 3074 enim
611 3016 857 3076 veteres
921 3010 1131 3096 „quod
1177 3011 1466 3075 faustum
1513 3008 1795 3094 felixque
1842 3009 1969 3074 sit'’
2022 3009 2313 3075 dicebant
2361 3008 2610 3096 aliquid
2654 3030 2768 3096 ag-

372 3119 660 3203 gressuri
705 3117 848 3198 (Ed.
899 3117 977 3181 cf.
1027 3137 1233 3200 praec.
1285 3114 1498 3195 Don.).
1641 3114 1729 3180 92
1755 3115 1852 3195 (1)
1900 3115 2076 3200 Ergo
2123 3137 2225 3180 ars
2273 3119 2625 3201 precatoria
2670 3121 2769 3181 est

376 3224 677 3310 mitigare
713 3224 1102 3309 praesentia,
1144 3222 1362 3287 futura
1385 3222 1781 3304 permittere.
1809 3220 1935 3299 (W.
1964 3241 2016 3285 c.
2044 3218 2253 3302 Ed.?).
2365 3220 2427 3286 3.
2462 3222 2543 3286 10
2569 3221 2667 3303 (3)
2692 3221 2766 3286 Id

374 3335 502 3395 est:
554 3351 628 3395 eo
679 3329 846 3415 quod
893 3328 1243 3406 desideraS‚
1295 3326 1600 3392 abundaS.
1650 3324 1777 3407 (Of.
1828 3346 2032 3411 praec.
2085 3325 2248 3390 Don.
2298 3325 2414 3407 (2).
2462 3324 2671 3407 Ed.?).

376 3435 463 3501 20
489 3437 585 3517 (3)
627 3437 800 3523 Ergo
844 3437 1009 3520 „ipsi
1047 3433 1228 3511 nos’',
1271 3435 1518 3518 inquit,
1550 3437 1813 3510 „nostra
1837 3432 2375 3498 contemnimus''.
2403 3433 2505 3514 (A.
2534 3433 2631 3499 W.
2659 3440 2762 3515 c.).

375 3541 460 3606 36
488 3541 583 3622 (2)
628 3543 795 3608 Nam
847 3544 957 3619 „vi
1003 3544 1297 3605 coactum
1343 3538 1522 3604 esse’'
1572 3537 1748 3605 idem
1774 3535 2114 3625 'significat
2155 3537 2326 3624 quod
2368 3540 2761 3617 ‚,invitum''.

374 3646 474 3711 W.
502 3655 605 3728 c.).
669 3698 684 3710 .
746 3643 830 3712 4¹7
855 3646 952 3727 (2)
999 3645 1084 3710 Et
1131 3646 1250 3711 hoc
1296 3645 1542 3710 factum
1589 3651 1686 3710 est
1733 3652 1995 3730 propter
2043 3646 2337 3710 iambica.
2386 3646 2515 3726 (W.
2541 3655 2643 3728 c.).

465 3751 526 3817 II
575 3752 634 3818 1.
669 3732 837 3833 1(1)'
873 3752 1046 3838 Ergo
1094 3753 1548 3817 controversia.
1591 3751 1721 3831 (W.
1748 3757 1852 3831 c.).
1971 3752 2053 3816 21
2082 3752 2183 3834 (2)
2230 3751 2405 3839 Ergo
2444 3756 2764 3838 sapienter

374 3855 558 3924 Geta.
599 3858 725 3938 (W.
754 3864 858 3939 c.).
981 3853 1084 3923 ‘65
1112 3857 1210 3938 (2)
1255 3857 1396 3922 Hoc
1442 3863 1574 3922 est:
1625 3879 1752 3932 non
1802 3857 2039 3924 dicitur
2079 3861 2406 3938 „maxime
2442 3861 2795 3947 cognata'’'

370 3973 436 4030 et
485 3967 796 4044 „minime
842 3963 1178 4051 coguata”.
1229 3963 1357 4049 (W.
1384 3968 1464 4043 c).
1582 3964 1644 4029 2.
1679 3964 1763 4028 10
1788 3963 1885 4045 (8)
1924 3964 2099 4052 Ergo
2140 3965 2519 4030 fortitudine
2556 3970 2763 4033 nimia

370 4093 554 4158 saepe
601 4074 809 4150 vinci,
859 4091 1046 4156 saepe
1095 4069 1303 4155 decipi
1343 4072 1680 4157 contingit.
1726 4071 1832 4151 (cf.
1868 4092 2063 4156 supra
2103 4094 2165 4156 p.
2189 4070 2319 4136 323
2338 4069 2411 4151 ?).
2557 4072 2596 4138 3
2638 4073 2759 4153 (De

369 4178 565 4243 huius
610 4198 869 4244 scaenae
916 4177 1174 4244 scholiis
1223 4198 1416 4262 supra
1461 4180 1716 4263 egimus
1764 4199 1826 4262 p.
1874 4176 2008 4243 288
2034 4184 2219 4263 sqq.).

459 4285 544 4350 IV
593 4285 654 4350 3.
685 4283 772 4348 30
795 4284 892 4365 (2)
941 4284 1116 4371 Ergo
1165 4283 1321 4349 duas
1368 4305 1466 4349 res
1513 4283 1838 4370 significat
1886 4283 2008 4349 hoc
2057 4305 2261 4348 unum
2309 4285 2602 4351 verbum.
2651 4287 2755 4366 (A.

371 4391 470 4458 W.
498 4398 600 4473 c.).
743 4389 829 4454 54
897 4391 1078 4456 Idem
1146 4393 1321 4456 enim
1393 4390 1568 4456 volet
1639 4390 1949 4469 „utrum”
2024 4390 2193 4476 quod
2259 4390 2449 4469 „an”.
2519 4392 2626 4474 (A,
2676 4394 2754 4458 cf.

366 4519 572 4585 praec.
625 4496 832 4579 Don.).
