3392 5384
745 420 831 488 38
1690 447 1695 452 ·
1781 441 2093 490 nonnus.

760 607 845 674 95
873 605 994 694 (2),
1060 609 1375 673 imitatori
1424 605 1511 673 98
1536 607 1655 692 (1),
1720 607 1786 671 h.
1813 628 1865 672 e.
1911 606 2193 687 Editor-i,
2243 609 2388 693 qui,
2439 611 2513 672 ut
2557 606 2755 685 solet,
2803 606 3132 674 Donatum

742 717 875 781 suis
920 714 1133 780 verbis
1180 710 1458 778 reddidit
1502 713 1871 799 addiditque
1923 718 2038 792 „ut
2088 712 2440 792 diximus''‚
2482 715 2664 800 quasi
2697 715 2838 798 ipse
2876 735 3128 800 quoque

743 825 966 886 auctor
1028 822 1115 884 sit
1177 817 1373 886 schol.
1444 819 1527 884 95
1556 818 1655 903 (2)
1687 818 1754 904 ¹).
1893 819 1948 884 Ε
2011 818 2277 905 reliquis
2340 818 2600 885 scholiis
2641 840 2834 904 supra
2873 823 3130 905 scriptis

738 928 1020 1012 genuina
1083 925 1384 990 videntur
1443 925 1523 990 ad
1584 918 1792 989 Andr.
1831 924 1952 1011 (1),
2000 930 2247 1010 praeter
2295 929 2618 1010 postrema
2662 925 2930 990 fortasse
2979 925 3128 1003 „Aa

742 1033 914 1097 enim
962 1051 1015 1094 c.
1043 1050 1097 1095 e.
1124 1053 1186 1095 n.
1214 1051 1268 1095 e.
1295 1029 1401 1095 v.'’
1429 1030 1505 1115 ²),
1554 1029 1633 1095 ad
1666 1030 1798 1094 Ad.
1842 1029 1958 1115 (1),
2006 1036 2260 1114 praeter
2299 1030 2813 1095 additamentum
2847 1051 2884 1096 a
2922 1030 3129 1096 Wess-

740 1156 891 1202 nero
939 1141 1272 1214 notatum,
1320 1139 1386 1200 et
1432 1133 1554 1219 (3).
1602 1134 1875 1221 Reliqua
1921 1138 2385 1222 magistrorum
2429 1141 2724 1222 excerpta
2770 1141 2940 1203 sunt.

833 1349 995 1415 Ibid.
1047 1349 1153 1415 99.
1225 1349 1431 1432 Quam
1475 1351 1614 1414 ioco
1661 1370 1799 1414 rem
1845 1348 2114 1416 voluisti
2160 1371 2197 1416 a
2242 1370 2348 1415 me
2393 1351 2651 1416 tandem
2698 1353 2854 1437 quin

1223 1455 1561 1540 perfeceris

832 1561 929 1647 (3)
979 1561 1217 1629 Contra
1254 1560 1418 1625 illud
1457 1561 1752 1638 refertur,
1794 1561 1962 1646 quod
2000 1563 2094 1626 ait
2131 1561 2478 1627 Phaedria:
2531 1583 2779 1641 „nonne
2812 1564 2927 1629 ubi
2965 1563 3130 1628 dixti

741 1688 971 1753 cupere
1018 1666 1125 1732 te''
1174 1666 1339 1751 (85).
1479 1665 1584 1732 Sic
1632 1665 1816 1744 Don.,
1866 1688 2059 1753 quem
2109 1667 2211 1732 IP
2258 1667 2466 1733 denuo
2519 1675 2589 1734 ut
2635 1691 2830 1754 supra
2880 1671 2986 1754 (cf.
3038 1669 3120 1735 91

741 1773 883 1860 (2))
946 1772 1204 1858 supplet
1264 1771 1462 1837 simul
1522 1778 1587 1838 et
1647 1775 1914 1859 corrigit
1974 1774 2092 1838 hoc
2153 1773 2376 1838 modo:
2442 1773 2542 1858 (4)
2606 1773 2733 1840 Sed
2778 1776 2896 1841 hoc
2945 1776 3133 1841 vehe-

740 1882 1023 1944 mentius
1085 1884 1151 1944 et
1213 1878 1545 1943 disertius:
1614 1899 1852 1964 „quam
1913 1880 2090 1942 rem''
2157 1881 2402 1964 inquit3
2467 1901 2594 1945 non
2649 1880 2971 1957 „munus”
3019 1879 3130 1945 sed

743 1985 912 2071 quod
974 1983 1121 2068 plus
1167 1989 1263 2049 est
1314 1983 1556 2062 „rem'',
1608 1989 1673 2048 et
1720 2005 1847 2049 non
1895 1983 2063 2048 dixit
2111 1985 2361 2063 „serio”
2411 1985 2520 2050 sed
2571 1985 2794 2064 „ioco”
2844 2006 2880 2051 a
2927 1985 3128 2051 facili-

741 2097 873 2157 tate
937 2091 1317 2175 praestantis
1380 2089 1486 2173 (cf.
1553 2090 1776 2155 eadem
1835 2091 2032 2156 verba
2093 2090 2253 2156 Don.
2305 2089 2391 2156 83
2418 2091 2516 2176 (4)
2534 2093 2580 2176 ),
2644 2097 2710 2156 et
2776 2090 3124 2170 „voluisti”

739 2218 866 2262 non
938 2198 1135 2262 etiam
1207 2193 1535 2272 „dixisti''.
1686 2195 1863 2261 Haec
1934 2198 2150 2261 omnia
2220 2217 2433 2262 merae
2494 2202 2646 2261 sunt
2705 2217 2949 2283 nugae,
3013 2217 3127 2274 nec

739 2304 957 2367 minus
1027 2321 1100 2366 ea
1168 2320 1330 2385 quae
1400 2305 1756 2385 sequuntur
1824 2300 1904 2365 ad
1971 2301 2163 2366 finem
2224 2303 2422 2366 totius
2483 2301 2710 2366 scholii
2757 2300 2877 2386 (5),
2942 2304 3127 2367 cuius

740 2410 1005 2473 initium
1065 2409 1262 2471 etiam
1310 2405 1557 2472 Wessn.
1621 2405 1948 2472 inclinatis
2007 2407 2243 2472 litteris
2291 2409 2639 2492 expressit,
2683 2407 2944 2473 effatum
2992 2409 3132 2494 phi-

694 2514 995 2598 ·losophi
1055 2511 1296 2577 oraculi
1357 2515 1561 2579 instar
1622 2514 2000 2579 obscurum:
2067 2515 2424 2578 Mirandum
2485 2513 2819 2599 obsequium
2880 2536 2953 2577 ea.-
2997 2519 3128 2594 voto

742 2619 932 2683 animi
966 2620 1237 2700 pendens
1256 2643 1276 2682 .·
1319 2641 1437 2682 non
1484 2625 1781 2701 exspectat
1825 2619 2138 2701 imperium
2185 2643 2260 2684 ne
2304 2620 2606 2702 voluptati
2651 2641 2814 2683 mora
2858 2619 2944 2682 sit
2989 2620 3128 2681 dum

742 2726 975 2789 iubetm·
1020 2723 1443 2809 Exprobratio
1488 2724 1838 2790 Phaedriae
1877 2724 1961 2789 85
1989 2746 2122 2810 sqq.
2173 2723 2396 2792 revera
2434 2747 2558 2792 non
2599 2727 2816 2790 minus
2855 2729 2949 2790 est
3000 2723 3134 2800 „di-

741 2830 949 2896 serta”
1001 2834 1067 2894 et
1114 2828 1543 2907 „vehemens”
1590 2850 1785 2915 quam
1831 2829 2113 2896 Thaidis.

835 2934 1071 3001 Sabb.
1120 2936 1328 3021 igitur
1372 2937 1603 3001 merito
1648 2938 2022 3021 proscripsit
2066 2935 2166 3022 (4)
2214 2941 2279 3001 et
2327 2934 2447 3022 (5).

829 3040 990 3106 Ibid.
1045 3039 1173 3105 103
1221 3039 1461 3105 Verum
1507 3062 1585 3106 ne
1629 3041 1786 3106 fiant
1829 3044 1941 3106 isti
1993 3044 2231 3128 viginti
2279 3042 2412 3107 dies
2599 3065 2610 3070 ·

830 3144 992 3211 Don.
1058 3145 1157 3231 (1)
1220 3145 1467 3223 Facete,
1525 3146 1884 3223 „biduum”
1935 3146 2322 3232 decuplavit.
2459 3145 2563 3211 IP
2612 3145 2709 3230 (2)
2754 3145 2842 3211 Et
2887 3144 3122 3223 simul,

740 3254 890 3342 quia
949 3273 1028 3317 ex
1092 3252 1311 3317 eadem
1336 3277 1354 3294 .
1375 3254 1617 3317 ratione
1678 3258 1831 3317 sunt
1874 3254 2116 3339 viginti
2159 3274 2237 3318 ex
2284 3273 2409 3338 qua
2454 3252 2613 3330 duo,
2665 3257 2823 3326 (et)
2873 3273 2951 3316 ex
2997 3271 3123 3335 qua

737 3360 1012 3444 viginti,
1062 3358 1347 3435 ducenti,
1397 3358 1525 3423 duo
1573 3358 1757 3424 milia
1804 3364 1868 3424 et
1914 3359 2212 3425 similiter
2259 3359 2572 3444 deinceps.
2711 3357 3125 3444 Supplemen-

738 3466 882 3527 tum
944 3483 1057 3552 per
1116 3470 1172 3527 et
1229 3463 1413 3526 simul
1472 3467 1680 3549 specie
1747 3465 2008 3530 doctum
2030 3514 2047 3544 ,
2105 3464 2246 3541 sed,
2310 3467 2366 3530 si
2427 3465 2833 3530 causativum
2881 3462 3116 3549 „quia”

737 3567 1095 3633 consideras
1114 3615 1130 3644 ,
1178 3589 1401 3633 revera
1448 3568 1798 3634 delirantis.
2863 3569 2925 3634 S.
2973 3589 3026 3634 c.

828 3672 992 3737 Ibid.
1046 3671 1173 3739 107
1201 3673 1299 3758 (1)
1351 3673 1529 3750 „Rus
1570 3674 1721 3739 ibo''
1769 3679 1834 3739 et
1878 3676 1996 3740 hoc
2043 3677 2432 3740 amatorium
2470 3680 2604 3753 est,
2645 3675 2851 3740 odisse
2894 3675 3119 3740 urbem

737 3780 873 3843 sine
920 3780 1144 3844 amica.
1193 3778 1293 3865 (2)
1341 3780 1470 3845 Nec
1517 3779 1683 3845 dixit
1733 3780 1867 3857 „ibi
1913 3781 2087 3859 ero'’,
2138 3780 2248 3846 sed
2297 3782 2432 3859 „ibi
2479 3803 2582 3846 me
2631 3780 3024 3846 macerabo’'.

828 3883 1061 3950 Sabb.
1110 3890 1459 3970 utrumque
1504 3886 1788 3963 notavit,
1835 3888 2030 3950 nimis
2075 3888 2403 3972 suspicax,
2454 3889 2698 3972 opinor,
2746 3889 2815 3950 in
2861 3885 2981 3970 (1).

827 3990 988 4055 Ibid.
1040 3989 1169 4055 109
1194 3989 1293 4076 (2)
1359 3990 1525 4068 „Fac
1568 3989 1671 4056 illi
1716 3991 2154 4057 adducantur'’
2203 4013 2318 4078 pro
2370 3991 2666 4058 adducito
2713 4013 2838 4058 eos.
2976 3989 3119 4056 Hoc

736 4097 898 4163 Don.
918 4115 936 4173 ;
985 4094 1312 4182 supplevit
1358 4095 1493 4161 IP:
1543 4095 1643 4180 (3)
1693 4102 1756 4161 et
1803 4098 1960 4162 bene
2007 4096 2363 4176 adiectum,
2414 4119 2490 4163 ne
2537 4096 2753 4163 dilatis
2800 4098 2878 4163 ob
2916 4104 3123 4163 reten-

733 4205 977 4269 tionem
1023 4204 1399 4269 muneribus
1444 4223 1570 4267 non
1617 4202 2025 4288 procederent
2071 4208 2250 4268 actus
2295 4203 2567 4270 fabulae.
2685 4202 2963 4268 Puerilis
3009 4202 3121 4268 ob-

807 4459 861 4524 l)
897 4459 1022 4508 Vide
1056 4474 1175 4524 quae
1208 4473 1351 4523 supra
1385 4457 1607 4507 adnotavi
1640 4457 1699 4505 ad
1735 4457 1858 4507 Eun.
1893 4457 1918 4506 I
1957 4458 2002 4506 1.
2025 4458 2118 4507 112
2154 4461 2202 4507 et
2241 4457 2284 4504 V
2321 4459 2367 4508 6.
2387 4461 2434 4507 5.

798 4541 855 4606 2)
889 4541 1048 4604 Igitur
1080 4555 1331 4605 perperam
1365 4540 1421 4588 de
1457 4540 1532 4588 his
1565 4539 1761 4588 scholiis
1794 4539 2004 4590 iudicavi
2044 4540 2094 4590 in
2130 4541 2313 4590 Mnem.
2353 4540 2422 4590 1.1.
