3392 5384
1423 430 1717 484 mouns,
2646 413 2777 480 265

387 597 450 662 ΙΙ
503 596 588 662 69
637 603 700 662 et
749 598 1076 684 Aristoph.
1125 597 1202 662 fr.
1253 595 1465 663 32011.
1515 596 1808 683 Speciem
1854 597 2048 662 habet
2096 599 2433 675 correctiO,
2483 597 2775 664 fallacem

388 712 622 771 tamen.
669 704 838 770 Nam
887 707 1228 791 separatim
1275 703 1583 785 ὦμφιδέαι
1633 704 1804 790 apud
1851 703 2121 769 Suidam
2168 695 2773 784 commemorantur,

381 819 551 879 recte
593 817 812 879 autem
850 811 987 877 illic
1026 811 1331 877 dicuntur
1368 810 1951 890 περισκελίδες
1997 813 2153 884 τινές
2187 809 2375 896 εἶναι,
2418 813 2577 876 item
2605 813 2775 898 apud

384 919 986 1006 Harpocrationem,
1023 939 1227 1004 neque
1265 917 1515 983 abludit
1554 917 1923 1006 Hesychius
1948 917 2217 997 ψέλλια·
2259 918 2522 996 κρίκους·
2558 919 2779 984 δακτυ-

385 1027 550 1097 λίους
598 1010 1076 1110 interpretatus,
1125 1024 1291 1090 Sunt
1327 1027 1535 1111 igitur
1578 1025 1889 1104 αμφιδέαι
1932 1014 2171 1088 orarum
2210 1032 2614 1104 ornamenta,
2654 1048 2782 1092 non

386 1131 552 1212 colli,
618 1135 729 1216 qui
776 1153 928 1198 vero
977 1131 1198 1208 κόσμος
1252 1131 1731 1211 περιτραχήλιος
1783 1136 2066 1211 vocatur,
2115 1134 2171 1196 is
2218 1133 2473 1217 proprio
2523 1134 2782 1197 nomine

385 1238 844 1317 ὥμφιδέραι
869 1261 910 1300 α
968 1238 1178 1303 dictus
1226 1239 1387 1316 fuit,
1436 1237 1502 1302 id
1550 1237 1719 1323 quod
1768 1235 1925 1303 olim
1974 1258 2087 1324 pro
2135 1237 2357 1303 Lexici
2402 1236 2784 1324 Segueriani

385 1343 656 1410 lectione
719 1349 1017 1430 corrupta
1063 1344 1580 1422 αμφιδέρρεα
1633 1346 1821 1426 (item
1867 1342 2021 1423 202,
2048 1342 2162 1423 26)
2210 1345 2501 1409 restituit
2548 1344 2780 1410 vDam.

393 1451 566 1532 Quae
629 1455 991 1517 coniectura
1055 1453 1112 1517 si
1172 1453 1278 1516 cui
1325 1453 1542 1516 minus
1592 1445 1760 1517 certa
1806 1450 2124 1528 videatur,
2175 1449 2538 1516 confirmari
2586 1455 2789 1538 possit

391 1559 621 1625 collata
683 1557 809 1626 alia
869 1558 1088 1624 Photii
1147 1556 1404 1645 glossa:
1465 1556 1987 1639 περιδέραια·
2040 1558 2496 1644 περιτραχήλια
2531 1559 2777 1634 ,κόσμια

386 1665 738 1750 (Aristoph.
787 1664 865 1728 fr.
917 1663 1127 1746 320⁵).

481 1900 632 1981 100,
666 1899 768 1968 17.
819 1901 1097 1966 Affertur
1140 1923 1382 1967 novum
1427 1900 1671 1966 Eubuli
1720 1901 1780 1966 ἐν
1823 1900 2161 1982 ΑΠεντάθλῳ
2208 1900 2685 1986 fragmentum:

752 2008 946 2087 νόθος,
996 2007 1420 2086 ἀμφίδουλος,
1467 2007 1801 2083 οὐδαμόθεν
1847 2008 2034 2079 οὐδεὶς
2086 2007 2261 2072 κύων.

389 2113 610 2195 „Malo
667 2115 908 2180 κλύων”
975 2120 1237 2180 annotat
1300 2114 1532 2180 Naber.
1607 2115 2248 2196 Παρατραγῳδοῦντος
2312 2115 2519 2199 igitur
2584 2113 2776 2178 verba

388 2243 522 2288 esse
567 2225 950 2308 suspicatus.

483 2425 700 2505 104,8
747 2450 827 2476 =
871 2425 1106 2491 Auecd.
1157 2424 1361 2490 Bekk.
1413 2423 1565 2502 389,
1597 2424 1682 2491 18
1731 2451 1813 2476 =
1860 2412 2041 2490 Suid.
2112 2461 2195 2475 —-·
2261 2424 2435 2505 ἀμφὶ
2485 2423 2555 2488 τὸ
2604 2422 2779 2488 λυκό-

389 2539 558 2615 φως·
609 2535 742 2612 περὶ
793 2532 903 2606 τὴν
950 2532 1173 2609 αὐγήν.

477 2638 883 2705 Intercidisse
915 2636 1190 2705 lemma:
1232 2639 1508 2718 ἄμφιλ
1531 2639 1668 2712 niun
1715 2643 1980 2705 annotat
2014 2639 2243 2705 Naber.
2285 2637 2411 2704 Res
2434 2637 2775 2703 manifesta

382 2746 643 2812 videtur
678 2744 820 2812 coll.
862 2744 1056 2811 schol.
1096 2753 1149 2810 H
1177 2743 1348 2810 433:
1389 2744 1726 2826 ἀμφιλύκη
1769 2745 1907 2822 νύξ·
1950 2745 2017 2810 τὸ
2060 2745 2437 2824 καλούμενον
2462 2746 2771 2826 λυκόφως,

389 2851 460 2916 τὸ
506 2854 649 2932 πρὸς
697 2849 906 2932 ὄρθρον.

484 3071 634 3152 104,
663 3071 744 3136 11
786 3099 867 3125 --
905 3070 1139 3137 Anecd.
1182 3070 1385 3136 Bekk.
1422 3069 1574 3149 389,
1602 3071 1713 3137 20.
1756 3109 1841 3122 -—
1884 3073 2454 3154 ἄμφιφορεῒοι·
2510 3073 2777 3149 ἀγγεῖα.

479 3181 758 3244 Annotat
800 3176 1266 3270 Reitzenstein:
1317 3179 1817 3257 ἀμφιφορῆα
1842 3199 1856 3216 ·
1910 3179 2173 3257 ἀγγεῖον
2215 3178 2395 3244 Suid.
2415 3198 2432 3258 ;
2472 3178 2585 3243 ubi
2619 3199 2782 3262 quae

391 3285 730 3365 adduntur,
779 3290 1100 3351 testantur
1145 3286 1457 3350 sinceram
1507 3304 1650 3348 eam
1697 3304 1834 3349 esse
1879 3282 2247 3350 lectionem.

487 3505 635 3585 lQ5,
661 3505 748 3571 22
794 3536 876 3568 .--=
921 3505 1150 3571 Anecd.
1191 3504 1394 3570 Bekk.
1439 3502 1592 3582 389,
1618 3502 1729 3569 28.
1772 3540 1857 3553 -
1898 3500 2776 3581 ἁμωσγέπωςμὸπωσδήποτε,

389 3611 465 3678 ἔν
511 3612 590 3691 γέ
637 3636 789 3689 τινι,
854 3613 988 3676 καθ’
1036 3613 1340 3677 ὁντιναοῦν
1385 3612 1624 3691 τρόπον.
1675 3611 1803 3676 Pro
1852 3608 1911 3674 ἔν
1960 3612 2278 3696 corrigere
2322 3607 2440 3674 ἐνί
2486 3611 2774 3674 cuiusvis

389 3727 486 3786 est
532 3726 597 3785 et
646 3719 816 3804 apud
862 3718 1129 3784 Suidam
1175 3725 1344 3785 recte
1393 3720 1485 3783 sic
1531 3716 1764 3782 editur.

484 3925 636 4003 111,
665 3923 746 4028 9.-
780 3961 865 3974 -
913 3924 1240 4004 ὦναθορεῑ.
1290 3921 1667 4006 ἀνατρέχει.
1719 3923 2049 3990 Scribatur
2096 3924 2585 4004 ὦναθορεῒ<ν>
2636 3922 2784 3987 ἄνα-

390 4031 547 4113 τρέχ
565 4055 594 4096 ε
611 4031 811 4102 κν>.
2508 4027 2514 4030 ’

488 4237 640 4316 111,
668 4235 754 4302 26
797 4261 877 4288 =
918 4234 1152 4300 Anecd.
1196 4232 1397 4300 Bekk.
1427 4231 1584 4312 390,
1613 4232 1721 4298 20.
1760 4272 1844 4283 -
1887 4234 2254 4308 α’ναίδην.
2299 4231 2787 4314 ἀπηρυθριασμέ-

387 4368 528 4422 νως,
570 4343 784 4422 ἀθρόως
805 4392 822 4421 ,
865 4340 1154 4419 σφοδρῶς.
1197 4340 1389 4426 Apud
1415 4339 1680 4406 Suidam
1710 4347 1837 4406 est:
1878 4342 2153 4415 ἀναίδην.
2193 4338 2447 4418 α’θρόως,
2476 4325 2783 4420 ἁφοδρῶς,

386 4448 982 4529 απηρυθριασμένως.
1053 4446 1178 4527 Qui
1222 4447 1566 4513 verborum
1618 4447 1771 4513 ordo
1816 4451 2111 4512 mutatus
2165 4447 2484 4532 originem
2528 4445 2781 4533 glossae

383 4557 717 4624 manifeste
761 4557 1057 4634 vitiosae,
1102 4554 1204 4624 vel
1250 4557 1342 4622 sic
1389 4578 1512 4624 non
1552 4557 1921 4635 obscuram,
1963 4552 2217 4621 clarius·
2238 4557 2433 4621 etiam
2476 4555 2772 4622 ostendit.
