3392 5384
677 403 761 470 58
1679 414 2057 462 mumma,

771 583 844 651 G.
900 584 1006 649 21.
1036 584 1100 648 2.
1170 582 1249 645 In
1310 583 1554 644 eandem
1612 579 1962 643 sententiam
2023 586 2080 641 et
2139 579 2427 642 Persaeus
2475 578 2945 662 philosophatur
3000 587 3059 643 et

674 691 940 757 adnectit
986 690 1260 753 inventas
1292 689 1516 771 fruces
1563 694 1620 750 et
1652 687 1911 770 fruyum
1956 685 2223 766 ipsarum
2268 691 2593 766 repertores
2636 685 2825 748 isdem
2866 685 3055 749 nomi*

671 799 882 884 nibus&
913 803 981 858 ut
1025 794 1272 858 comicus
1315 815 1497 856 sermo
1543 799 1648 869 est,
1713 785 1989 854 Venerem
2026 791 2159 854 sine
2191 790 2405 853 libero
2446 797 2505 854 et
2548 792 2752 854 Cerere
2774 790 3039 874 friqere.

763 902 1086 986 Waltzing
1133 899 1512 988 Baehrensio
1557 902 1815 962 auctore
1862 898 2178 961 recensuit
2209 896 2711 978 philosophatur:
2762 896 2887 960 dici
2934 897 3043 958 ad-

669 1008 871 1086 nectit,
937 1005 1108 1091 quod
1170 1005 1437 1069 verbum
1498 1003 1741 1068 Usener
1800 1005 1969 1067 inter
2023 1001 2332 1067 vocabula
2376 1002 2560 1065 isdem
2605 1007 2669 1066 et
2716 1001 3051 1065 nominibus

669 1112 1077 1179 inserendum
1139 1131 1274 1175 esse
1331 1112 1612 1175 monuit:
1675 1106 1815 1173 loco
1873 1107 2096 1172 eodem
2142 1107 2406 1193 Maehly
2455 1107 2699 1171 audisse
2745 1108 3053 1173 excidisse

673 1217 942 1286 credidit
1003 1216 1111 1284 vel
1156 1223 1304 1281 ante
1349 1215 1739 1280 vocabulum
1784 1214 1991 1278 isdem.
2040 1214 2327 1299 Denique
2364 1211 2767 1281 Cornelissen
2814 1212 3049 1279 edidit:

663 1325 1131 1409 philosophatur
1175 1328 1233 1385 et
1276 1321 1582 1403 amplectit
1624 1320 1917 1385 inventas.

765 1430 908 1515 Ego
968 1434 1113 1513 post
1157 1427 1489 1490 nominibus
1534 1432 1793 1510 propter
1841 1424 2299 1491 vocabulorum
2343 1383 2533 1490 initia
2577 1423 2817 1489 similia
2860 1426 3055 1510 parti-

673 1537 917 1619 cipium
993 1532 1322 1597 nominatos
1403 1534 1664 1617 periisse
1733 1534 2039 1616 suspicor.
2120 1529 2244 1610 Qui
2313 1531 2711 1595 infinitivum
2779 1533 3055 1596 inserere

674 1638 1048 1720 voluerunt,
1112 1660 1239 1703 non
1298 1642 1680 1723 reputarunt
1730 1637 2077 1701 Persaeum
2126 1635 2562 1721 philosophiae
2609 1656 2763 1700 suae
2806 1657 2937 1701 non
2979 1635 3049 1700 id

673 1746 1005 1811 adnectere
1045 1744 1366 1809 studuisse
1402 1743 1571 1827 quod
1609 1763 1801 1807 nemo
1835 1742 2203 1828 ignorabat:
2241 1744 2535 1806 inventas
2574 1742 2793 1826 fruges
2816 1762 3060 1806 earum·

673 1872 798 1936 que
841 1856 1196 1935 repertores
1241 1848 1474 1914 iisdem
1519 1869 1708 1933 saepe
1755 1847 2124 1912 nominibus
2163 1845 2547 1932 significari,
2588 1847 2698 1912 sed
2744 1867 2983 1911 enum
3001 1868 3061 1912 e-

675 1976 904 2021 rasse
966 1956 1185 2040 fruges
1245 1960 1311 2020 et
1369 1960 1727 2038 repertores
1775 1974 2029 2031 omnes,
2077 1955 2145 2016 in
2192 1973 2351 2038 quos
2397 1952 2464 2016 id
2508 1951 2785 2018 valebat.
2834 1949 2930 2019 Of.
2980 1950 3054 2018 G.

679 2062 786 2127 21.
817 2060 892 2127 7:
958 2065 1034 2126 ut
1077 2063 1147 2124 in
1192 2060 1572 2125 hodiernum
1617 2061 1949 2144 inopinato
1994 2060 2166 2124 visos
2211 2057 2383 2123 caelo
2430 2060 2660 2123 missos
2679 2105 2696 2135 ,
2740 2055 3060 2144 ignobiles

680 2174 746 2233 et
788 2170 1044 2254 ignotos
1090 2172 1294 2232 terrae
1339 2165 1504 2231 filios
1553 2168 2092 2230 nominamus.

774 2379 845 2446 G.
895 2379 1002 2446 21.
1031 2379 1092 2444 6.
1157 2379 1226 2443 Is
1287 2379 1492 2464 itaque
1535 2379 1829 2442 Saturnus
1882 2379 2055 2441 Creta
2084 2378 2395 2461 profuqus
2440 2376 2693 2440 Italiam
2738 2383 2893 2441 metu
2918 2375 3063 2460 filii

679 2485 1001 2549 saevientis
1063 2489 1389 2549 accesserat
1446 2491 1504 2548 et
1547 2484 1694 2548 Iani
1738 2491 2043 2565 susceptus
2086 2483 2343 2565 hospitio
2390 2484 2567 2547 rudes
2609 2483 2755 2547 illos
2800 2483 3061 2547 homines

681 2598 739 2656 et
785 2598 1044 2672 aqrestes
1087 2591 1278 2654 multa
1322 2589 1524 2654 docuit
1571 2639 1585 2655 .
1617 2637 1630 2654 .
1662 2639 1676 2655 .
1710 2637 1723 2654 .
1774 2589 1979 2674 itaque
2026 2589 2316 2652 latebram
2360 2611 2547 2666 suam,
2596 2591 2756 2674 quod
2800 2596 2925 2653 tuto
2973 2589 3061 2652 la-

681 2696 912 2774 tuisset,
974 2696 1176 2759 vocari
1238 2696 1454 2759 maluit
1515 2695 1777 2772 Latium,
1840 2702 1897 2759 et
1940 2695 2138 2758 urbem
2183 2695 2527 2758 Saturniam
2573 2694 2776 2777 [dedit
2821 2695 2897 2760 de
2944 2714 3061 2759 suo

683 2804 968 2884 nomine]
1026 2808 1083 2865 et
1141 2801 1486 2864 Ianiculum
1548 2801 1793 2884 [Ianus]
1852 2803 1935 2864 ad
1991 2800 2324 2866 memoriam
2382 2807 2627 2886 uterque
2676 2799 3064 2883 posteritatis

675 2907 1066 2992 reliquerunt.

772 3012 978 3077 Verba
1038 3032 1075 3077 a
1121 3033 1226 3076 me
1271 3013 1524 3077 uncinis
1567 3010 1815 3076 inclusa
1863 2971 2125 3078 delenda
2169 3017 2322 3077 sunt
2366 3017 2589 3097 utpote
2636 3032 2673 3078 a
2719 3010 2913 3077 sciolo
2960 3010 3065 3076 ad—

677 3120 914 3202 scripta
953 3138 1079 3203 quo
1119 3117 1274 3202 quid
1313 3116 1590 3182 Saturno
1628 3117 1983 3196 deberet-ur,
2025 3118 2180 3202 quid
2221 3117 2388 3195 Iano,
2429 3119 2588 3182 bene
2614 3116 3060 3203 distingueret.

677 3221 774 3286 Ex
839 3222 1190 3288 editoribus
1248 3224 1707 3288 recentioribus
1769 3223 2016 3309 Boenig
2076 3244 2226 3288 cum
2274 3221 2542 3288 Gelenio
2590 3223 2759 3286 dedit
2802 3221 3065 3288 seclusit

680 3366 765 3375 —
814 3327 1141 3415 Waltzing
1186 3327 1575 3393 Vahlenium
1637 3334 1894 3394 secutus
1956 3333 2052 3393 est
2070 3375 2087 3405 ,
2133 3331 2264 3414 -qui
2317 3349 2431 3412 pro
2477 3328 2648 3391 dedit
2690 3327 2825 3413 legi
2870 3328 3062 3392 iussit

681 3434 952 3498 condidit
997 3417 1188 3518 atque
1235 3432 1549 3500 vocabulo
1596 3436 1927 3518 memoriam
1972 3433 2178 3499 affixit
2221 3456 2363 3519 que,
2411 3432 2489 3498 01.
2528 3434 2687 3498 Aen.
2718 3431 2883 3497 VIII.
2926 3431 3057 3497 322

679 3545 743 3603 et
792 3536 945 3603 357.
1004 3539 1272 3623 Insuper
1329 3542 1735 3604 coniecerunt
1794 3561 1906 3625 pro
1955 3539 2124 3603 dedit
2168 3539 2410 3604 Usener
2453 3539 2606 3602 idem
2652 3576 2737 3588 —
2784 3538 3059 3603 Bursian

681 3645 897 3708 deinde
941 3681 1027 3693 —
1075 3643 1384 3710 Dombart
1428 3645 1644 3708 indito.
1742 3661 1747 3665 ·

775 3856 846 3924 C.
897 3856 1144 3923 21.11.
1190 3859 1292 3922 An
1336 3856 1471 3920 ideo
1519 3857 1772 3920 cessavit
1813 3858 1937 3921 ista
1976 3857 2301 3939 yeneratiO,
2341 3856 2615 3943 quoniam
2655 3856 2828 3920 nulla
2861 3854 3065 3920 huius-

684 3964 842 4028 modi
873 3964 1125 4048 fabulis
1158 3964 1484 4045 praebetur
1528 3963 1857 4026 adsensio?

771 4071 924 4134 Post
992 4069 1267 4154 quoniam
1335 4089 1600 4152 reponas
1666 4068 1867 4134 velim
1938 4068 2079 4132 iam.
2149 4067 2465 4133 Similiter
2533 4069 2600 4131 in
2666 4067 3066 4152 praecedenti

680 4175 875 4239 huius
935 4177 1163 4259 capitis
1226 4174 1628 4260 paragrapho
1681 4179 1943 4259 propter
1985 4173 2355 4239 litterarum
2402 4173 2897 4238 similitudinem
2943 4175 3064 4239 fac-

685 4285 831 4343 tum
902 4301 1036 4345 esse
1085 4281 1268 4345 credo
1315 4286 1391 4344 ut
1434 4282 1502 4344 in
1547 4281 1795 4344 verbis:
1844 4287 2057 4362 optant
2098 4280 2164 4344 in
2211 4281 2442 4344 bomine
2471 4301 2878 4361 perseverare,
2896 4313 2903 4320 ·
2910 4279 3064 4363 fieri

683 4406 746 4446 se
804 4385 942 4447 deos
997 4392 1280 4462 metuunt,
1346 4385 1458 4449 etsi
1516 4386 1634 4449 iam
1690 4407 1857 4449 senes
1911 4385 2123 4449 nohmt
2168 4391 2313 4450 ante
2358 4383 2748 4451 vocabulum
2798 4385 2912 4448 etsi
2956 4405 3063 4449 ex-

676 4486 901 4551 ciderit
947 4495 1023 4552 et.
1866 4497 1871 4501 ’
