<?xml version="1.0" encoding="UTF-8"?>
<!DOCTYPE html PUBLIC "-//W3C//DTD XHTML 1.0 Transitional//EN"
    "http://www.w3.org/TR/xhtml1/DTD/xhtml1-transitional.dtd">
<html xmlns="http://www.w3.org/1999/xhtml" xml:lang="en" lang="en">
 <head>
  <title>
</title>
<meta http-equiv="Content-Type" content="text/html;charset=utf-8" />
  <meta name='ocr-system' content='tesseract 3.04.00' />
  <meta name='ocr-capabilities' content='ocr_page ocr_carea ocr_par ocr_line ocrx_word'/>
</head>
<body>
  <div class='ocr_page' id='page_1' title='image "./mnemosynebiblio13servgoog_0345.png"; bbox 0 0 3392 5384; ppageno 0'>
   <div class='ocr_carea' id='block_1_1' title="bbox 1358 368 2740 469">
    <p class='ocr_par' dir='ltr' id='par_1_1' title="bbox 1358 368 2740 469">
     <span class='ocr_line' id='line_1_1' title="bbox 1358 368 2740 469; baseline 0.001 -36"><span class='ocrx_word' id='word_1_1' title='bbox 1358 385 1717 436; x_wconf 76' lang='lat' dir='ltr'><strong>rnocorms.</strong></span> <span class='ocrx_word' id='word_1_2' title='bbox 1976 447 1995 469; x_wconf 83' lang='lat'><strong>.</strong></span> <span class='ocrx_word' id='word_1_3' title='bbox 2602 368 2740 435; x_wconf 78' lang='lat'><strong>333</strong></span> 
     </span>
    </p>
   </div>
   <div class='ocr_carea' id='block_1_2' title="bbox 349 555 2744 855">
    <p class='ocr_par' dir='ltr' id='par_1_2' title="bbox 349 555 2744 855">
     <span class='ocr_line' id='line_1_2' title="bbox 349 555 2744 640; baseline 0 -20"><span class='ocrx_word' id='word_1_4' title='bbox 349 577 481 621; x_wconf 89' lang='lat' dir='ltr'><strong>non</strong></span> <span class='ocrx_word' id='word_1_5' title='bbox 525 557 622 618; x_wconf 86' lang='lat' dir='ltr'><strong>est</strong></span> <span class='ocrx_word' id='word_1_6' title='bbox 667 555 888 640; x_wconf 82' lang='lat' dir='ltr'><strong>gravis</strong></span> <span class='ocrx_word' id='word_1_7' title='bbox 913 555 1246 634; x_wconf 75' lang='lat' dir='ltr'><strong>mutatio,</strong></span> <span class='ocrx_word' id='word_1_8' title='bbox 1296 573 1419 638; x_wconf 83' lang='lat' dir='ltr'><strong>qua</strong></span> <span class='ocrx_word' id='word_1_9' title='bbox 1467 555 1783 619; x_wconf 88' lang='lat' dir='ltr'><strong>sententia</strong></span> <span class='ocrx_word' id='word_1_10' title='bbox 1823 558 1970 639; x_wconf 88' lang='lat' dir='ltr'><strong>apte</strong></span> <span class='ocrx_word' id='word_1_11' title='bbox 2011 556 2401 620; x_wconf 77' lang='lat' dir='ltr'><strong>restituitur.</strong></span> <span class='ocrx_word' id='word_1_12' title='bbox 2442 594 2530 603; x_wconf 94' lang='lat'>—</span> <span class='ocrx_word' id='word_1_13' title='bbox 2570 556 2744 621; x_wconf 83' lang='lat' dir='ltr'>Fieri</span> 
     </span>
     <span class='ocr_line' id='line_1_3' title="bbox 352 659 2741 750; baseline 0 -23"><span class='ocrx_word' id='word_1_14' title='bbox 352 666 566 750; x_wconf 90' lang='lat' dir='ltr'><strong>potest</strong></span> <span class='ocrx_word' id='word_1_15' title='bbox 610 665 686 726; x_wconf 92' lang='lat' dir='ltr'><strong>ut</strong></span> <span class='ocrx_word' id='word_1_16' title='bbox 732 659 876 746; x_wconf 73' lang='lat' dir='ltr'><strong>§ll</strong></span> <span class='ocrx_word' id='word_1_17' title='bbox 925 682 1054 725; x_wconf 91' lang='lat' dir='ltr'><strong>non</strong></span> <span class='ocrx_word' id='word_1_18' title='bbox 1101 662 1188 724; x_wconf 89' lang='lat' dir='ltr'><strong>sit</strong></span> <span class='ocrx_word' id='word_1_19' title='bbox 1231 661 1583 725; x_wconf 82' lang='lat' dir='ltr'><strong>necessaria</strong></span> <span class='ocrx_word' id='word_1_20' title='bbox 1621 661 1929 725; x_wconf 86' lang='lat' dir='ltr'><strong>correctio</strong></span> <span class='ocrx_word' id='word_1_21' title='bbox 1975 660 2112 732; x_wconf 83' lang='grc' dir='ltr'><strong><em>τοὺς</em></strong></span> <span class='ocrx_word' id='word_1_22' title='bbox 2158 661 2487 736; x_wconf 78' lang='grc' dir='ltr'><strong><em>κατηκόους</em></strong></span> <span class='ocrx_word' id='word_1_23' title='bbox 2527 662 2741 727; x_wconf 88' lang='grc' dir='ltr'><strong><em>πάντα</em></strong></span> 
     </span>
     <span class='ocr_line' id='line_1_4' title="bbox 360 763 2049 855; baseline 0 -22"><span class='ocrx_word' id='word_1_24' title='bbox 360 764 600 855; x_wconf 85' lang='grc' dir='ltr'><strong><em>&lt;κάκ’&gt;</em></strong></span> <span class='ocrx_word' id='word_1_25' title='bbox 654 763 1058 848; x_wconf 73' lang='grc' dir='ltr'><strong><em>ἐργάζεσθαι,</em></strong></span> <span class='ocrx_word' id='word_1_26' title='bbox 1107 768 1406 851; x_wconf 85' lang='lat' dir='ltr'><strong>quamvis</strong></span> <span class='ocrx_word' id='word_1_27' title='bbox 1455 765 1573 832; x_wconf 89' lang='lat' dir='ltr'><strong>hoc</strong></span> <span class='ocrx_word' id='word_1_28' title='bbox 1619 770 2049 852; x_wconf 81' lang='lat' dir='ltr'><strong>expectemus.</strong></span> 
     </span>
    </p>
   </div>
   <div class='ocr_carea' id='block_1_3' title="bbox 358 970 2791 1607">
    <p class='ocr_par' dir='ltr' id='par_1_3' title="bbox 358 970 2791 1386">
     <span class='ocr_line' id='line_1_5' title="bbox 447 970 2791 1073; baseline -0 -20"><span class='ocrx_word' id='word_1_29' title='bbox 447 986 603 1073; x_wconf 84' lang='lat' dir='ltr'><strong>Gap.</strong></span> <span class='ocrx_word' id='word_1_30' title='bbox 652 985 844 1052; x_wconf 89' lang='lat' dir='ltr'>XXII</span> <span class='ocrx_word' id='word_1_31' title='bbox 888 986 1058 1072; x_wconf 69' lang='lat' dir='ltr'><strong>§SL</strong></span> <span class='ocrx_word' id='word_1_32' title='bbox 1126 987 1340 1052; x_wconf 76' lang='grc' dir='ltr'><strong><em>ταῦτά</em></strong></span> <span class='ocrx_word' id='word_1_33' title='bbox 1402 1010 1491 1051; x_wconf 88' lang='grc' dir='ltr'><strong><em>τοι</em></strong></span> <span class='ocrx_word' id='word_1_34' title='bbox 1556 986 1688 1051; x_wconf 75' lang='grc' dir='ltr'><strong><em>οὐδὲ</em></strong></span> <span class='ocrx_word' id='word_1_35' title='bbox 1753 1010 1851 1059; x_wconf 83' lang='grc' dir='ltr'><strong><em>τις</em></strong></span> <span class='ocrx_word' id='word_1_36' title='bbox 1919 993 2035 1051; x_wconf 86' lang='grc' dir='ltr'><strong>τῶν</strong></span> <span class='ocrx_word' id='word_1_37' title='bbox 2098 988 2289 1053; x_wconf 79' lang='grc' dir='ltr'><strong><em>αὐτοῦ</em></strong></span> <span class='ocrx_word' id='word_1_38' title='bbox 2339 988 2660 1067; x_wconf 72' lang='grc' dir='ltr'><strong>ξυγγενῶν</strong></span> <span class='ocrx_word' id='word_1_39' title='bbox 2712 970 2791 1063; x_wconf 64' lang='grc' dir='ltr'><strong>ἣ’</strong></span> 
     </span>
     <span class='ocr_line' id='line_1_6' title="bbox 359 1091 2749 1176; baseline 0 -17"><span class='ocrx_word' id='word_1_40' title='bbox 359 1093 569 1166; x_wconf 78' lang='grc' dir='ltr'><strong><em>ἄλλως</em></strong></span> <span class='ocrx_word' id='word_1_41' title='bbox 619 1093 935 1172; x_wconf 74' lang='grc' dir='ltr'><strong><em>γνωρίμων</em></strong></span> <span class='ocrx_word' id='word_1_42' title='bbox 988 1093 1213 1157; x_wconf 88' lang='grc' dir='ltr'><strong><em>ε’λπίδα</em></strong></span> <span class='ocrx_word' id='word_1_43' title='bbox 1261 1091 1402 1157; x_wconf 88' lang='grc' dir='ltr'><strong><em>τινά</em></strong></span> <span class='ocrx_word' id='word_1_44' title='bbox 1453 1116 1603 1156; x_wconf 91' lang='grc' dir='ltr'><strong><em>ποτε</em></strong></span> <span class='ocrx_word' id='word_1_45' title='bbox 1654 1093 1923 1173; x_wconf 69' lang='grc' dir='ltr'><strong><em>ἀσφαλῆ</em></strong></span> <span class='ocrx_word' id='word_1_46' title='bbox 1974 1095 2074 1158; x_wconf 81' lang='grc' dir='ltr'><strong>ἐπ’</strong></span> <span class='ocrx_word' id='word_1_47' title='bbox 2124 1096 2291 1176; x_wconf 77' lang='grc' dir='ltr'><strong><em>αὐτῷ</em></strong></span> <span class='ocrx_word' id='word_1_48' title='bbox 2342 1095 2749 1176; x_wconf 85' lang='lat' dir='ltr'><strong>(Iustiniano)</strong></span> 
     </span>
     <span class='ocr_line' id='line_1_7' title="bbox 358 1195 2751 1284; baseline 0 -18"><span class='ocrx_word' id='word_1_49' title='bbox 358 1199 546 1284; x_wconf 75' lang='grc' dir='ltr'><strong><em>ἔσχεν</em></strong></span> <span class='ocrx_word' id='word_1_50' title='bbox 609 1195 897 1281; x_wconf 65' lang='grc' dir='ltr'><strong>(εἷχενῖ),</strong></span> <span class='ocrx_word' id='word_1_51' title='bbox 965 1197 1139 1264; x_wconf 77' lang='grc' dir='ltr'><strong><em>άλλά</em></strong></span> <span class='ocrx_word' id='word_1_52' title='bbox 1189 1198 1884 1276; x_wconf 69' lang='grc' dir='ltr'><strong><em>μεταναστάσεις</em></strong></span> <span class='ocrx_word' id='word_1_53' title='bbox 1935 1201 2103 1280; x_wconf 76' lang='grc' dir='ltr'><strong><em>αὐτῷ</em></strong></span> <span class='ocrx_word' id='word_1_54' title='bbox 2153 1202 2212 1272; x_wconf 82' lang='grc' dir='ltr'><strong>ἐς</strong></span> <span class='ocrx_word' id='word_1_55' title='bbox 2261 1201 2356 1266; x_wconf 63' lang='lat' dir='ltr'><strong>de}</strong></span> <span class='ocrx_word' id='word_1_56' title='bbox 2407 1210 2516 1276; x_wconf 77' lang='grc' dir='ltr'><strong>τῆς</strong></span> <span class='ocrx_word' id='word_1_57' title='bbox 2566 1202 2626 1274; x_wconf 79' lang='grc' dir='ltr'><strong>ἐς</strong></span> <span class='ocrx_word' id='word_1_58' title='bbox 2668 1200 2751 1267; x_wconf 75' lang='grc' dir='ltr'><strong>τὰ</strong></span> 
     </span>
     <span class='ocr_line' id='line_1_8' title="bbox 359 1297 1550 1386; baseline -0.003 -13"><span class='ocrx_word' id='word_1_59' title='bbox 359 1307 833 1386; x_wconf 82' lang='grc' dir='ltr'><strong><em>ἐπιτηδεύματα</em></strong></span> <span class='ocrx_word' id='word_1_60' title='bbox 881 1306 1147 1384; x_wconf 74' lang='grc' dir='ltr'><strong><em>ἐγίνοντο</em></strong></span> <span class='ocrx_word' id='word_1_61' title='bbox 1197 1331 1243 1385; x_wconf 74' lang='grc' dir='ltr'><em>γ</em></span> <span class='ocrx_word' id='word_1_62' title='bbox 1265 1331 1294 1371; x_wconf 94' lang='grc' dir='ltr'><strong><em>ν</em></strong></span> <span class='ocrx_word' id='word_1_63' title='bbox 1312 1303 1354 1371; x_wconf 81' lang='grc' dir='ltr'><em>ὠ</em></span> <span class='ocrx_word' id='word_1_64' title='bbox 1373 1331 1423 1384; x_wconf 94' lang='grc' dir='ltr'><strong><em>μ</em></strong></span> <span class='ocrx_word' id='word_1_65' title='bbox 1444 1297 1478 1383; x_wconf 78' lang='grc' dir='ltr'><strong><em>η</em></strong></span> <span class='ocrx_word' id='word_1_66' title='bbox 1497 1331 1550 1379; x_wconf 83' lang='grc' dir='ltr'><strong>ς.</strong></span> 
     </span>
    </p>

    <p class='ocr_par' dir='ltr' id='par_1_4' title="bbox 359 1412 2759 1607">
     <span class='ocr_line' id='line_1_9' title="bbox 448 1412 2759 1498; baseline 0 -19"><span class='ocrx_word' id='word_1_67' title='bbox 448 1412 971 1484; x_wconf 81' lang='grc' dir='ltr'><strong><em>Μεταναστάσεις</em></strong></span> <span class='ocrx_word' id='word_1_68' title='bbox 1019 1419 1170 1478; x_wconf 90' lang='lat' dir='ltr'><strong>sunt</strong></span> <span class='ocrx_word' id='word_1_69' title='bbox 1217 1413 1639 1495; x_wconf 64' lang='lat' dir='ltr'><strong>miqrationeS,</strong></span> <span class='ocrx_word' id='word_1_70' title='bbox 1690 1434 1852 1498; x_wconf 85' lang='lat' dir='ltr'><strong>quae</strong></span> <span class='ocrx_word' id='word_1_71' title='bbox 1893 1418 2045 1479; x_wconf 89' lang='lat' dir='ltr'><strong>sunt</strong></span> <span class='ocrx_word' id='word_1_72' title='bbox 2073 1414 2463 1498; x_wconf 77' lang='lat' dir='ltr'><strong>populorum,</strong></span> <span class='ocrx_word' id='word_1_73' title='bbox 2518 1439 2759 1492; x_wconf 82' lang='grc' dir='ltr'><strong><em>μετα-</em></strong></span> 
     </span>
     <span class='ocr_line' id='line_1_10' title="bbox 359 1520 2639 1607; baseline 0.001 -21"><span class='ocrx_word' id='word_1_74' title='bbox 359 1522 696 1595; x_wconf 82' lang='grc' dir='ltr'><strong><em>στάσεις</em></strong></span> <span class='ocrx_word' id='word_1_75' title='bbox 748 1520 1121 1599; x_wconf 73' lang='lat' dir='ltr'><strong>mutationes,</strong></span> <span class='ocrx_word' id='word_1_76' title='bbox 1170 1541 1330 1606; x_wconf 86' lang='lat' dir='ltr'><strong>quae</strong></span> <span class='ocrx_word' id='word_1_77' title='bbox 1377 1533 1526 1586; x_wconf 90' lang='lat' dir='ltr'><strong>sunt</strong></span> <span class='ocrx_word' id='word_1_78' title='bbox 1572 1520 1929 1599; x_wconf 70' lang='lat' dir='ltr'><strong>sententiae,</strong></span> <span class='ocrx_word' id='word_1_79' title='bbox 1978 1526 2196 1607; x_wconf 84' lang='lat' dir='ltr'><strong>itaque</strong></span> <span class='ocrx_word' id='word_1_80' title='bbox 2246 1522 2445 1588; x_wconf 87' lang='lat' dir='ltr'><strong>huius</strong></span> <span class='ocrx_word' id='word_1_81' title='bbox 2490 1520 2639 1588; x_wconf 90' lang='lat' dir='ltr'><strong>loci.</strong></span> 
     </span>
    </p>
   </div>
   <div class='ocr_carea' id='block_1_4' title="bbox 369 1753 2756 1953">
    <p class='ocr_par' dir='ltr' id='par_1_5' title="bbox 369 1753 2756 1953">
     <span class='ocr_line' id='line_1_11' title="bbox 457 1753 2756 1843; baseline -0.001 -19"><span class='ocrx_word' id='word_1_82' title='bbox 457 1756 609 1843; x_wconf 83' lang='lat' dir='ltr'><strong>Cap.</strong></span> <span class='ocrx_word' id='word_1_83' title='bbox 660 1755 883 1821; x_wconf 88' lang='lat' dir='ltr'>XXIII</span> <span class='ocrx_word' id='word_1_84' title='bbox 931 1756 1100 1842; x_wconf 73' lang='lat' dir='ltr'><strong>§IL</strong></span> <span class='ocrx_word' id='word_1_85' title='bbox 1167 1757 1336 1822; x_wconf 78' lang='grc' dir='ltr'><strong><em>κατα</em></strong></span> <span class='ocrx_word' id='word_1_86' title='bbox 1400 1763 1510 1830; x_wconf 78' lang='grc' dir='ltr'><strong>τῆς</strong></span> <span class='ocrx_word' id='word_1_87' title='bbox 1580 1753 1962 1831; x_wconf 75' lang='grc' dir='ltr'><strong>κειμένης</strong></span> <span class='ocrx_word' id='word_1_88' title='bbox 2023 1754 2265 1837; x_wconf 85' lang='grc' dir='ltr'><strong><em>ἑκάστῳ</em></strong></span> <span class='ocrx_word' id='word_1_89' title='bbox 2314 1759 2530 1838; x_wconf 70' lang='grc' dir='ltr'><strong><em>φοράς.</em></strong></span> <span class='ocrx_word' id='word_1_90' title='bbox 2580 1756 2756 1823; x_wconf 87' lang='lat' dir='ltr'><strong>Fort.</strong></span> 
     </span>
     <span class='ocr_line' id='line_1_12' title="bbox 369 1858 2117 1953; baseline 0.001 -25"><span class='ocrx_word' id='word_1_91' title='bbox 369 1858 854 1953; x_wconf 76' lang='grc' dir='ltr'><strong><em>&lt;ἐγ&gt;κειμένης,</em></strong></span> <span class='ocrx_word' id='word_1_92' title='bbox 900 1869 976 1928; x_wconf 93' lang='lat' dir='ltr'><strong>ut</strong></span> <span class='ocrx_word' id='word_1_93' title='bbox 1024 1861 1126 1948; x_wconf 71' lang='lat'><strong>§3</strong></span> <span class='ocrx_word' id='word_1_94' title='bbox 1174 1867 1239 1928; x_wconf 87' lang='lat' dir='ltr'><strong>et</strong></span> <span class='ocrx_word' id='word_1_95' title='bbox 1280 1860 1430 1947; x_wconf 73' lang='lat'><strong>§19</strong></span> <span class='ocrx_word' id='word_1_96' title='bbox 1481 1867 1544 1927; x_wconf 91' lang='lat' dir='ltr'><strong>et</strong></span> <span class='ocrx_word' id='word_1_97' title='bbox 1593 1859 1743 1946; x_wconf 74' lang='lat'><strong>§22</strong></span> <span class='ocrx_word' id='word_1_98' title='bbox 1793 1862 2117 1929; x_wconf 84' lang='lat' dir='ltr'><strong>scribitur.</strong></span> 
     </span>
    </p>
   </div>
   <div class='ocr_carea' id='block_1_5' title="bbox 369 2094 2758 2296">
    <p class='ocr_par' dir='ltr' id='par_1_6' title="bbox 369 2094 2758 2296">
     <span class='ocr_line' id='line_1_13' title="bbox 461 2094 2758 2194; baseline 0 -29"><span class='ocrx_word' id='word_1_99' title='bbox 461 2098 614 2185; x_wconf 85' lang='lat' dir='ltr'><strong>Gap.</strong></span> <span class='ocrx_word' id='word_1_100' title='bbox 662 2094 879 2164; x_wconf 90' lang='lat' dir='ltr'>XXIV</span> <span class='ocrx_word' id='word_1_101' title='bbox 925 2096 1050 2182; x_wconf 73' lang='lat'><strong>§6.</strong></span> <span class='ocrx_word' id='word_1_102' title='bbox 1114 2096 1232 2169; x_wconf 86' lang='grc' dir='ltr'><strong>τάς</strong></span> <span class='ocrx_word' id='word_1_103' title='bbox 1297 2121 1368 2161; x_wconf 87' lang='grc' dir='ltr'><strong>τε</strong></span> <span class='ocrx_word' id='word_1_104' title='bbox 1431 2094 1755 2174; x_wconf 81' lang='grc' dir='ltr'><strong><em>ξυντάξεις</em></strong></span> <span class='ocrx_word' id='word_1_105' title='bbox 1815 2096 2280 2194; x_wconf 79' lang='grc' dir='ltr'><strong><em>ἐλαττόνῳς</em></strong></span> <span class='ocrx_word' id='word_1_106' title='bbox 2345 2099 2379 2174; x_wconf 78' lang='grc' dir='ltr'>ἢ</span> <span class='ocrx_word' id='word_1_107' title='bbox 2431 2101 2602 2165; x_wconf 71' lang='grc' dir='ltr'><strong><em>κατὰ</em></strong></span> <span class='ocrx_word' id='word_1_108' title='bbox 2650 2101 2758 2176; x_wconf 67' lang='grc' dir='ltr'><strong>τὴν</strong></span> 
     </span>
     <span class='ocr_line' id='line_1_14' title="bbox 369 2202 2669 2296; baseline -0.001 -24"><span class='ocrx_word' id='word_1_109' title='bbox 369 2206 789 2287; x_wconf 75' lang='grc' dir='ltr'><strong><em>προσήκουσαν</em></strong></span> <span class='ocrx_word' id='word_1_110' title='bbox 839 2202 1195 2285; x_wconf 76' lang='grc' dir='ltr'><strong><em>κομίζεσθαι</em></strong></span> <span class='ocrx_word' id='word_1_111' title='bbox 1246 2202 1444 2280; x_wconf 77' lang='grc' dir='ltr'><strong><em>τάξιν.</em></strong></span> <span class='ocrx_word' id='word_1_112' title='bbox 1495 2203 1717 2269; x_wconf 83' lang='lat' dir='ltr'>Nonne</span> <span class='ocrx_word' id='word_1_113' title='bbox 1760 2205 2115 2290; x_wconf 81' lang='lat' dir='ltr'><strong>requiritur</strong></span> <span class='ocrx_word' id='word_1_114' title='bbox 2161 2206 2191 2269; x_wconf 76' lang='grc' dir='ltr'><strong><em>ἑ</em></strong></span> <span class='ocrx_word' id='word_1_115' title='bbox 2204 2218 2245 2268; x_wconf 86' lang='grc' dir='ltr'><strong><em>λ</em></strong></span> <span class='ocrx_word' id='word_1_116' title='bbox 2265 2203 2308 2269; x_wconf 90' lang='grc' dir='ltr'><strong><em>ά</em></strong></span> <span class='ocrx_word' id='word_1_117' title='bbox 2328 2230 2363 2296; x_wconf 82' lang='grc' dir='ltr'><strong><em>τ</em></strong></span> <span class='ocrx_word' id='word_1_118' title='bbox 2383 2231 2419 2269; x_wconf 87' lang='grc' dir='ltr'><strong><em>τ</em></strong></span> <span class='ocrx_word' id='word_1_119' title='bbox 2441 2229 2468 2270; x_wconf 95' lang='grc' dir='ltr'><strong><em>ο</em></strong></span> <span class='ocrx_word' id='word_1_120' title='bbox 2487 2231 2514 2269; x_wconf 92' lang='grc' dir='ltr'><strong><em>ν</em></strong></span> <span class='ocrx_word' id='word_1_121' title='bbox 2536 2232 2575 2270; x_wconf 91' lang='grc' dir='ltr'><strong><em>α</em></strong></span> <span class='ocrx_word' id='word_1_122' title='bbox 2600 2203 2669 2278; x_wconf 69' lang='lat' dir='ltr'><strong>e?</strong></span> 
     </span>
    </p>
   </div>
   <div class='ocr_carea' id='block_1_6' title="bbox 372 2435 2838 3165">
    <p class='ocr_par' dir='ltr' id='par_1_7' title="bbox 372 2435 2760 2630">
     <span class='ocr_line' id='line_1_15' title="bbox 464 2435 2760 2529; baseline -0.003 -19"><span class='ocrx_word' id='word_1_123' title='bbox 464 2441 616 2529; x_wconf 84' lang='lat' dir='ltr'><strong>Gap.</strong></span> <span class='ocrx_word' id='word_1_124' title='bbox 668 2439 851 2507; x_wconf 86' lang='lat' dir='ltr'><strong>XXV</strong></span> <span class='ocrx_word' id='word_1_125' title='bbox 898 2439 1022 2527; x_wconf 73' lang='lat'><strong>§3.</strong></span> <span class='ocrx_word' id='word_1_126' title='bbox 1085 2440 1144 2503; x_wconf 80' lang='grc' dir='ltr'><strong>ἐν</strong></span> <span class='ocrx_word' id='word_1_127' title='bbox 1207 2439 1320 2518; x_wconf 73' lang='grc' dir='ltr'><strong><em>μὲν</em></strong></span> <span class='ocrx_word' id='word_1_128' title='bbox 1382 2435 1480 2503; x_wconf 84' lang='grc' dir='ltr'><strong>οὖν</strong></span> <span class='ocrx_word' id='word_1_129' title='bbox 1545 2440 1626 2518; x_wconf 73' lang='grc' dir='ltr'><strong>τῷ</strong></span> <span class='ocrx_word' id='word_1_130' title='bbox 1674 2438 2116 2519; x_wconf 75' lang='grc' dir='ltr'><strong><em>Ἑλλησπόντῳ</em></strong></span> <span class='ocrx_word' id='word_1_131' title='bbox 2165 2448 2475 2505; x_wconf 84' lang='grc' dir='ltr'><strong><em>τελωνεῖον</em></strong></span> <span class='ocrx_word' id='word_1_132' title='bbox 2523 2441 2636 2519; x_wconf 75' lang='grc' dir='ltr'><strong><em>μὲν</em></strong></span> <span class='ocrx_word' id='word_1_133' title='bbox 2687 2441 2716 2505; x_wconf 87' lang='grc' dir='ltr'><em>ἕ</em></span> <span class='ocrx_word' id='word_1_134' title='bbox 2732 2466 2760 2503; x_wconf 91' lang='grc' dir='ltr'><strong><em>ν</em></strong></span> 
     </span>
     <span class='ocr_line' id='line_1_16' title="bbox 372 2542 1443 2630; baseline -0.005 -15"><span class='ocrx_word' id='word_1_135' title='bbox 372 2551 725 2630; x_wconf 75' lang='grc' dir='ltr'><strong><em>δημοσίῳ</em></strong></span> <span class='ocrx_word' id='word_1_136' title='bbox 774 2549 848 2620; x_wconf 79' lang='grc' dir='ltr'><strong>ὣς</strong></span> <span class='ocrx_word' id='word_1_137' title='bbox 899 2545 1124 2622; x_wconf 69' lang='grc' dir='ltr'><strong><em>ἥκιστα</em></strong></span> <span class='ocrx_word' id='word_1_138' title='bbox 1174 2542 1262 2624; x_wconf 77' lang='grc' dir='ltr'><strong>ἦν,</strong></span> <span class='ocrx_word' id='word_1_139' title='bbox 1313 2547 1443 2611; x_wconf 81' lang='grc' dir='ltr'><strong><em>κτὲ.</em></strong></span> 
     </span>
    </p>

    <p class='ocr_par' dir='ltr' id='par_1_8' title="bbox 372 2652 2838 3165">
     <span class='ocr_line' id='line_1_17' title="bbox 462 2652 2760 2739; baseline -0.003 -16"><span class='ocrx_word' id='word_1_140' title='bbox 462 2656 705 2723; x_wconf 84' lang='lat' dir='ltr'><strong>Miram</strong></span> <span class='ocrx_word' id='word_1_141' title='bbox 774 2655 1164 2721; x_wconf 85' lang='lat' dir='ltr'><strong>locutionem</strong></span> <span class='ocrx_word' id='word_1_142' title='bbox 1238 2661 1553 2718; x_wconf 85' lang='grc' dir='ltr'><strong><em>τελωνεῖον</em></strong></span> <span class='ocrx_word' id='word_1_143' title='bbox 1615 2652 1645 2716; x_wconf 77' lang='grc' dir='ltr'><em>ἐ</em></span> <span class='ocrx_word' id='word_1_144' title='bbox 1662 2676 1691 2715; x_wconf 91' lang='grc' dir='ltr'><strong><em>ν</em></strong></span> <span class='ocrx_word' id='word_1_145' title='bbox 1756 2652 2106 2734; x_wconf 75' lang='grc' dir='ltr'><strong><em>δημοσίῳ</em></strong></span> <span class='ocrx_word' id='word_1_146' title='bbox 2172 2674 2293 2739; x_wconf 81' lang='lat' dir='ltr'><strong>pro·</strong></span> <span class='ocrx_word' id='word_1_147' title='bbox 2349 2654 2760 2734; x_wconf 83' lang='grc' dir='ltr'><strong><em>δημόσιον,</em></strong></span> 
     </span>
     <span class='ocr_line' id='line_1_18' title="bbox 373 2758 2760 2851; baseline -0.002 -22"><span class='ocrx_word' id='word_1_148' title='bbox 373 2763 541 2851; x_wconf 86' lang='lat' dir='ltr'><strong>quod</strong></span> <span class='ocrx_word' id='word_1_149' title='bbox 602 2761 846 2850; x_wconf 83' lang='lat' dir='ltr'><strong>legitur</strong></span> <span class='ocrx_word' id='word_1_150' title='bbox 906 2760 1032 2846; x_wconf 69' lang='lat'><strong>§5,</strong></span> <span class='ocrx_word' id='word_1_151' title='bbox 1096 2762 1207 2826; x_wconf 84' lang='lat' dir='ltr'><strong>vix</strong></span> <span class='ocrx_word' id='word_1_152' title='bbox 1253 2762 1408 2825; x_wconf 87' lang='lat' dir='ltr'><strong>satis</strong></span> <span class='ocrx_word' id='word_1_153' title='bbox 1458 2763 1724 2824; x_wconf 78' lang='lat' dir='ltr'><strong>tuentur</strong></span> <span class='ocrx_word' id='word_1_154' title='bbox 1770 2760 1963 2825; x_wconf 80' lang='lat' dir='ltr'><strong>verba</strong></span> <span class='ocrx_word' id='word_1_155' title='bbox 2009 2781 2144 2846; x_wconf 87' lang='lat' dir='ltr'><strong>cap.</strong></span> <span class='ocrx_word' id='word_1_156' title='bbox 2194 2758 2412 2825; x_wconf 88' lang='lat' dir='ltr'>XXVI</span> <span class='ocrx_word' id='word_1_157' title='bbox 2457 2759 2604 2845; x_wconf 75' lang='lat'><strong>§33</strong></span> <span class='ocrx_word' id='word_1_158' title='bbox 2656 2760 2760 2826; x_wconf 78' lang='grc' dir='ltr'><strong>καὶ</strong></span> 
     </span>
     <span class='ocr_line' id='line_1_19' title="bbox 372 2865 2765 2951; baseline -0.002 -16"><span class='ocrx_word' id='word_1_159' title='bbox 372 2871 488 2935; x_wconf 70' lang='grc' dir='ltr'><strong>ἄπ’</strong></span> <span class='ocrx_word' id='word_1_160' title='bbox 537 2867 742 2951; x_wconf 66' lang='grc' dir='ltr'>(ὑπ’ῗ)</span> <span class='ocrx_word' id='word_1_161' title='bbox 789 2871 980 2934; x_wconf 81' lang='grc' dir='ltr'><strong><em>αὐτοῦ</em></strong></span> <span class='ocrx_word' id='word_1_162' title='bbox 1031 2867 1089 2931; x_wconf 85' lang='grc' dir='ltr'><strong>ἔν</strong></span> <span class='ocrx_word' id='word_1_163' title='bbox 1139 2892 1209 2931; x_wconf 85' lang='grc' dir='ltr'><strong>τε</strong></span> <span class='ocrx_word' id='word_1_164' title='bbox 1257 2877 1332 2948; x_wconf 71' lang='grc' dir='ltr'><strong>τῇ</strong></span> <span class='ocrx_word' id='word_1_165' title='bbox 1381 2865 1550 2948; x_wconf 66' lang='grc' dir='ltr'><strong><em>άλλη</em></strong></span> <span class='ocrx_word' id='word_1_166' title='bbox 1597 2866 1860 2932; x_wconf 79' lang='grc' dir='ltr'><strong><em>Ἐλλάδι</em></strong></span> <span class='ocrx_word' id='word_1_167' title='bbox 1910 2868 2013 2932; x_wconf 77' lang='grc' dir='ltr'><strong>καὶ</strong></span> <span class='ocrx_word' id='word_1_168' title='bbox 2058 2870 2180 2949; x_wconf 80' lang='grc' dir='ltr'><strong>οὐχ</strong></span> <span class='ocrx_word' id='word_1_169' title='bbox 2226 2865 2446 2942; x_wconf 74' lang='grc' dir='ltr'><strong><em>ἥκιστα</em></strong></span> <span class='ocrx_word' id='word_1_170' title='bbox 2490 2869 2549 2932; x_wconf 80' lang='grc' dir='ltr'><strong>ἕν</strong></span> <span class='ocrx_word' id='word_1_171' title='bbox 2588 2868 2765 2942; x_wconf 81' lang='grc' dir='ltr'><strong><em>Ἀθή·</em></strong></span> 
     </span>
     <span class='ocr_line' id='line_1_20' title="bbox 373 2970 2838 3059; baseline -0.001 -18"><span class='ocrx_word' id='word_1_172' title='bbox 373 3001 503 3049; x_wconf 80' lang='grc' dir='ltr'><strong><em>ναις</em></strong></span> <span class='ocrx_word' id='word_1_173' title='bbox 554 2974 696 3040; x_wconf 82' lang='grc' dir='ltr'><strong><em>οὔτε</em></strong></span> <span class='ocrx_word' id='word_1_174' title='bbox 745 2999 837 3046; x_wconf 82' lang='grc' dir='ltr'><strong><em>τις</em></strong></span> <span class='ocrx_word' id='word_1_175' title='bbox 888 2975 916 3038; x_wconf 84' lang='grc' dir='ltr'><em>ἔ</em></span> <span class='ocrx_word' id='word_1_176' title='bbox 932 2999 960 3038; x_wconf 87' lang='grc' dir='ltr'><strong><em>ν</em></strong></span> <span class='ocrx_word' id='word_1_177' title='bbox 1012 2974 1365 3054; x_wconf 80' lang='grc' dir='ltr'><strong><em>δημοσίῳ</em></strong></span> <span class='ocrx_word' id='word_1_178' title='bbox 1405 2973 1497 3054; x_wconf 80' lang='lat' dir='ltr'><strong>(in</strong></span> <span class='ocrx_word' id='word_1_179' title='bbox 1526 2974 1802 3055; x_wconf 80' lang='lat' dir='ltr'><strong>publico)</strong></span> <span class='ocrx_word' id='word_1_180' title='bbox 1840 2974 2149 3051; x_wconf 74' lang='grc' dir='ltr'><strong><em>οἰκοδομίαι</em></strong></span> <span class='ocrx_word' id='word_1_181' title='bbox 2191 2970 2577 3059; x_wconf 81' lang='grc' dir='ltr'><strong><em>&lt;άνενεώθη&gt;</em></strong></span> <span class='ocrx_word' id='word_1_182' title='bbox 2610 2975 2762 3054; x_wconf 81' lang='grc' dir='ltr'><strong><em>κτὲ.,</em></strong></span> <span class='ocrx_word' id='word_1_183' title='bbox 2830 3001 2838 3010; x_wconf 91' lang='grc'><em>·</em></span> 
     </span>
     <span class='ocr_line' id='line_1_21' title="bbox 372 3079 1658 3165; baseline -0.003 -17"><span class='ocrx_word' id='word_1_184' title='bbox 372 3082 481 3148; x_wconf 86' lang='lat' dir='ltr'><strong>sed</strong></span> <span class='ocrx_word' id='word_1_185' title='bbox 526 3081 639 3147; x_wconf 86' lang='lat' dir='ltr'><strong>alii</strong></span> <span class='ocrx_word' id='word_1_186' title='bbox 686 3082 952 3147; x_wconf 86' lang='lat' dir='ltr'><strong>fortasse</strong></span> <span class='ocrx_word' id='word_1_187' title='bbox 999 3079 1159 3158; x_wconf 89' lang='lat' dir='ltr'><strong>loci,</strong></span> <span class='ocrx_word' id='word_1_188' title='bbox 1209 3100 1365 3165; x_wconf 89' lang='lat' dir='ltr'><strong>quos</strong></span> <span class='ocrx_word' id='word_1_189' title='bbox 1410 3082 1658 3165; x_wconf 77' lang='lat' dir='ltr'><strong>ignoro·</strong></span> 
     </span>
    </p>
   </div>
   <div class='ocr_carea' id='block_1_7' title="bbox 365 3313 2770 3936">
    <p class='ocr_par' dir='ltr' id='par_1_9' title="bbox 376 3313 2766 3613">
     <span class='ocr_line' id='line_1_22' title="bbox 469 3313 2766 3404; baseline -0.001 -21"><span class='ocrx_word' id='word_1_190' title='bbox 469 3315 619 3404; x_wconf 85' lang='lat' dir='ltr'><strong>Cap.</strong></span> <span class='ocrx_word' id='word_1_191' title='bbox 669 3315 855 3381; x_wconf 87' lang='lat' dir='ltr'><strong>XXV</strong></span> <span class='ocrx_word' id='word_1_192' title='bbox 902 3313 1072 3400; x_wconf 55' lang='lat'><strong>§33</strong></span> <span class='ocrx_word' id='word_1_193' title='bbox 1123 3314 1300 3378; x_wconf 80' lang='grc' dir='ltr'><strong><em>άλλοὶ</em></strong></span> <span class='ocrx_word' id='word_1_194' title='bbox 1350 3319 1465 3377; x_wconf 82' lang='grc' dir='ltr'><strong>τῶν</strong></span> <span class='ocrx_word' id='word_1_195' title='bbox 1517 3314 1576 3377; x_wconf 81' lang='grc' dir='ltr'><strong>ἒν</strong></span> <span class='ocrx_word' id='word_1_196' title='bbox 1615 3323 1690 3395; x_wconf 70' lang='grc' dir='ltr'><strong>τῇ</strong></span> <span class='ocrx_word' id='word_1_197' title='bbox 1740 3314 2001 3379; x_wconf 80' lang='grc' dir='ltr'><strong><em>Ἐλλάδι</em></strong></span> <span class='ocrx_word' id='word_1_198' title='bbox 2042 3322 2257 3380; x_wconf 82' lang='grc' dir='ltr'><strong><em>πασῶν</em></strong></span> <span class='ocrx_word' id='word_1_199' title='bbox 2298 3315 2531 3380; x_wconf 80' lang='grc' dir='ltr'><strong><em>πόλεων</em></strong></span> <span class='ocrx_word' id='word_1_200' title='bbox 2571 3315 2654 3380; x_wconf 85' lang='grc' dir='ltr'><strong>τά</strong></span> <span class='ocrx_word' id='word_1_201' title='bbox 2695 3341 2766 3381; x_wconf 86' lang='grc' dir='ltr'><strong>τε</strong></span> 
     </span>
     <span class='ocr_line' id='line_1_23' title="bbox 376 3418 2763 3502; baseline -0.001 -12"><span class='ocrx_word' id='word_1_202' title='bbox 376 3426 669 3490; x_wconf 75' lang='grc' dir='ltr'><strong><em>πολιτικοὶ</em></strong></span> <span class='ocrx_word' id='word_1_203' title='bbox 720 3424 824 3489; x_wconf 80' lang='grc' dir='ltr'><strong>καὶ</strong></span> <span class='ocrx_word' id='word_1_204' title='bbox 877 3421 1332 3501; x_wconf 73' lang='grc' dir='ltr'><strong><em>θεωρητικοὶ</em></strong></span> <span class='ocrx_word' id='word_1_205' title='bbox 1380 3418 1726 3496; x_wconf 78' lang='grc' dir='ltr'><strong><em>ξύμπαντα</em></strong></span> <span class='ocrx_word' id='word_1_206' title='bbox 1768 3422 2082 3502; x_wconf 82' lang='grc' dir='ltr'><strong><em>χρήματα</em></strong></span> <span class='ocrx_word' id='word_1_207' title='bbox 2125 3423 2183 3494; x_wconf 79' lang='grc' dir='ltr'><strong>ἐς</strong></span> <span class='ocrx_word' id='word_1_208' title='bbox 2226 3423 2295 3486; x_wconf 88' lang='grc' dir='ltr'><strong>τὸ</strong></span> <span class='ocrx_word' id='word_1_209' title='bbox 2338 3422 2620 3500; x_wconf 76' lang='grc' dir='ltr'><strong><em>δημόσιον</em></strong></span> <span class='ocrx_word' id='word_1_210' title='bbox 2664 3423 2763 3488; x_wconf 79' lang='grc' dir='ltr'><strong>ἐπὶ</strong></span> 
     </span>
     <span class='ocr_line' id='line_1_24' title="bbox 377 3527 2509 3613; baseline -0.002 -17"><span class='ocrx_word' id='word_1_211' title='bbox 377 3533 460 3612; x_wconf 79' lang='grc' dir='ltr'><strong>τῷ</strong></span> <span class='ocrx_word' id='word_1_212' title='bbox 510 3531 917 3613; x_wconf 77' lang='grc' dir='ltr'><strong><em>προσχήματι</em></strong></span> <span class='ocrx_word' id='word_1_213' title='bbox 967 3528 1162 3608; x_wconf 84' lang='grc' dir='ltr'><strong><em>τούτῳ</em></strong></span> <span class='ocrx_word' id='word_1_214' title='bbox 1209 3531 1590 3605; x_wconf 74' lang='grc' dir='ltr'><strong><em>μετήνεγκεν</em></strong></span> <span class='ocrx_word' id='word_1_215' title='bbox 1638 3527 2113 3608; x_wconf 83' lang='lat' dir='ltr'><strong>(Iustinianus).</strong></span> <span class='ocrx_word' id='word_1_216' title='bbox 2502 3536 2509 3542; x_wconf 88' lang='grc'><strong>’</strong></span> 
     </span>
    </p>

    <p class='ocr_par' dir='ltr' id='par_1_10' title="bbox 365 3633 2770 3936">
     <span class='ocr_line' id='line_1_25' title="bbox 467 3633 2770 3714; baseline -0.002 -10"><span class='ocrx_word' id='word_1_217' title='bbox 467 3638 698 3704; x_wconf 80' lang='lat' dir='ltr'><strong>Risum</strong></span> <span class='ocrx_word' id='word_1_218' title='bbox 731 3636 968 3704; x_wconf 84' lang='lat' dir='ltr'><strong>Graece</strong></span> <span class='ocrx_word' id='word_1_219' title='bbox 991 3636 1342 3701; x_wconf 78' lang='lat' dir='ltr'><strong>scientibus</strong></span> <span class='ocrx_word' id='word_1_220' title='bbox 1366 3639 1632 3699; x_wconf 86' lang='lat' dir='ltr'><strong>movent</strong></span> <span class='ocrx_word' id='word_1_221' title='bbox 1660 3635 1970 3714; x_wconf 84' lang='grc' dir='ltr'><strong><em>χρήματα</em></strong></span> <span class='ocrx_word' id='word_1_222' title='bbox 2012 3635 2085 3699; x_wconf 89' lang='grc' dir='ltr'><strong>θε</strong></span> <span class='ocrx_word' id='word_1_223' title='bbox 2106 3661 2148 3699; x_wconf 88' lang='grc' dir='ltr'><em>ω</em></span> <span class='ocrx_word' id='word_1_224' title='bbox 2166 3659 2195 3714; x_wconf 97' lang='grc' dir='ltr'><strong><em>ρ</em></strong></span> <span class='ocrx_word' id='word_1_225' title='bbox 2215 3662 2248 3710; x_wconf 89' lang='grc' dir='ltr'><strong><em>η</em></strong></span> <span class='ocrx_word' id='word_1_226' title='bbox 2268 3659 2335 3700; x_wconf 85' lang='grc' dir='ltr'><strong><em>τι</em></strong></span> <span class='ocrx_word' id='word_1_227' title='bbox 2356 3660 2392 3699; x_wconf 85' lang='grc' dir='ltr'><strong><em>κ</em></strong></span> <span class='ocrx_word' id='word_1_228' title='bbox 2412 3633 2487 3714; x_wconf 90' lang='grc' dir='ltr'><strong>ά,</strong></span> <span class='ocrx_word' id='word_1_229' title='bbox 2522 3643 2770 3700; x_wconf 76' lang='lat' dir='ltr'><strong>contem-</strong></span> 
     </span>
     <span class='ocr_line' id='line_1_26' title="bbox 365 3741 2767 3832; baseline -0.001 -24"><span class='ocrx_word' id='word_1_230' title='bbox 365 3745 643 3832; x_wconf 71' lang='lat' dir='ltr'><strong>plativa;</strong></span> <span class='ocrx_word' id='word_1_231' title='bbox 673 3766 787 3828; x_wconf 90' lang='lat' dir='ltr'><strong>pro</strong></span> <span class='ocrx_word' id='word_1_232' title='bbox 830 3764 904 3808; x_wconf 83' lang='lat' dir='ltr'><strong>co</strong></span> <span class='ocrx_word' id='word_1_233' title='bbox 946 3741 1116 3828; x_wconf 89' lang='lat' dir='ltr'><strong>quod</strong></span> <span class='ocrx_word' id='word_1_234' title='bbox 1154 3746 1251 3807; x_wconf 90' lang='lat' dir='ltr'><strong>est</strong></span> <span class='ocrx_word' id='word_1_235' title='bbox 1291 3741 1660 3820; x_wconf 79' lang='grc' dir='ltr'><strong><em>θεωρικά,</em></strong></span> <span class='ocrx_word' id='word_1_236' title='bbox 1693 3742 1993 3823; x_wconf 77' lang='lat' dir='ltr'><strong>pecuniae</strong></span> <span class='ocrx_word' id='word_1_237' title='bbox 2030 3742 2387 3824; x_wconf 70' lang='lat' dir='ltr'><strong>spectaculis</strong></span> <span class='ocrx_word' id='word_1_238' title='bbox 2410 3741 2767 3821; x_wconf 71' lang='lat' dir='ltr'><strong>destinatae,</strong></span> 
     </span>
     <span class='ocr_line' id='line_1_27' title="bbox 377 3845 2768 3936; baseline -0.001 -20"><span class='ocrx_word' id='word_1_239' title='bbox 377 3871 539 3936; x_wconf 86' lang='lat' dir='ltr'><strong>quae</strong></span> <span class='ocrx_word' id='word_1_240' title='bbox 584 3852 826 3934; x_wconf 87' lang='lat' dir='ltr'><strong>passim</strong></span> <span class='ocrx_word' id='word_1_241' title='bbox 865 3852 1472 3913; x_wconf 80' lang='lat' dir='ltr'><strong>commemorantur.</strong></span> <span class='ocrx_word' id='word_1_242' title='bbox 1512 3845 1587 3911; x_wconf 89' lang='lat' dir='ltr'><strong>In</strong></span> <span class='ocrx_word' id='word_1_243' title='bbox 1627 3845 1954 3912; x_wconf 78' lang='lat' dir='ltr'><strong>Thesauro</strong></span> <span class='ocrx_word' id='word_1_244' title='bbox 1993 3846 2236 3914; x_wconf 83' lang='lat' dir='ltr'><strong>Graeco</strong></span> <span class='ocrx_word' id='word_1_245' title='bbox 2276 3848 2509 3913; x_wconf 87' lang='lat' dir='ltr'><strong>saltem</strong></span> <span class='ocrx_word' id='word_1_246' title='bbox 2546 3847 2768 3914; x_wconf 89' lang='lat' dir='ltr'><strong>nullus</strong></span> 
     </span>
    </p>
   </div>
   <div class='ocr_carea' id='block_1_8' title="bbox 376 3953 2770 4145">
    <p class='ocr_par' dir='ltr' id='par_1_11' title="bbox 376 3953 2770 4145">
     <span class='ocr_line' id='line_1_28' title="bbox 376 3953 2770 4041; baseline -0.001 -20"><span class='ocrx_word' id='word_1_247' title='bbox 376 3959 698 4040; x_wconf 87' lang='lat' dir='ltr'><strong>reperitur</strong></span> <span class='ocrx_word' id='word_1_248' title='bbox 754 3955 970 4034; x_wconf 85' lang='lat' dir='ltr'><strong>locus,</strong></span> <span class='ocrx_word' id='word_1_249' title='bbox 1034 3954 1204 4020; x_wconf 86' lang='lat' dir='ltr'><strong>unde</strong></span> <span class='ocrx_word' id='word_1_250' title='bbox 1260 3959 1560 4040; x_wconf 78' lang='lat' dir='ltr'><strong>appareat</strong></span> <span class='ocrx_word' id='word_1_251' title='bbox 1606 3953 2000 4040; x_wconf 83' lang='lat' dir='ltr'><strong>Byzantinos</strong></span> <span class='ocrx_word' id='word_1_252' title='bbox 2044 3953 2210 4020; x_wconf 89' lang='lat' dir='ltr'><strong>illud</strong></span> <span class='ocrx_word' id='word_1_253' title='bbox 2256 3976 2370 4041; x_wconf 89' lang='lat' dir='ltr'><strong>pro</strong></span> <span class='ocrx_word' id='word_1_254' title='bbox 2415 3955 2539 4021; x_wconf 88' lang='lat' dir='ltr'><strong>hoc</strong></span> <span class='ocrx_word' id='word_1_255' title='bbox 2585 3976 2770 4021; x_wconf 90' lang='lat' dir='ltr'><strong>usur-</strong></span> 
     </span>
     <span class='ocr_line' id='line_1_29' title="bbox 379 4079 583 4145; baseline 0 -21"><span class='ocrx_word' id='word_1_256' title='bbox 379 4079 583 4145; x_wconf 85' lang='lat' dir='ltr'><strong>passe.</strong></span> 
     </span>
    </p>
   </div>
   <div class='ocr_carea' id='block_1_9' title="bbox 379 4261 2769 4583">
    <p class='ocr_par' dir='ltr' id='par_1_12' title="bbox 379 4261 2769 4583">
     <span class='ocr_line' id='line_1_30' title="bbox 473 4261 2769 4378; baseline 0.001 -30"><span class='ocrx_word' id='word_1_257' title='bbox 473 4261 627 4378; x_wconf 71' lang='lat' dir='ltr'><strong>Cap.</strong></span> <span class='ocrx_word' id='word_1_258' title='bbox 676 4277 925 4345; x_wconf 89' lang='lat' dir='ltr'>XXVII</span> <span class='ocrx_word' id='word_1_259' title='bbox 972 4280 1142 4366; x_wconf 60' lang='lat'><strong>524.</strong></span> <span class='ocrx_word' id='word_1_260' title='bbox 1208 4279 1454 4361; x_wconf 79' lang='grc' dir='ltr'><strong><em>ἔφασκε</em></strong></span> <span class='ocrx_word' id='word_1_261' title='bbox 1515 4283 1643 4362; x_wconf 72' lang='grc' dir='ltr'><strong>γὰρ</strong></span> <span class='ocrx_word' id='word_1_262' title='bbox 1685 4278 2135 4364; x_wconf 84' lang='lat' dir='ltr'><strong>(Iustinianus)</strong></span> <span class='ocrx_word' id='word_1_263' title='bbox 2176 4283 2296 4363; x_wconf 77' lang='grc' dir='ltr'><strong>οὐχ</strong></span> <span class='ocrx_word' id='word_1_264' title='bbox 2340 4275 2458 4358; x_wconf 77' lang='grc' dir='ltr'><strong><em>οἶός</em></strong></span> <span class='ocrx_word' id='word_1_265' title='bbox 2498 4308 2570 4348; x_wconf 88' lang='grc' dir='ltr'><strong>τε</strong></span> <span class='ocrx_word' id='word_1_266' title='bbox 2610 4278 2769 4350; x_wconf 78' lang='grc' dir='ltr'><strong><em>εἶναι</em></strong></span> 
     </span>
     <span class='ocr_line' id='line_1_31' title="bbox 379 4387 2190 4469; baseline 0.002 -17"><span class='ocrx_word' id='word_1_267' title='bbox 379 4393 592 4468; x_wconf 80' lang='grc' dir='ltr'><strong><em>ψῆφον</em></strong></span> <span class='ocrx_word' id='word_1_268' title='bbox 641 4389 749 4461; x_wconf 63' lang='grc' dir='ltr'><strong>τὴν</strong></span> <span class='ocrx_word' id='word_1_269' title='bbox 799 4387 1025 4453; x_wconf 76' lang='grc' dir='ltr'><strong><em>οἰκείαν</em></strong></span> <span class='ocrx_word' id='word_1_270' title='bbox 1074 4389 1257 4460; x_wconf 79' lang='grc' dir='ltr'><strong><em>αὐτὸς</em></strong></span> <span class='ocrx_word' id='word_1_271' title='bbox 1309 4388 1593 4453; x_wconf 84' lang='grc' dir='ltr'><strong><em>άνάδικον</em></strong></span> <span class='ocrx_word' id='word_1_272' title='bbox 1641 4388 2190 4469; x_wconf 73' lang='grc' dir='ltr'><strong><em>διειργάσθαι.</em></strong></span> 
     </span>
     <span class='ocr_line' id='line_1_32' title="bbox 469 4493 1558 4583; baseline 0.001 -24"><span class='ocrx_word' id='word_1_273' title='bbox 469 4493 608 4561; x_wconf 93' lang='lat' dir='ltr'><strong>Imo</strong></span> <span class='ocrx_word' id='word_1_274' title='bbox 652 4516 807 4562; x_wconf 86' lang='lat' dir='ltr'><strong>vero</strong></span> <span class='ocrx_word' id='word_1_275' title='bbox 853 4493 1558 4583; x_wconf 74' lang='grc' dir='ltr'><strong><em>διεργάσ&lt;ασ&gt;θαι.</em></strong></span> 
     </span>
    </p>
   </div>
  </div>
 </body>
</html>
