3392 5384
686 397 772 460 60
1329 413 1335 416 ·
1702 408 2082 456 mancum.

686 600 819 664 quo
879 579 1044 642 facto
1106 575 1478 661 imprudens
1540 574 1773 659 aliquis
1829 572 2129 638 librarius
2149 622 2163 647 ,
2224 576 2757 658 praepositionem
2820 576 2905 638 ad
2957 597 3079 660 per

687 704 976 749 errorem
1020 684 1118 747 bis
1166 685 1471 766 scriptam
1521 686 1787 766 putans,
1835 678 2035 744 semel
2078 699 2335 744 exarare
2382 682 2537 743 satis
2580 680 2829 746 habuit.

785 900 856 967 G.
909 899 1015 966 24.
1044 899 1104 964 4.
1167 906 1277 962 aut
1337 899 1434 961 cui
1493 905 1646 962 testa
1704 905 1844 960 suut
1902 898 2145 960 obscena
2205 899 2483 974 demessa,
2532 920 2643 983 quo
2689 899 2853 962 modo
2899 901 3076 962 deum

682 1008 890 1071 violat
952 1007 1055 1090 qui
1115 1007 1223 1069 hoc
1279 1006 1446 1067 modo
1493 1004 1730 1086 placat,
1794 1026 1920 1066 cum
1979 1003 2035 1066 εἰ
2095 1005 2403 1082 eunuchos·
2444 1005 2589 1067 deus
2632 1005 2830 1081 veltet,
2864 1012 3079 1086 posset

679 1133 1020 1196 procreare,
1070 1132 1194 1176 non
1242 1107 1487 1174 facere?

782 1217 988 1282 Verba
1027 1237 1144 1279 nou
1171 1217 1394 1301 facere
1432 1220 1577 1298 post
1613 1213 1973 1298 Sauppium
2010 1212 2206 1278 multi
2230 1213 2409 1280 obelo
2434 1220 2755 1280 notarunt.
2794 1215 3073 1293 Iniuria,

692 1329 766 1387 ut
816 1321 1038 1398 credo;
1089 1318 1541 1405 corrigendum
1586 1319 1878 1384 videtur:
1928 1319 2223 1383 nedum
2257 1321 2495 1403 facere.

779 1523 850 1590 G.
903 1523 1009 1588 25.
1040 1523 1102 1588 6.
1177 1523 1393 1586 totiens
1440 1543 1576 1604 erqo
1619 1523 1912 1585 Romanis
1956 1522 2256 1604 inpiatum
2304 1529 2388 1585 est
2432 1523 2701 1606 quotiens
2748 1518 3083 1601 triumpha-

691 1637 830 1707 tum,
881 1637 966 1694 tot
1011 1633 1084 1694 de
1130 1629 1251 1691 diis
1295 1629 1494 1711 spolia
1539 1635 1678 1712 quot
1724 1630 1797 1691 de
1834 1629 2111 1708 qeutibus
2154 1635 2214 1692 et
2259 1635 2523 1709 tropaea.

775 1734 956 1815 Quod
1025 1733 1319 1800 nonnulli
1388 1739 1852 1818 proposuerunt
1913 1739 1991 1798 ut
2054 1755 2169 1818 pro
2232 1740 2290 1796 et
2352 1741 2595 1815 tropaea
2654 1734 3072 1797 scriberetur:

686 1847 826 1902 sunt
887 1847 1162 1920 tropaea,
1228 1841 1367 1902 iure
1414 1837 1658 1902 Vahlen
1705 1841 1945 1903 reiecit.
1995 1841 2082 1903 At
2130 1845 2345 1903 tamen
2392 1839 2738 1903 verborum
2784 1838 3077 1918 ordinem

687 1945 1020 2009 turbatum
1067 1965 1201 2008 esse
1251 1947 1498 2028 opinor,
1547 1964 1741 2027 quem
1786 1946 1879 2009 ita
1916 1947 2250 2022 restitues,
2290 1947 2347 2008 si
2383 1964 2641 2009 mecum
2687 1942 3073 2009 vocabulum

690 2049 886 2131 spotia
933 2055 1077 2134 post
1117 2049 1390 2130 youtibus
1437 2051 1779 2113 traieceriS.

787 2268 857 2335 O.
909 2269 1014 2334 25.
1048 2269 1151 2332 11.
1231 2267 1339 2330 Ubi
1401 2275 1594 2330 autem
1651 2268 1838 2348 πειθὼ
1885 2291 1923 2330 a
1966 2269 2369 2332 sacerdotibus
2414 2290 2587 2353 quam
2624 2267 2785 2331 inter
2832 2289 2973 2330 aras
3016 2274 3077 2330 et

694 2377 940 2438 delubra
987 2375 1393 2437 conducuntur
1431 2381 1661 2456 stupra,
1705 2380 2045 2436 tractantur
2082 2373 2396 2450 lenocinia,
2446 2373 2753 2436 adulteria
2791 2372 3079 2436 meditan-

697 2488 797 2544 tur
813 2481 848 2542 ?
894 2479 1287 2563 frequentius
1331 2479 1584 2564 denique
1630 2481 1696 2542 iu
1743 2480 2117 2543 aedituorum
2165 2478 2403 2542 cellulis
2448 2500 2621 2563 quam
2669 2479 2761 2540 iu.
2783 2477 2937 2558 ipsis
2982 2477 3073 2538 bu—

681 2585 1021 2668 panaribus
1051 2587 1334 2667 flaqraus
1381 2584 1568 2647 libido
1616 2586 1997 2668 defuuqitur.

786 2689 1079 2753 Editores
1119 2689 1230 2753 alii
1265 2709 1413 2752 cum
1453 2688 1839 2753 Heumanno
1880 2689 2069 2770 maqis
2093 2711 2265 2773 quam
2289 2713 2327 2752 a
2348 2711 2467 2753 sac.
2494 2709 2814 2753 recensere
2838 2686 3071 2763 solent,

699 2795 808 2859 alii
867 2795 1224 2880 Sauppium
1285 2795 1486 2858 secuti
1549 2795 1741 2858 verba
1788 2819 1825 2856 a
1870 2794 2273 2857 sacerdotibus
2318 2800 2649 2878 tamquam
2694 2792 3075 2878 interpolata

699 2899 1038 2964 secludere.
1089 2899 1454 2982 Utrumque
1502 2903 1678 2963 vetat
1726 2919 1876 2963 sana
1921 2901 2103 2964 rati0.
2152 2900 2398 2984 Nempe
2444 2900 2817 2964 Heumanni
2860 2901 3075 2963 traiec-

694 3007 866 3069 tione
903 3009 1154 3088 recepta
1192 3003 1294 3067 illi
1333 3003 1673 3068 Octavium
1713 3003 1875 3068 hanc
1916 3024 2049 3068 rem
2093 3005 2435 3070 absurdam
2474 3005 2789 3070 dicentem
2812 3004 3073 3080 faciunt,

695 3131 1012 3194 nusquam
1075 3115 1391 3174 terrarum
1452 3108 1638 3193 plura
1701 3113 1923 3193 stupra
1985 3110 2253 3174 conduci
2298 3133 2495 3195 quam
2542 3132 2578 3175 a
2623 3110 3073 3175 sacerdotibus.

696 3214 956 3279 Accedit
1018 3214 1186 3298 quod
1247 3215 1350 3277 ubi
1414 3219 1478 3278 et
1537 3237 1577 3277 a
1637 3215 2039 3278 sacerdotibus
2100 3214 2267 3280 male
2329 3218 2452 3281 sibi
2498 3215 2911 3300 respondent:
2962 3235 3075 3298 pro

693 3320 989 3386 adverbio
1030 3325 1390 3404 exspectes:
1433 3343 1470 3382 a
1509 3319 1722 3405 quibus
1761 3320 2091 3383 bominibus
2130 3320 2273 3385 vel:
2316 3343 2354 3382 a
2392 3343 2506 3406 quo
2532 3321 2827 3384 hommum
2843 3342 3073 3400 qenere.

695 3425 982 3509 Denique
1020 3427 1212 3490 verba
1234 3425 1627 3510 frequentius
1656 3474 1669 3490 .
1701 3475 1713 3490 .
1744 3475 1757 3490 .
1786 3427 2145 3510 defuuqitur
2182 3429 2275 3490 ita
2313 3425 2517 3491 debile
2558 3425 2906 3490 admodum
2938 3446 3077 3511 gra·

699 3531 973 3594 dationis
1019 3551 1222 3614 genus
1270 3531 1563 3594 efficiant.
1626 3531 1847 3615 Neque
1908 3534 2125 3595 minus
2172 3531 2442 3616 Sauppii
2489 3535 2895 3616 propositum
2939 3533 3077 3614 ipsa

693 3637 938 3698 ratione
977 3635 1313 3698 refutatur.
1355 3635 1558 3712 Quam
1596 3638 1814 3720 inepta
1852 3636 2067 3701 evadit
2102 3638 2426 3722 gradatiO,
2470 3641 2525 3702 si
2563 3639 2681 3702 hoc
2718 3636 2849 3702 fere
2888 3635 3076 3701 modo

700 3739 1002 3804 Octavius
1051 3747 1571 3824 argumentatur:
1621 3743 1789 3804 inter
1834 3761 1972 3806 aras
2020 3747 2084 3806 et
2130 3742 2395 3807 delubra
2441 3749 2665 3828 stupra
2707 3742 2894 3829 plura
2940 3764 3079 3808 con-

699 3846 1040 3910 ducuntur*
1070 3867 1261 3930 quam
1301 3847 1516 3911 ubivis
1557 3851 1869 3911 terrarum
1892 3895 1906 3922 ,
1953 3851 2159 3912 immo
2208 3869 2400 3932 quam
2446 3852 2513 3913 in
2561 3847 3008 3934 lupanaribus!

789 3951 1051 4016 Octavio
1099 3972 1214 4016 sua
1257 3955 1698 4030 restituentur,
1750 3955 1805 4016 si
1843 3974 2050 4018 unum
2088 3954 2473 4019 vocabulum
2512 3978 2686 4039 quam
2722 3954 3078 4032 induxeris}

596 4074 604 4081 “
698 4056 865 4141 quod
926 4062 1069 4140 post
1131 4056 1512 4122 Tertulliani
1571 4065 1858 4143 tempora
1914 4057 2195 4143 aliquem
2259 4059 2574 4124 addidisse
2637 4062 2923 4144 suspicor
2968 4061 3083 4144 qui

696 4184 824 4227 non
884 4161 1323 4247 intellegeret,
1381 4162 1460 4226 ad
1509 4164 1701 4227 verba
1762 4163 1870 4225 Ubi
1914 4171 2107 4226 autem
2152 4165 2344 4247 mayis
2392 4176 2605 4229 mente
2652 4164 3081 4248 supplendum

699 4286 863 4330 esse:
925 4267 1139 4350 ‘quam
1187 4267 1354 4351 apud
1403 4269 1562 4332 vos'.
1629 4265 1725 4332 Of.
1776 4267 2044 4332 Tertull.
2095 4268 2279 4354 Apol.
2336 4269 2450 4334 15:
2502 4268 2803 4336 Ceterum
2852 4272 2909 4333 si
2956 4268 3083 4334 adi-

700 4375 864 4436 ciam
935 4393 1094 4456 quae
1162 4394 1286 4436 non
1356 4375 1572 4437 minus
1637 4375 2056 4438 conscientiae
2118 4378 2409 4439 omnium
2470 4381 2952 4460 recognoscent,
3014 4377 3082 4439 in

697 4474 959 4560 templis
1007 4477 1323 4542 adulteria
1369 4481 1698 4561 componi,
1749 4480 1917 4541 inter
1955 4499 2092 4544 aras
2132 4480 2446 4545 lenocinia
2486 4484 2775 4559 tractari,
2817 4484 2885 4544 in
2923 4484 3081 4565 ipsis
