3392 5384
1355 413 1730 462 rumorum.
2178 351 2189 360 “
2600 392 2723 457 151
2771 427 2773 430 >

344 580 636 658 ὑπέλαβε
685 577 1102 661 Πολέμαρχός
1148 603 1218 642 τε
1267 577 1370 642 καὶ
1422 578 1865 655 Ἀδείμαντος.-
1898 576 2243 642 Schanzius
2292 577 2510 662 plures
2555 575 2728 643 locos

339 685 584 752 attulit.

429 899 591 966 Ibid.
644 897 838 964 37D:
905 898 1024 976 οὐχ
1089 892 1196 961 οἶοί
1259 901 1314 959 τ’
1363 895 1643 974 ἐγένεσθε
1692 897 1964 972 ἐνεγκεῖν
2014 895 2133 967 τοὶς
2184 895 2346 976 ἐμὰς
2394 893 2720 973 διατριβὰς

336 1005 504 1089 [καὶ
573 1004 761 1076 τοὺς
824 1003 1171 1085 λόγους]
1226 1002 1616 1088 Expungam
1678 1001 1748 1065 id
1809 999 1978 1086 quod
2024 998 2223 1067 vides.
2288 1001 2456 1081 Quid
2503 998 2719 1066 enim?

337 1108 657 1178 Continuo
697 1111 1020 1196 sequitur:
1063 1110 1212 1173 ἀλλ’
1258 1109 1396 1184 ὑμῖν
1436 1106 1895 1186 βαρύτεραι
1938 1106 2261 1185 γεγόνασι.
2310 1105 2464 1183 Sed,
2502 1106 2719 1184 cred0,

336 1237 475 1281 sero
517 1236 688 1283 vem.

427 1447 588 1514 Ibid.
657 1444 840 1513 38C:
912 1447 1090 1526 ὁρᾶτε
1165 1449 1272 1519 τὴν
1347 1445 1590 1519 ἡλικίαν
1652 1440 1741 1508 ὅτι
1808 1444 1997 1524 πόρρω
2062 1446 2170 1522 ἤδη
2234 1445 2321 1513 ἕςὶ
2388 1449 2494 1508 τοῦ
2556 1444 2716 1520 βίου.

333 1552 519 1619 Nihil
578 1559 789 1639 potest
848 1573 982 1617 esse
1044 1551 1296 1617 facilius
1341 1550 1715 1648 intellectu:
1767 1557 1943 1617 estne
1989 1572 2148 1635 opus
2189 1549 2416 1616 addere
2457 1550 2719 1617 θανάτου

334 1658 388 1723 δ’
437 1655 681 1736 ἐγγύςῗ
725 1657 868 1722 Non
910 1659 1153 1743 opinor.

425 1891 585 1957 Ibid.
654 1889 844 1956 3913:
910 1891 1029 1967 ἐγὼ
1093 1891 1205 1968 μὲν
1272 1887 1388 1955 ἅτε
1449 1889 1684 1970 βραδὺς
1750 1889 1827 1953 ὢν
1886 1889 1991 1954 καὶ
2040 1891 2397 1970 πρεσβύτης
2446 1890 2560 1955 ὑπὸ
2608 1894 2716 1956 τοῦ

331 1997 708 2078 βραδυτέρου
772 1996 990 2074 ἑάλων,
1038 1998 1090 2061 οἱ
1133 1998 1185 2061 δ’
1236 1996 1367 2071 ἐμοὶ
1418 1998 1748 2074 κατήγοροι
1797 1993 1915 2060 ἅτε
1965 1995 2133 2060 δεινοὶ
2186 1997 2290 2060 καὶ
2340 1995 2497 2073 ὀξεῖς
2546 1993 2711 2068 ὄντες

333 2103 448 2168 ὑπὸ
487 2107 593 2166 τοῦ
637 2102 942 2172 θάττονος.
993 2101 1235 2166 Deinde
1273 2102 1490 2187 pergit
1527 2101 1648 2166 hoc
1686 2100 1974 2166 Socrates
2014 2102 2442 2186 interpretari,
2481 2121 2713 2186 nempe

328 2212 436 2273 τοῦ
499 2207 866 2287 βραδυτέρου
925 2209 1185 2272 nomine
1245 2228 1418 2271 mors
1464 2205 1886 2292 intelligitur,
1934 2207 2275 2287 μοχθηρίαν
2319 2207 2420 2271 καὶ
2470 2207 2714 2271 ἀδικίαν

329 2312 612 2399 appellat
672 2313 743 2377 τὸ
791 2314 1012 2376 θᾶττον
1057 2315 1276 2397 itaque
1322 2311 1487 2377 nihil
1532 2315 1766 2377 attinet
1814 2317 1956 2396 post
2000 2317 2107 2376 τοῦ
2156 2313 2437 2383 adv-rom
2486 2312 2713 2379 addere

328 2421 956 2504 interpretationem:
1006 2424 1144 2491 τῆς
1191 2419 1510 2487 κακίας.
1561 2416 1683 2482 Sed
1732 2416 2146 2504 Hirschigius
2192 2419 2312 2483 hoc
2350 2420 2481 2482 iam
2523 2417 2709 2484 vidit.

420 2652 580 2718 Ibid.
647 2652 806 2719 4013:
878 2652 1078 2718 efficio
1148 2673 1227 2717 ex
1296 2650 1617 2719 Ciceronis
1683 2653 2245 2736 interpretatione:
2315 2655 2709 2738 perpetuitas

325 2760 766 2844 consequentis
825 2761 1132 2843 temporis
1195 2757 1428 2822 similis
1475 2758 1711 2841 futura
1771 2763 1860 2821 est
1920 2759 2035 2821 uni
2096 2759 2299 2837 nocti,
2360 2757 2708 2844 legendum

325 2885 498 2931 esse:
570 2865 732 2930 οὐδὲν
796 2865 1022 2928 πλείων
1085 2864 1112 2928 ὅ
1180 2868 1311 2935 πᾶς
1371 2864 2049 2942 χρόνος-’φανεῖται
2111 2865 2144 2939 ἢ
2207 2865 2326 2940 μία
2391 2863 2518 2942 νύξ,
2579 2884 2707 2929 non

323 2970 748 3051 φαίνεται.
829 2968 1009 3034 Idem
1071 2969 1382 3034 mendum
1445 2968 1588 3034 elue
1651 2966 1813 3035 Grit.
1882 2967 1966 3032 54
1993 2968 2079 3034 B:
2144 2967 2283 3034 οὔτε
2346 2968 2551 3035 ἐνθάδε
2615 2991 2705 3034 σοι

321 3074 723 3157 Φαίνεται
772 3079 980 3139 ταῦτα
1024 3075 1354 3154 πράττοντι
1401 3073 1648 3150 ἄμεινον
1699 3069 1889 3158 εἶναι,
1942 3124 1957 3142 .
1988 3122 2003 3139 .
2032 3122 2046 3139 .
2078 3122 2093 3139 .
2138 3076 2265 3140 οὔτ’
2314 3077 2511 3140 ἐκεῖσε
2558 3077 2707 3155 οὲφι-
2780 3065 2788 3070 ’

322 3182 554 3261 κομένῳ
624 3181 868 3258 ἄμεινον
937 3179 1093 3250 ἔται.
1165 3181 1415 3246 Addam
1478 3180 1720 3246 Phaed.
1773 3179 1959 3246 62A:
2025 3181 2344 3257 θαυμαςὸν
2407 3181 2551 3255 ἴσως
2612 3205 2701 3247 σοι

321 3286 760 3367 φαίνεται,
835 3287 948 3352 ubi
1016 3289 1245 3373 quovis
1310 3287 1576 3374 pignore
1646 3285 2026 3350 contendam
2098 3293 2497 3366 φανεῖται
2568 3286 2703 3372 legi

323 3392 548 3458 debere
566 3439 583 3470 ‚
632 3394 783 3478 quia
827 3394 1145 3458 iterantur
1187 3391 1382 3458 verba
1430 3410 1592 3474 quae
1639 3383 1831 3476 paulo
1878 3411 2072 3476 supra
2117 3391 2448 3457 emendate
2488 3391 2705 3457 futuro

323 3503 612 3584 tempore
656 3497 985 3584 leguntur.

412 3730 572 3796 Ibid.
616 3728 804 3797 4lC:
856 3732 1023 3810 ὑμᾶς
1070 3733 1191 3811 χρῆ
1233 3728 1293 3796 ἕν
1333 3756 1392 3798 τι
1433 3736 1611 3798 τοῦτο
1653 3731 2013 3798 διανοεῖσθαι
2041 3732 2417 3817 [ἀληθές]
2458 3735 2704 3821 Agnos-

321 3838 493 3901 cisne
536 3834 861 3925 glossam?

1273 4083 1359 4129 AD
1406 4075 1745 4130 CBI'I'ONEM.

406 4278 478 4343 P.
532 4277 620 4342 43
636 4276 706 4344 C.
771 4276 1034 4352 Dixerat
1097 4277 1274 4344 Crito
1327 4298 1461 4342 esse
1525 4279 1636 4362 qui
1682 4283 1982 4363 provecta
2028 4283 2236 4345 aetate
2284 4285 2562 4347 mortem
2602 4285 2696 4348 ta-

312 4405 462 4449 men
526 4385 876 4469 aegerrime
939 4384 1177 4462 ferant3
1253 4385 1360 4484 cui
1420 4381 1743 4449 Socrates:
1803 4382 1922 4450 ἔτι
1985 4388 2229 4448 ταῦτα·
2287 4387 2461 4451 ἀλλὰ
2512 4387 2578 4453 τί
2621 4388 2692 4464 δὴ

313 4487 464 4555 οὕτω
529 4487 655 4569 πρῲ
721 4486 987 4569 &mitian
1055 4490 1181 4553 Pro
1245 4489 1609 4554 urbanitate
1677 4509 1795 4554 sua
1856 4488 2055 4568 dixit,
2104 4491 2230 4555 nisi
2277 4490 2497 4558 fallor:
2547 4491 2689 4563 ἔςω
