3392 5384
639 412 772 477 226
1678 429 1990 479 noturus.

632 616 761 659 non
822 599 1035 679 potest
1096 596 1314 676 amitti
1361 594 1529 679 quod
1578 594 1867 660 nondum
1914 601 2247 681 acceptum
2295 599 2413 659 est.
2513 592 2777 658 Addidit
2823 592 3019 657 alter:

634 701 732 781 (2)
792 702 895 767 An
957 702 1108 786 quia
1170 700 1551 765 iamdudum
1616 708 1958 789 sumptum
2021 707 2140 767 est.
2278 698 2531 766 Insulsa
2575 698 2900 766 cavillatio
2946 698 3027 764 ad

631 808 735 884 id,
784 806 955 893 quod
1003 806 1165 872 Don.
1218 812 1541 893 postremo
1590 806 1776 873 dixit.

724 914 886 979 Ibid.
940 911 1021 979 17
1094 912 1384 979 Militem
1435 936 1655 981 secum
1703 914 1781 980 ad
1831 920 1895 980 te
1941 920 2209 1001 quantas
2257 915 2467 999 copias
2513 908 2866 978 adducere?

723 1020 820 1101 (l)
864 1020 1131 1105 Proprie
1170 1020 1335 1085 dixit
1378 1021 1704 1106 „copias''‚
1747 1042 1899 1087 nam
1937 1023 2030 1087 sic
2070 1021 2370 1086 dicuntur
2407 1018 2696 1105 leg-iones
2729 1021 2794 1083 in
2821 1038 3025 1082 unum

629 1125 952 1193 collectae.
1003 1124 1321 1193 Convenit
1368 1134 1585 1193 tamen
1632 1127 1780 1192 rudi
1827 1133 1891 1193 et
1937 1130 2175 1193 rustico
2223 1124 2617 1192 adulescenti
2663 1146 2774 1190 sex
2821 1124 3028 1189 homi-

630 1255 742 1300 nes
782 1233 1079 1319 „copias”
1120 1233 1361 1300 dicere:
1404 1234 1710 1314 militem,
1752 1236 2108 1321 parasitum
2127 1282 2142 1313 ,
2180 1232 2544 1321 Syriscum,
2572 1230 3026 1309 Simalionem,

630 1339 935 1428 Sangam.

718 1446 795 1513 In
868 1446 1071 1512 altera
1146 1453 1328 1533 parte
1402 1447 1593 1513 audio
1664 1447 1963 1534 equidem
2024 1445 2126 1512 IP
2195 1447 2620 1532 corrig-entem
2692 1442 3023 1510 Donatum

630 1554 993 1635 (‚,tamen'')
1040 1557 1287 1621 ratione
1335 1574 1567 1641 parum
1615 1554 1954 1641 probabili.

718 1660 881 1726 Ibid.
932 1659 1019 1725 20
1083 1661 1220 1739 Ah,
1270 1668 1511 1727 metuo.
1544 1660 1800 1747 qualem
1847 1665 1922 1725 tu
1962 1660 2066 1725 'me
2105 1680 2240 1725 esse
2280 1658 2612 1724 hominem
2648 1659 2980 1723 existimes

719 1766 919 1832 Don.:
971 1765 1070 1846 (2)
1116 1765 1389 1832 Videtur
1433 1768 1646 1831 ebrius
1689 1767 1894 1833 factus
1943 1766 2050 1831 hic
2090 1762 2396 1832 Chremes
2435 1769 2548 1843 (sc.
2591 1764 2702 1849 qui
2740 1766 2804 1827 in
2846 1761 2942 1827 III
2983 1761 3024 1826 3

627 1871 941 1937 Thaidem
990 1872 1352 1957 spernebat)
1396 1874 1528 1937 iam
1576 1874 1773 1938 etiam
1821 1870 2154 1958 displicere
2203 1869 2372 1936 nolle
2423 1868 2700 1935 mulieri.
2809 1867 3028 1933 Nimis

636 1980 915 2043 otiosum
981 1985 1077 2043 est
1140 1978 1309 2063 quod
1369 1979 1487 2067 Ed«.
1553 1979 1836 2044 addidit:
1900 1979 2068 2044 Nam
2113 1978 2350 2042 idcirco
2398 1978 2638 2042 fatetur
2683 1996 2752 2041 se
2797 1977 3027 2039 timere

634 2084 872 2149 malam
946 2084 1021 2149 de
1083 2106 1149 2149 se
1212 2088 1579 2171 opinionem
1641 2085 1926 2151 Thaidis.
2067 2084 2375 2149 Eiusdem
2423 2090 2517 2149 est
2567 2082 2699 2163 (3):
2757 2081 3028 2159 „Metuo

634 2190 932 2278 qualem’'
974 2211 1141 2257 nove
1183 2192 1347 2257 dixit
1386 2214 1503 2279 pro
1552 2199 1817 2270 „metuo
1855 2214 1934 2258 ne
1971 2192 2304 2279 ignores'';
2331 2189 2780 2275 interpretatio
2806 2208 3028 2273 prava.

632 2297 891 2363 Fabia
936 2304 1105 2363 recte
1152 2301 1242 2363 sic
1291 2301 1521 2379 vertit3
1574 2299 1692 2378 „Je
1740 2320 1847 2365 me
1893 2298 2202 2364 demande
2241 2317 2396 2364 avec
2439 2294 2883 2381 inquietude'’.

723 2404 883 2469 Ibid.
933 2404 1015 2470 21
1092 2404 1481 2492 Peregrinus
1543 2412 1673 2485 est,
1725 2408 1940 2471 minus
1985 2409 2210 2491 potens
2257 2424 2452 2491 quam
2498 2409 2609 2481 tu,
2659 2403 2874 2466 minus
2919 2422 3032 2466 no-

633 2517 776 2589 tus,
824 2512 1044 2576 minus
1090 2514 1446 2578 amicorum
1495 2512 1603 2578 hic
1648 2512 1886 2579 habens

726 2617 840 2682 Ed.
883 2617 981 2699 (2)
1020 2618 1189 2683 Bene
1228 2621 1318 2684 sic
1357 2619 1557 2697 dixit,
1600 2622 1750 2705 quia
1790 2619 2047 2685 tardum
2087 2618 2214 2683 fuit
2239 2618 2446 2683 dicere
2476 2614 2633 2695 „ille
2656 2617 3019 2701 impotenS,

634 2729 708 2789 tu
758 2724 1023 2809 potens''
1075 2722 1230 2790 etc.1

722 2829 885 2895 Ibid.
936 2829 1021 2894 23
1094 2830 1219 2895 Sed
1267 2835 1340 2895 tu
1387 2831 1555 2916 quod
1601 2852 1823 2897 cavere
1871 2832 2108 2916 possis,
2159 2828 2440 2895 stultum
2486 2828 2826 2893 admittere
2873 2832 2971 2891 est

726 2934 924 3001 Don.:
990 2936 1086 3018 (2)
1152 2937 1597 3015 „Admittere”
1662 2942 1760 3003 est
1819 2938 1958 3003 fieri
2003 2940 2228 3003 sinere.
2367 2936 2485 3001 Ed.
2536 2934 2634 3016 (3)
2680 2939 2746 3000 et
2791 2933 3030 2999 melius

635 3041 797 3107 dixit
846 3062 1041 3128 quam
1091 3042 1348 3129 „pati'':
1399 3044 1517 3109 hoc
1568 3042 1866 3130 generale
1914 3049 2006 3108 est
2039 3042 2108 3125 ¹).

723 3147 885 3213 Ibid.
936 3146 1044 3213 25.
1116 3148 1217 3214 'Pu
1280 3150 1383 3214 abi
1445 3155 1638 3236 atque
1683 3153 1907 3217 obsera
1955 3152 2196 3215 ostium
2239 3152 2454 3227 intuS,
2505 3148 2661 3213 dum
2709 3168 2830 3234 ego
2876 3146 3030 3211 hinc

637 3260 1004 3322 transcurro
1052 3255 1131 3320 ad
1179 3257 1395 3322 forum

726 3361 887 3427 Don.
928 3360 1024 3442 (l)
1074 3361 1305 3428 Pavidi
1345 3363 1687 3429 consilium
1727 3363 1894 3428 nihil
1933 3361 2114 3428 aliud
2151 3364 2432 3428 continet
2469 3366 2719 3446 praeter
2751 3359 3033 3426 claustra

634 3472 700 3532 et
746 3467 991 3553 fugam.
1130 3468 1286 3534 EQ:
1334 3469 1501 3535 Nam
1552 3490 1738 3535 sera
1783 3474 1881 3535 est
1926 3468 2280 3534 claustrum
2327 3469 2575 3533 ianuae.

724 3572 955 3638 Omnia
1004 3573 1292 3639 eiusdem
1336 3580 1527 3641 notae
1574 3581 1639 3641 et
1686 3576 1976 3661 originis.

727 3678 892 3744 Ibid.
944 3677 1030 3742 24
1056 3678 1155 3761 (l)
1205 3680 1425 3758 „Malo
1474 3701 1596 3767 ego
1644 3703 1760 3746 nos
1808 3678 2208 3772 prospicere''
2257 3700 2371 3765 pro
2422 3698 2688 3757 „cavere
2735 3698 2814 3741 ne
2852 3667 3031 3754 fiat'’,

632 3786 705 3849 id
764 3792 854 3849 est
902 3786 1253 3869 prospicere
1316 3795 1374 3851 et
1436 3810 1672 3852 cavere.-
1739 3788 1819 3853 ab
1883 3808 1955 3853 eo
2019 3786 2187 3873 quod
2245 3784 2566 3871 praecedit
2603 3784 2671 3849 id
2720 3782 2887 3869 quod
2933 3803 3030 3848 se-

636 3895 876 3979 quitur.
1441 3962 1448 3968 ,

722 3999 1222 4066 Wessnerus
1292 4022 1329 4067 a
1398 4001 1648 4067 Donato
1719 3999 2115 4066 adiudicavit
2183 4019 2345 4084 quae
2408 3996 2734 4063 inclinatis
2794 3994 3035 4061 litteris

636 4109 939 4191 expressi.
1009 4106 1151 4193 Ego
1220 4114 1378 4194 puto
1447 4110 1646 4173 etiam
1718 4114 2091 4192 sequentem
2163 4102 2513 4170 formulam
2582 4100 3036 4188 Interpolatori

634 4212 1021 4277 reddendam
1094 4234 1263 4291 esse,
1338 4215 1448 4299 qui
1518 4235 1661 4279 eam
1735 4234 1921 4298 saepe
1991 4212 2321 4290 adhibuit,
2396 4217 2471 4275 ut
2534 4209 2716 4274 docui
2783 4207 3037 4273 Mnem.

699 4487 753 4551 1)
788 4488 1015 4552 Sequitur
1050 4488 1195 4538 etiam
1229 4488 1473 4538 adnotatio
1509 4484 1792 4551 magistelli:
1829 4486 1988 4536 ‚Nam
2016 4501 2140 4534 nunc
2173 4480 2490 4535 „admittere”
2528 4482 2665 4548 pati
2702 4481 2855 4531 fieri
2888 4480 3036 4545 signi-

630 4569 791 4629 Μεθ’,
829 4586 971 4634 qnam
1009 4571 1388 4620 Wessnerus
1421 4570 1519 4621 iam
1554 4568 1689 4619 obelo
1725 4568 1929 4631 notavit.
