3392 5384
1401 424 1713 473 nonnus.
2610 409 2741 477 415

355 590 649 678 exemplo
712 612 901 655 usum
963 611 1164 666 esse,
1200 592 1268 654 in
1330 611 1455 674 quo
1519 610 1767 654 curae
1828 592 2089 655 omnino
2135 612 2259 655 non
2307 593 2742 668 nominantur,

352 698 588 764 idcirco
634 696 880 763 addidit
927 686 1476 763 adseverationem
1525 717 1638 781 per
1685 696 1860 760 enim.

448 804 608 870 Ibid.
656 803 743 868 IV
792 802 854 868 4.
887 802 970 868 12
1040 802 1329 868 Turbent
1378 824 1564 888 porro
1612 824 1808 887 quam
1857 802 2064 869 velint

447 911 610 976 Don.
661 897 1058 989 (l)'„Quam
1108 907 1355 973 velint''
1405 910 1471 972 in
1522 914 1835 993 quantum
1878 908 2100 975 velint.
2242 909 2358 976 Ed.
2386 910 2485 991 (2)
2512 910 2741 1000 <Aut>

355 1038 497 1082 eam
545 1037 739 1101 quam
787 1014 992 1081 velint
1037 1013 1400 1081 mulierem.
1451 1013 1579 1079 Sed
1625 1013 1861 1080 melius
1907 1020 2003 1081 est
2052 1017 2222 1101 quod
2266 1040 2450 1099 supra
2488 1020 2582 1099 (in
2606 1017 2745 1097 (1))

354 1122 632 1187 diximus.
771 1121 1050 1186 Pravam
1097 1123 1528 1187 coniecturam
1578 1121 1820 1206 profert
1870 1120 2069 1199 simul
2112 1129 2175 1186 et
2222 1122 2537 1208 repudiat.

445 1229 606 1294 Ibid.
656 1227 709 1291 V
762 1228 824 1293 2.
854 1227 940 1292 26
1011 1227 1096 1292 Et
1146 1234 1210 1293 te
1259 1226 1457 1292 simul
1505 1230 1865 1312 suspicione
1913 1227 2202 1294 exsolves

445 1337 542 1416 (l)
590 1334 730 1400 Hoc
779 1340 873 1399 est
921 1334 1089 1420 quod
1135 1354 1327 1419 supra
1376 1340 1496 1414 (vs.
1552 1332 1662 1413 13)
1712 1334 1878 1398 dixit
1923 1337 2259 1400 crimen.
2309 1337 2442 1402 Nos
2491 1356 2745 1422 quoque

349 1444 777 1527 suspicionem
826 1441 1211 1522 interpretati
1256 1463 1474 1504 sumus.
1614 1441 1950 1506 Postrema
1994 1441 2140 1506 inde
2189 1463 2225 1507 a
2275 1441 2403 1506 Nos
2450 1444 2583 1507 iam
2633 1440 2745 1508 eli-

351 1550 627 1613 minavit
671 1546 1186 1614 Wessnerus.

443 1652 538 1720 Of.
581 1652 662 1719 ad
699 1652 986 1719 Donatus
1025 1674 1118 1719 vs.
1150 1652 1233 1718 13
1278 1653 1489 1733 „Nam
1529 1655 1583 1718 si
1624 1656 2007 1739 compererit
2048 1656 2304 1720 crimini
2344 1662 2459 1722 tua
2492 1678 2559 1722 se
2583 1678 2747 1722 uxor

353 1760 709 1837 credidisse,
775 1762 1036 1825 missam
1096 1762 1263 1826 iram
1327 1759 1584 1838 faciat'’,
1648 1758 1746 1840 (2)
1810 1758 2136 1827 Crimen
2199 1783 2368 1827 nunc
2416 1784 2529 1847 pro
2576 1761 2739 1828 falsa

357 1868 712 1952 suspicione
761 1868 1011 1953 posuit,
1060 1865 1385 1952 Vergilius
1434 1872 1818 1951 (sequuntur
1865 1867 1991 1932 duo
2040 1874 2233 1948 exx.).

321 1967 328 1972 ’
448 1972 846 2038 Phormio
893 1971 924 2035 I
972 1971 1033 2036 4.
1065 1968 1149 2036 37
1220 1972 1344 2037 Sed
1392 1974 1536 2058 quis
1583 1971 1686 2037 hic
1734 1978 1832 2037 est
1877 1993 2068 2038 senex

444 2079 540 2158 (1)
603 2076 765 2155 Sed,
813 2086 881 2141 ub
926 2077 1218 2157 diximm,
1270 2080 1617 2143 transitum
1666 2078 1987 2164 significat
2036 2078 2116 2143 ad
2162 2078 2430 2145 alteram
2478 2102 2613 2145 rem
2642 2080 2740 2145 ‘ab

357 2206 429 2250 ea
476 2206 638 2271 quae
685 2187 1014 2271 agebatur.
1960 2202 1965 2205 ·

446 2291 778 2378 Repetivit
837 2291 954 2356 Ed.
1016 2312 1093 2356 ex
1139 2290 1170 2354 I
1219 2290 1280 2355 2.
1311 2288 1347 2355 '7
1375 2289 1470 2369 (2)
1521 2289 1734 2369 „Sed”
1788 2290 2101 2374 particula
2149 2294 2495 2356 transitum
2545 2293 2745 2376 signi-

357 2401 458 2462 cat
504 2397 583 2463 ad
631 2399 1023 2485 mentionem
1069 2395 1332 2461 alterius
1382 2399 1494 2461 rei.
1548 2395 1643 2462 Cf.
1694 2417 1888 2481 supra
1935 2415 1998 2481 p.
2049 2394 2179 2460 284
2228 2396 2307 2461 ad
2354 2396 2384 2461 Ι
2431 2395 2492 2462 4.
2526 2397 2631 2463 15.
2742 2426 2749 2433 ·

444 2616 618 2702 Ergo
673 2619 938 2681 unicum
997 2615 1233 2681 Donati
1289 2615 1660 2700 exemplum
1724 2615 1855 2682 Ad.
1896 2613 2207 2680 1112.27
2259 2615 2356 2695 (2)
2406 2614 2739 2682 Editorem

354 2722 432 2787 ad
481 2724 754 2788 abusum
804 2724 998 2787 huius
1046 2719 1358 2787 formulae
1405 2722 1747 2807 perduxit,
1797 2744 1869 2788 eo
1918 2721 2163 2787 scilicet
2208 2721 2473 2787 consilio
2522 2730 2597 2787 ut
2646 2729 2743 2788 to-

351 2832 482 2894 tius
529 2831 882 2895 commenti
928 2849 992 2894 se
1041 2835 1366 2894 auctorem
1413 2829 1829 2913 praedicaret.

323 3180 330 3187 ·
438 3147 730 3234 Ipsorum
791 3147 1178 3214 scholiorum
1241 3150 1654 3233 inquisitione
1718 3149 1798 3214 ad
1845 3149 2037 3240 finem
2091 3149 2398 3234 perducta
2446 3149 2625 3214 lubet
2658 3117 2739 3213 'in
2812 3184 2817 3188 ·

351 3275 612 3319 censum
675 3275 899 3321 vocare
964 3275 1036 3319 ea
1099 3256 1447 3319 commenti
1509 3255 1789 3334 scholia,
1851 3256 1965 3320 ubi
2027 3257 2309 3321 fontes
2378 3240 2743 3319 indicantur

351 3363 728 3428 nominatim
782 3361 888 3427 vel
935 3383 1048 3447 per
1094 3360 1404 3428 formulas
1448 3362 1711 3447 quidam,
1760 3362 1895 3438 abii,
1944 3368 2084 3425 sunt
2122 3362 2245 3446 qui,
2290 3363 2434 3426 sim.
2484 3361 2581 3424 Ex
2621 3359 2739 3425 hac

351 3474 569 3533 autem
633 3470 996 3534 recensione
1058 3490 1181 3534 non
1229 3467 1516 3532 multum
1562 3466 1728 3534 lucis
1776 3465 2109 3552 effulgebit
2155 3467 2231 3532 ad
2282 3466 2737 3532 difficillimum

349 3572 426 3638 de
497 3577 846 3639 commenti
915 3574 1201 3639 fontibus
1273 3576 1708 3659 quaestionem
1772 3573 2241 3639 illustrandam.
2314 3572 2740 3659 Intellegetur

349 3681 794 3773 tantummodo
842 3681 1167 3746 Donatum
1216 3702 1338 3746 non
1383 3702 1586 3766 pauca
1635 3681 1952 3758 subsidia,
2000 3681 2108 3745 sed
2157 3680 2521 3745 multorum
2569 3700 2739 3743 com-

348 3793 817 3866 mentatorum,
867 3789 1480 3873 grammaticorum,
1531 3787 2021 3873 scholiastarum
2078 3809 2367 3873 quoque,
2415 3789 2483 3851 ni
2530 3784 2736 3862 fallor,

347 3895 718 3959 testimonia
776 3893 1176 3970 adhibuisse,
1242 3914 1353 3958 nec
1415 3915 1540 3958 non
1601 3892 1933 3958 Editorem
1981 3899 2045 3958 et
2094 3896 2437 3979 magistros
2485 3893 2738 3976 saepius

349 4000 426 4064 ad
486 4003 772 4065 auctores
834 3997 1140 4084 quosdam
1204 4020 1612 4084 provocasse;
1678 4006 2001 4085 praeterea
2057 3998 2380 4065 Donatum
2430 4021 2506 4065 ex
2555 4019 2734 4064 more

348 4110 710 4190 temporum
745 4104 790 4185 ¹)
829 4108 1011 4169 iuxta
1051 4105 1325 4170 aliorum
1366 4108 1694 4190 opiniones
1734 4128 1859 4170 non
1902 4127 2040 4171 raro
2080 4127 2264 4171 suam
2289 4108 2576 4191 posuisse
2600 4106 2736 4169 sine

346 4211 693 4289 decisione;
758 4233 947 4297 porro
1010 4232 1320 4297 quosnam
1381 4212 1587 4276 fontes
1635 4214 1975 4297 praecipue
2024 4214 2248 4297 magni
2294 4210 2736 4305 fecerit-„Pro-

413 4472 468 4534 1)
514 4471 588 4521 cf.
634 4472 784 4520 Locus
832 4468 1208 4531 Hieronymi
1254 4483 1394 4533 quem
1439 4469 1568 4518 infra
1602 4470 1758 4519 citabo
1796 4468 1846 4518 in
1882 4469 2204 4528 adnotatione,
2238 4470 2399 4533 ibique
2434 4486 2554 4534 quae
2590 4469 2735 4521 verba

344 4553 569 4616 leguntur
603 4553 662 4603 ab
696 4553 836 4602 initio
869 4557 920 4601 et
954 4553 1062 4600 fine.
