3392 5384
616 404 750 474 252
1656 422 1951 473 monus.

615 593 939 657 rationem
1001 591 1405 676 improbabat
1466 590 1907 657 Aristarchus:
1967 589 2124 657 olim
2188 591 2650 657 Antimachum
2695 588 3006 676 Colopho·

588 702 803 765 ‘nium
849 720 990 764 eam
1038 700 1334 785 probasse
1380 700 1684 784 suspicor.

713 948 775 1031 9,
804 948 866 1015 9.
917 986 1001 1000 -—-
1049 950 1292 1026 ἀγαθοῦ
1346 948 1650 1025 δαίμονος.
1704 944 1855 1013 οὕτω
1896 958 2188 1014 καλεῖται
2227 950 2399 1028 παρὰ
2439 957 2563 1020 τοῖς
2605 956 2896 1017 παλαιοῖς
2935 948 3003 1015 τὸ

618 1056 787 1133 μετὰ
835 1057 944 1129 τὴν
986 1052 1157 1135 ἄρσιν
1198 1062 1313 1121 τῶν
1353 1054 1667 1135 τραπεζῶν
1717 1080 1766 1119 π
1784 1078 1812 1133 ρ
1830 1079 1857 1119 ο
1877 1079 1915 1119 c
1931 1061 1986 1134 Φ
2005 1081 2032 1120 ε
2050 1079 2078 1134 ρ
2099 1056 2130 1120 ό
2146 1081 2196 1133 μ
2213 1080 2240 1120 ε
2260 1081 2288 1119 ν
2305 1079 2332 1120 ο
2350 1081 2379 1120 ν
2421 1054 2716 1131 ποτήριον.
2764 1055 3006 1142 Legen-

622 1164 778 1228 dum
826 1160 1471 1242 περιφερόμενον
1520 1161 1806 1242 (Naber).

718 1398 824 1477 10,
850 1398 1096 1489 21sqq.
1148 1436 1233 1447 —-
1280 1396 1414 1463 Sub
1460 1396 1768 1463 lemmate
1814 1395 2087 1476 ἄγγῑὶροι
2137 1399 2249 1482 qui
2287 1396 2638 1463 afferuntur
2676 1396 3012 1463 Menandri

625 1526 847 1570 versus
891 1507 1079 1584 novi,
1129 1505 1361 1570 horum
1409 1523 1609 1569 unus:

894 1612 1321 1691 ὥγγαροφόρει
1371 1609 1473 1675 καὶ
1526 1611 1704 1675 ταῦθ’
1751 1607 1792 1675 ἃ
1846 1614 1946 1675 νῦν
1995 1617 2188 1682 ποιεῖς
2237 1609 2392 1675 ποίει

622 1718 806 1784 utilis
870 1725 967 1784 est-
1030 1718 1107 1783 ad
1172 1715 1738 1783 commendandam
1796 1715 2133 1781 lectionem
2185 1716 2485 1783 traditam
2533 1717 2643 1783 Ar.
2691 1716 2808 1802 Eq.
2860 1715 3014 1795 213,

628 1847 821 1912 quem
870 1827 935 1889 in
982 1826 1394 1890 annotatiOne
1439 1822 1732 1888 laudavit
1777 1822 2242 1888 Reitzenstein:

895 1931 1297 2010 Φαυλότατον
1346 1928 1553 2010 ἔργον·
1605 1931 1785 1994 ταῦθ’
1838 1926 1997 2007 ἅπερ
2049 1937 2239 2002 ποιεῖς
2288 1928 2465 1995 ποίει.

626 2039 831 2104 Fuere
863 2041 992 2123 'qui
1037 2060 1151 2125 pro
1199 2042 1408 2101 ταῦτα
1455 2037 1549 2101 ibi
1597 2043 1902 2122 ponerent
1939 2036 2185 2114 ταῦτα,
2227 2042 2290 2102 et
2332 2038 2503 2103 favet
2545 2036 3014 2123 quodammodo

627 2145 730 2211 illi
792 2146 1079 2230 opinioni
1138 2164 1489 2230 pronomen
1551 2140 1747 2223 ἅπερ,
1807 2146 2110 2228 quoniam
2168 2148 2281 2208 aut
2327 2148 2534 2209 ταῦτα
2584 2141 2627 2208 ἅ
2677 2143 2803 2208 dici
2851 2141 3016 2207 solet

630 2257 743 2318 aut
781 2252 867 2315 τα
907 2250 1077 2316 αὐτα
1117 2248 1310 2330 ἅπερ,
1354 2272 1481 2335 qua
1527 2249 1602 2315 de
1650 2271 1719 2315 re
1765 2248 1967 2315 docte·
1997 2286 2083 2299 —-
2129 2256 2204 2315 ut
2249 2249 2486 2315 assolet
2527 2286 2613 2299 —-
2658 2248 3018 2334 disputavit

626 2358 842 2425 Naber
888 2357 1203 2423 Mnemos.
1248 2356 1422 2423 1903
1461 2377 1609 2445 pag.
1654 2356 1787 2422 120
1814 2378 1929 2442 sq.‚
1971 2356 2185 2422 allatis
2227 2356 2673 2423 Demosthenis
2711 2355 2867 2421 locis
2906 2355 3020 2419 ubi

628 2466 708 2530 ab
771 2464 1072 2550 loquendi
1134 2464 1251 2529 hoc
1314 2485 1491 2529 more
1552 2463 1897 2529 discessum
1965 2468 2060 2528 est
2119 2465 2188 2527 in
2252 2470 2436 2529 textu
2486 2462 2740 2529 tradito.
2764 2461 3021 2541 Quam-

631 2592 824 2656 quam
874 2578 1135 2636 cunctos
1178 2570 1326 2635 illos
1374 2570 1713 2635 mutandos
1759 2590 1893 2634 esse
1938 2569 2220 2635 nondum
2259 2570 2425 2634 mihi
2463 2575 2561 2635 est
2601 2589 2978 2654 persuasum
2999 2586 3017 2645 ;

632 2680 721 2742 sic
783 2676 1116 2743 Demosth.
1180 2676 1265 2741 24
1328 2675 1498 2762 557,
1561 2681 1637 2740 ut
1686 2676 1818 2747 ‚hoc
1864 2680 2028 2754 utar,
2093 2677 2287 2741 verba
2351 2676 2533 2757 „mixi
2598 2679 2867 2739 ταῦτα
2933 2673 3017 2737 τοὶ

635 2783 995 2861 πράγματα
1062 2780 1221 2861 ἅπερ
1285 2777 1350 2853 ἦν
1416 2782 1512 2846 ἐπὶ
1581 2784 1701 2846 τῶν
1763 2781 2089 2859 τριάκοντα
2155 2785 2242 2857 μὴ
2305 2781 2635 2859 γενέσθαι”
2686 2805 2813 2848 non
2863 2782 3020 2847 satis

634 2888 1015 2975 intellegam
1080 2892 1135 2953 si
1197 2888 1470 2954 ταῦτα
1535 2889 1870 2967 scribatur,
1937 2910 2087 2954 nam
2149 2889 2303 2968 ieta,
2367 2911 2491 2955 non
2539 2892 2740 2953 eadem
2784 2889 2878 2955 ibi
2926 2910 3021 2953 re-

635 2998 934 3081 quiritur.
995 2995 1095 3060 Ad
1158 2995 1587 3061 Menandrum
1635 3002 1856 3061 autem
1903 3001 1978 3061 ut
2023 3001 2444 3074 revertamur,
2495 2998 2911 3082 aptissimum
2955 2996 3023 3059 in

634 3104 773 3169 eius
819 3102 1032 3167 verbis
1078 3108 1174 3167 est
1222 3099 1468 3182 ταῦτα’,
1534 3100 1864 3168 tolerabile
1911 3104 2022 3167 vix
2072 3103 2232 3168 foret
2279 3103 2362 3167 τὰ
2411 3103 2630 3185 αὐτα..
2668 3102 2839 3168 Nam
2887 3123 3025 3168 ver·

637 3230 746 3275 sus
792 3206 854 3273 ἓν
902 3208 1002 3273 διὰ
1052 3210 1207 3274 δυοῖν
1256 3209 1449 3275 efficit
1492 3210 1975 3275 huiuscemodi:
2028 3209 2285 3275 διακόνει
2335 3210 2438 3275 καὶ
2481 3213 2581 3276 τὸν
2619 3211 2755 3288 βίον
2792 3210 3021 3274 τουτονὶ

635 3315 748 3397 ζῶν
796 3314 1085 3403 διατέλει.

730 3552 1034 3618 Eiusdem
1084 3554 1311 3618 comici
1359 3552 1555 3618 verba
1596 3551 1736 3617 illic
1781 3573 1816 3617 e
1863 3551 2104 3617 Thaide
2150 3551 2369 3619 fabula
2416 3552 2674 3618 laudata
2705 3551 2788 3634 ¹):

1544 3656 1721 3733 ἡδέως
1771 3656 1848 3723 ἄν
1894 3682 1996 3735 μοι
2045 3658 2190 3723 δοκῶ

912 3761 1070 3840 ὅμως
1122 3764 1424 3835 πεπονθὼς
1476 3768 1685 3827 ταῦτα
1734 3769 1832 3829 νῦν
1879 3765 2116 3837 ταύτην
2161 3760 2330 3846 ἔχειν

643 3893 886 3938 novum
935 3872 1240 3956 praebent
1285 3869 1653 3957 exemplum
1704 3874 1955 3937 traiecti
2001 3872 2290 3938 adverbii
2329 3868 2527 3948 ὅμως,
2569 3876 2642 3935 ut
2679 3872 2748 3934 in
2787 3870 3030 3935 Aristo-

645 3980 872 4065 phanis
920 3999 1141 4045 versu:
1206 3980 1354 4042 ἀλλ’
1407 3974 1565 4053 ὅμως
1619 3980 1972 4044 Λακωνικὸν
2019 3977 2210 4042 πνέων
2257 3975 2454 4059 ᾤχετο
2507 3976 2660 4065 Lys.
2710 3974 2864 4054 276,
2912 3977 3030 4041 ubi

648 4086 1053 4151 conferant-ur
1110 4084 1304 4150 velim
1355 4105 1516 4171 quae
1563 4085 1887 4151 adnotavi.
1939 4082 2323 4152 Cuiusmodi
2366 4084 2525 4149 locis
2571 4082 2638 4148 id
2684 4083 2850 4169 quod
2900 4083 3028 4147 καί·

644 4216 755 4271 περ
804 4190 980 4258 Valet
1024 4187 1210 4269 ὅμως.

713 4470 767 4535 1)
815 4469 1020 4534 Egregia
1070 4469 1198 4519 enim
1246 4467 1606 4519 Wilamowitzii
1654 4466 1922 4517 emendatio
1969 4469 2040 4516 est
2083 4462 2144 4517 ἐν
2192 4463 2386 4515 Θαΐδι
2434 4465 2460 4514 ὁ
2505 4463 2728 4529 ἀκρατής
2765 4481 2850 4531 pro
2882 4460 3030 4515 ’ἔνθα

643 4552 702 4605 ἷδ
720 4550 787 4615 ίῳ
823 4548 1057 4615 ἀκρατής.
