3392 5384
649 398 780 467 358
1439 418 1526 467 118
1571 418 1895 467 summme
1940 418 2252 467 1111111100.

647 583 815 670 quod
861 583 940 650 ad
987 606 1125 651 rem
1173 588 1440 665 attinet,
1487 606 1639 651 nam
1686 585 1898 651 verbis
1943 584 2219 664 titubat3
2271 585 2349 649 de
2389 605 2515 670 qua
2554 605 2621 649 re
2659 584 2740 650 cf.
2780 582 3043 650 Wilam.

642 690 828 757 Anal.
877 713 941 777 p.
995 690 1123 757 145
1175 728 1261 742 —
1307 714 1422 758 nec
1471 714 1594 758 non
1642 692 1841 758 Varro
1888 691 2059 777 apud
2107 689 2400 757 Gellium
2447 690 2652 756 XVII.
2703 690 2766 757 4.
2794 690 2883 773 3).

736 796 974 865 Contra
1022 798 1281 864 uberius
1329 799 1434 864 hic
1479 820 1730 885 quoque
1779 797 1928 863 Vita
1974 798 2219 864 Maior:

735 928 819 968 τα
881 902 1095 968 παντα
1157 905 1211 969 δ
1262 902 1329 979 ἦν
1392 905 1584 969 αὐτοῦ
1649 903 1947 985 δράματα
2012 904 2154 995 pff,
2214 900 2476 984 σῴζεται
2526 903 2587 968 δὲ
2635 905 2757 977 οη’·
2810 901 3043 968 τούτων

643 1011 948 1076 νοθεύεται
998 1010 1170 1091 τρία,
1219 1010 1445 1085 Τέννης
1494 1011 1923 1087 Ῥαδάμανθυς
1975 1011 2299 1091 Πειρίθους.

731 1116 865 1196 En,
927 1119 1168 1182 iterum
1229 1118 1296 1181 in
1357 1117 1667 1183 Urbinate
1728 1116 1963 1183 desunt
2018 1117 2365 1203 quaedam:
2416 1116 2609 1182 verba
2653 1137 2880 1202 nempe
2928 1114 3041 1199 σῴ-

641 1224 815 1304 ζεται
845 1259 927 1273 --
957 1224 1297 1301 Πειρίθους,
1359 1222 1752 1290 Hauniensis
1812 1230 2033 1289 aut-em
2095 1229 2161 1289 et
2225 1223 2726 1291 Vindobonensis
2775 1225 3041 1289 nomina

639 1330 867 1405 Τέννης
894 1366 978 1379 -
1008 1331 1308 1409 Πειρίθους
1356 1332 1692 1396 omittunt.

729 1436 988 1521 Itaque,
1059 1438 1253 1501 sicuti
1310 1440 1380 1502 in
1434 1438 1663 1503 ceteris
1716 1458 1967 1523 quoque
2022 1458 2183 1523 quae
2237 1459 2275 1503 a
2329 1436 2633 1502 Vaticano
2676 1437 3040 1521 discrepans

639 1545 888 1610 omittit
949 1543 1256 1621 Urbinas,
1306 1545 1571 1628 aequius
1621 1548 1719 1609 est
1765 1566 1892 1609 non
1941 1545 2320 1609 temerariae
2368 1543 2708 1608 cuiusdam
2752 1544 3038 1608 incuriae

639 1650 750 1716 sed
810 1652 1122 1715 cautionis
1181 1649 1428 1729 indicia
1475 1652 1801 1729 constitui,
1864 1653 1958 1715 ita
2018 1653 2097 1715 in·
2148 1652 2289 1735 ipsa
2350 1652 2725 1736 quaestione
2785 1649 2861 1714 de
2908 1669 3039 1734 qua

638 1758 898 1844 agimus
944 1756 1306 1842 putandum
1353 1761 1450 1821 est
1493 1778 1622 1822 non
1669 1759 2007 1823 convenire
2053 1760 2224 1823 inter
2271 1777 2337 1822 88
2372 1755 2674 1822 Vitarum
2710 1760 3036 1834 auctores3

638 1862 868 1929 saltem
908 1861 1195 1928 multum
1235 1864 1413 1928 abest
1451 1870 1526 1928 ut
1568 1862 1859 1929 dicamus
1905 1886 1981 1929 ex
2030 1865 2122 1929 eis
2169 1862 2336 1928 Vitis
2383 1883 2683 1949 apparere
2740 1863 3042 1925 Gramma-

640 1971 786 2034 ticos
822 1969 1271 2034 Alexandrinos
1309 1970 1471 2050 (sive
1511 1969 1873 2036 didascaliis
1914 1970 2164 2037 edoctos
2182 2017 2200 2049 ,
2242 1972 2380 2037 sive
2419 1971 2673 2056 proprio
2712 1970 3036 2049 acumine)

637 2075 1006 2142 Pirithoum
1050 2074 1349 2161 Euripidi
1396 2075 1814 2142 abiudicasse.

725 2290 850 2357 Sed
895 2292 1214 2378 conspirat
1251 2310 1401 2356 cum
1449 2288 1634 2354 Vitae
1677 2288 1948 2354 Maioris
1994 2296 2255 2356 auctore
2301 2290 2671 2356 Athenaeus
2719 2288 2884 2356 libro
2931 2288 3032 2354 XI

637 2395 770 2462 494
817 2398 1064 2483 ambigi
1104 2396 1318 2463 dicens
1355 2403 1580 2462 utrum
1617 2395 1962 2482 Euripides
2000 2397 2199 2463 fuerit
2235 2417 2315 2462 an
2352 2395 2587 2464 Critias
2625 2398 2739 2482 qui
2776 2398 3040 2482 scripsit

633 2501 1025 2569 Pirithoum!
1092 2540 1178 2553 —
1240 2504 1540 2568 Primum
1587 2502 1813 2567 dubito
1860 2524 2019 2567 num
2069 2506 2427 2589 conspirare
2471 2505 2613 2568 iure
2661 2502 2831 2569 dicas
2879 2524 3035 2569 cum

635 2611 961 2676 Athenaeo
1021 2612 1527 2696 grammaticum
1588 2610 1702 2693 (1111
1748 2608 1989 2674 indicet
2035 2610 2405 2675 Pirithoum
2454 2608 2815 2675 νοθεύεσθαι.
2863 2608 3037 2675 Nam

633 2717 1107 2794 ἀντιλεγόμενον
1169 2718 1382 2796 δρέὶμα
1445 2716 1802 2781 secundum
1865 2716 2272 2781 Athenaeum
2332 2716 2488 2793 fuit,
2549 2717 2595 2781 i.
2621 2736 2675 2781 e.
2724 2715 2801 2780 de
2847 2718 3034 2781 cuius

633 2829 891 2890 auctore
950 2829 1137 2903 (num
1199 2821 1540 2907 Euripides
1601 2819 1913 2888 Critiasne
1977 2826 2169 2904 esset)
2234 2821 2637 2887 dubitaretur
2682 2828 2747 2887 et
2792 2823 3036 2886 ἀντιλε-

632 2929 875 3007 γόμενα
937 2948 1187 3013 quoque
1249 2929 1372 2993 tria
1433 2930 1614 2994 novit
1674 2929 1947 3013 scriptor
2009 2928 2194 2993 Vitae
2258 2928 2523 2993 minoris.
2595 2925 2719 2993 Sed
2782 2926 3031 2993 nihilne

629 3048 888 3122 prorsus
966 3036 1234 3099 interest
1316 3035 1486 3099 inter
1554 3054 1714 3119 opus
1798 3034 2274 3113 ἀντιλεγόμενον
2352 3039 2417 3099 81
2500 3034 3029 3120 suppositicium‚

631 3138 1044 3217 νοθευόμενονῖ
1115 3138 1420 3208 0818111111
1489 3161 1698 3207 80888
1771 3138 2012 3209 Critiae
2084 3163 2313 3209 nomen
2382 3162 2641 3227 prorsus
2711 3140 2888 3207 deest
2951 3142 3025 3205 in

633 3246 846 3314 Vitis?

717 3356 852 3441 Ipsi
921 3355 1250 3421 Athenaeo
1318 3360 1637 3440 qnantum
1709 3357 2108 3421 auctoritatis
2174 3357 2244 3420 in
2305 3358 2676 3441 quaestione
2742 3354 3027 3421 literaria

629 3460 1034 3527 diiudicanda
1096 3462 1458 3526 tribuamus
1477 3509 1493 3539 ‚
1541 3462 1657 3527 vix
1706 3462 2051 3547 quisquam
2101 3465 2308 3548 rogat.
2359 3460 2502 3528 Hoc
2551 3482 2757 3527 unum
2800 3481 3025 3547 rogan—

629 3568 786 3634 dum
834 3572 930 3633 est
977 3570 1235 3633 cuinam
1283 3569 1530 3633 auctori
1577 3568 1804 3633 debeat
1847 3567 2017 3652 quod
2064 3573 2300 3661 narrat.
2358 3567 2430 3633 In
2478 3567 2597 3634 hac
2645 3573 2824 3654 parte
2867 3565 3023 3633 libri

625 3696 884 3762 prorsus
946 3682 1195 3741 certum
1256 3674 1324 3739 id
1369 3695 1492 3740 non
1541 3678 1656 3739 est.
1709 3673 1798 3739 Ut
1845 3672 2125 3759 plurima
2168 3676 2237 3739 in
2284 3672 2593 3760 Catalogo
2639 3672 3023 3760 poculorum

624 3784 719 3847 ita
756 3782 874 3846 hoc
907 3781 1184 3848 Pirithoi
1221 3780 1686 3867 fragmentum,
1730 3780 1898 3866 quod
1938 3780 2149 3846 verbis
2192 3782 2263 3860 ηδ
2302 3782 2405 3847 τὸν
2437 3781 2731 3861 Πειρίθοον
2756 3778 3022 3861 γράψας

626 3886 750 3952 εἴτε
792 3888 1041 3966 Κριτίας
1085 3887 1250 3953 ἐστὶν
1294 3886 1630 3966 ὃτύραννος
1659 3887 1692 3962 ἢ
1722 3886 2095 3966 Εὐριπίδης”
2122 3894 2420 3954 ornatum
2442 3892 2570 3967 est,
2598 3887 2813 3953 deberi
2834 3887 3023 3952 Pam-

626 3992 802 4079 philo
841 3993 1098 4059 dicitur.
1148 3993 1309 4059 Ecce
1350 3994 1576 4060 verba:
1625 3993 2111 4072 πλημοχόη·
2156 3998 2365 4066 σκεῦος
2415 3998 2747 4074 κεραμεοῦν
2788 3992 3021 4071 βεμβι-

626 4100 812 4171 κῶδες
861 4100 1089 4180 ἑδραῖον
1151 4102 1397 4181 ἡσυχῆ,
1462 4090 1490 4163 ὃ
1540 4100 1895 4165 κοτυλίσκον
1942 4098 2074 4166 ἔνιοι
2124 4099 2688 4181 προσαγορεύουσιν,
2738 4097 2811 4173 ὥς
2860 4106 3015 4180 Φησι

626 4205 990 4286 Πάμφιλος.
1034 4206 1307 4286 χρῶνται
1348 4205 1409 4271 δὲ
1450 4208 1616 4287 αὐτῷ
1646 4206 1705 4270 ἐν
1735 4208 2039 4273 Ἐλευσῖνι
2068 4218 2145 4286 τῇ
2173 4208 2511 4291 τελευταία
2536 4214 2651 4273 τῶν
2674 4207 3019 4287 μυστηρίων

626 4312 862 4396 ἡμέρα,
929 4301 996 4385 ἢν
1060 4311 1160 4377 καὶ
1225 4315 1341 4379 ἀπ’
1405 4313 1597 4378 αὐτοῦ
1660 4312 2179 4393 προσαγορεύουσι
2244 4312 2659 4393 πλημοχόας·
2726 4312 2785 4377 ἐν
2836 4308 2874 4395 ᾖ
2918 4311 3021 4378 δύο

625 4417 1004 4498 πλημοχόας
1071 4417 1502 4496 πληρώσαντες
1550 4420 1661 4494 την
1707 4419 1823 4496 μὲν
1870 4418 2015 4499 πρὸς
2065 4420 2415 4498 ἀνατολὰς,
2464 4420 2573 4495 την
2614 4419 2675 4485 δὲ
2722 4419 2869 4500 πρὸς
2917 4418 3017 4484 δύ-

625 4544 717 4594 σιν
764 4523 1204 4610 α’νατρέπουσιν
1253 4523 1645 4607 ἐπιλέγοντες
1692 4529 1862 4611 ῥῆσιν
1906 4524 2234 4607 μυστικήν.
2284 4526 2647 4604 μνημονεύει
2699 4526 2759 4596 δὲ
2806 4526 3009 4597 αὐτῶν
