3392 5384
633 392 768 458 248
1674 411 1988 461 nona-rus.

639 601 870 666 nempe
935 577 1272 657 Varronis,
1338 582 1449 664 qui
1494 578 1657 643 nihil
1704 578 1966 644 tradidit
2013 577 2091 643 de
2137 578 2313 643 fandi
2360 599 2593 665 genere
2640 600 2866 644 eorum
2913 583 3029 644 aut

638 687 835 752 stulto
897 694 1012 751 aut
1072 685 1360 770 loquaci,
1440 686 1550 750 sed
1613 688 1929 772 cogitavit
1993 689 2252 751 tantum
2315 685 2391 750 de
2461 684 2649 785 fando
2716 685 2847 750 fato
2916 683 3027 750 vel

635 794 854 859 futuro
901 793 1008 874 (cf.
1055 793 1128 856 L.
1157 793 1228 857 L.
1277 792 1364 857 VI
1413 790 1547 871 52).

726 898 894 966 Cum
963 907 1179 965 autem
1247 903 1512 965 initium
1581 900 1777 964 huius
1846 897 2074 964 scholii
2142 921 2267 964 non
2338 901 2554 963 minus
2623 901 2875 963 iustum
2938 900 3027 962 sit

636 1007 952 1086 (‚,Fatuus
989 1009 1208 1092 inepta
1246 1005 1607 1091 loquens”),
1649 1007 1769 1070 hoc
1808 1011 2021 1071 totum
2059 1005 2138 1070 ad
2166 1005 2490 1070 Donatum
2512 1005 2735 1070 refero,
2785 1007 3025 1069 Auctor

638 1122 856 1179 autem
906 1113 1131 1178 scholii
1181 1113 1326 1198 (10)
1374 1116 1660 1198 primum
1710 1113 2170 1191 eos·adoritur,
2220 1115 2333 1197 qui
2380 1113 2759 1178 dissentiant
2804 1113 2882 1176 ab
2921 1132 3020 1188 00,

638 1221 807 1306 quod
853 1221 1113 1285 doctum
1164 1228 1260 1285 est
1306 1223 1374 1284 in
1414 1217 1511 1301 (¹7)
1557 1221 1929 1296 „fatuum
1970 1241 2103 1285 esse
2144 1220 2359 1285 verbis
2400 1240 2471 1285 ac
2510 1219 2734 1296 dictis,
2775 1217 3029 1283 insul-

637 1349 816 1391 sum
864 1327 1047 1392 corde
1095 1334 1284 1412 atque
1332 1327 1614 1404 animo'',
1665 1327 1890 1392 deinde
1938 1335 2202 1414 etymon
2251 1327 2445 1392 refert
2492 1325 2720 1392 scholii
2760 1326 2876 1407 (6),
2918 1326 3029 1391 sed

639 1456 786 1499 cum
847 1433 1279 1499 additamento
1325 1436 1690 1498 recentiore.
1738 1433 2139 1519 Utrumque,
2188 1440 2252 1499 et
2300 1435 2480 1498 crisis
2526 1440 2590 1499 et
2636 1433 3030 1498 additamen-

637 1547 781 1604 tum
826 1540 1228 1617 istiusmodi,
1279 1541 1448 1604 cadit
1492 1543 1557 1605 in
1604 1539 1955 1604 Editorem.

729 1646 800 1710 In
849 1645 1231 1714 Commento
1276 1649 1485 1732 igitur
1531 1647 1793 1711 fuerunt
1842 1647 1967 1726 (2²)
2018 1646 2115 1726 (6)
2164 1643 2261 1727 (¹7)
2309 1646 2407 1727 (8)
2454 1646 2597 1728 (11)
2644 1645 2804 1726 (13),
2848 1647 3027 1710 iusto

639 1755 890 1831 ordine,
952 1774 1182 1838 nempe
1243 1755 1335 1818 ita
1398 1758 1472 1817 ut
1518 1759 1663 1838 post
1712 1753 2054 1819 verborum
2105 1751 2513 1839 singulorum
2559 1755 3034 1838 interpretatio-

637 1882 784 1925 nem
831 1859 1171 1940 (2?)—(8),
1223 1864 1525 1924 tractaret
1571 1881 1832 1924 versum
1878 1861 2211 1945 integrum
2258 1859 2401 1940 (11)
2448 1866 2513 1924 et
2560 1860 2636 1924 de
2683 1857 2909 1936 vultu,
2957 1859 3031 1923 id

638 1974 736 2032 est
798 1966 872 2032 de
937 1967 1450 2052 pronuntiatione
1515 1964 1676 2046 (13).
1749 1964 1926 2030 Haec
1972 1965 2198 2030 Editor
2244 1968 2441 2031 etiam
2488 1965 2703 2030 ordine
2747 1967 3029 2050 interpo-

637 2073 832 2138 lavit:
886 2073 980 2153 (4)
1030 2079 1094 2137 et
1141 2071 1238 2152 (5)
1287 2078 1431 2136 ante
1479 2071 1596 2152 (6),
1649 2071 1748 2152 (9)
1794 2079 1860 2136 et
1906 2071 2048 2152 (10)
2097 2078 2241 2157 post
2288 2071 2405 2152 (8),
2454 2072 2595 2153 (12)
2655 2078 2799 2156 post
2856 2072 3023 2152 (ll).

639 2178 1036 2264 Compilator
1093 2181 1368 2243 inseruit
1432 2183 1689 2243 tantum
1752 2183 1934 2243 not-as
1994 2177 2387 2265 marginales
2449 2178 2545 2259 (l)
2608 2175 2734 2258 (2¹³)
2793 2177 2889 2260 (3)
2942 2199 3026 2243 ex

636 2287 854 2354 ordine
901 2286 1244 2350 verborum
1292 2287 1357 2348 in
1402 2290 1590 2349 textu
1617 2283 1689 2365 ¹).

727 2393 887 2458 Ibid.
940 2391 1023 2456 53
1096 2391 1344 2456 Mirum
1381 2393 1458 2481 ,ni
1503 2390 1653 2456 illoc
1697 2392 1955 2456 homine
2004 2412 2258 2477 quoquo
2306 2397 2491 2476 pacto
2542 2412 2703 2476 opus
2749 2396 2845 2456 est

729 2500 822 2579 (1)
888 2499 1112 2564 Facete
1173 2498 1338 2563 dixit
1397 2497 1764 2563 adulescens
1827 2501 1919 2562 rei
1965 2519 2191 2583 parcus
2239 2505 2303 2563 et
2350 2501 2461 2583 qui
2508 2503 2696 2583 putat
2742 2519 3029 2563 amorem

639 2610 776 2671 sine
843 2606 1075 2671 damno
1146 2627 1279 2670 esse
1353 2611 1640 2690 oportere
1711 2607 1949 2690 quique
2018 2603 2318 2670 fefellerit
2388 2604 2828 2682 meretricem,
2899 2627 3031 2670 non

638 2711 847 2778 solum
917 2713 1275 2778 eiciendum
1345 2734 1469 2776 non
1536 2733 1670 2777 esse
1733 2711 2049 2790 militem,
2114 2713 2225 2778 sed
2286 2715 2485 2777 etiam
2548 2715 2777 2796 quovis
2836 2712 3029 2777 modo

638 2819 1086 2883 sustinendum
1155 2839 1225 2882 ac
1296 2819 1761 2904 perferendum.
1838 2857 1921 2867 —-
1996 2819 2091 2899 (2)
2157 2819 2455 2884 Obtinuit
2515 2821 2834 2904 parasitus
2895 2821 3029 2883 iam

639 2926 804 3011 quod
847 2926 1234 3011 negabatur:
1278 2928 1486 3011 primo
1520 2924 1979 3004 deliberatum,
2023 2931 2099 2990 ut
2140 2925 2339 3009 „quid
2373 2927 2630 3010 agimus
2646 2921 2713 2989 ‘I'’
2740 2931 2860 3005 (vs.
2890 2923 3028 3004 51),

637 3221 730 3274 τῆς
763 3219 923 3280 φωνῆς
958 3216 1112 3266 dictus
1145 3215 1272 3280 quod
1307 3230 1418 3264 voce
1452 3230 1548 3264 nou
1581 3213 1730 3278 siguis
1764 3214 1970 3264 ostendit
2005 3215 2186 3264 futura.
2223 3217 2366 3264 Dan.
2404 3213 2527 3262 VIII
2562 3215 2659 3264 314
2696 3214 2884 3264 Faunus
2918 3214 3025 3263 Pici

636 3301 765 3350 filius
815 3301 1008 3359 dicitur,
1053 3299 1137 3363 qui
1184 3315 1210 3348 a
1256 3298 1416 3357 fando,
1460 3298 1585 3362 qnod
1620 3297 1787 3346 futura
1821 3297 2131 3360 praediceret,
2167 3299 2357 3347 Faunus
2392 3297 2659 3362 appellatus
2692 3300 2763 3346 est
2799 3333 2813 3347 .
2834 3335 2845 3347 .
2867 3337 2877 3347 .
2916 3298 3025 3346 Hos

637 3385 824 3432 Faunos
856 3383 1002 3432 etiam
1039 3383 1214 3430 Fatuos
1249 3381 1430 3439 dicunt,
1466 3381 1592 3445 quod
1628 3395 1715 3444 per
1748 3383 1993 3445 stuporem
2028 3380 2187 3430 diviua
2222 3381 2553 3446 pronuntient.

705 3466 778 3514 Ad
814 3466 912 3514 Ge.
949 3465 974 3512 I
1011 3465 1076 3512 10
1111 3463 1318 3522 Faunus,
1354 3462 1437 3526 qui
1473 3461 1627 3510 dictus
1661 3465 1731 3510 est
1770 3478 1797 3510 a
1832 3461 1991 3511 fando.
2024 3462 2231 3527 Quidam
2262 3463 2316 3514 1⁴¹.
2345 3466 2518 3528 putant
2548 3462 2699 3511 dictos
2728 3461 2783 3511 ab
2810 3455 3025 3527 eo'quod

634 3547 852 3612 frugibus
889 3547 1094 3596 faveant.
1197 3546 1267 3595 Cf.
1307 3546 1364 3595 R.
1401 3545 1640 3608 Agahd‚
1676 3547 1792 3594 Ant.
1830 3561 1922 3595 rer.
1962 3545 2053 3595 div.
2091 3562 2137 3610 p.
2175 3545 2271 3594 193
2310 3547 2420 3597 adn.

704 3630 848 3678 Isid.
901 3630 1036 3691 Orig.
1074 3629 1117 3677 X
1154 3627 1250 3676 103
1303 3627 1481 3676 Fatuus
1527 3627 1633 3675 ideo
1678 3627 1982 3676 existimatur
2024 3627 2193 3686 dictus,
2240 3628 2353 3690 quia
2398 3643 2549 3692 neque
2582 3629 2707 3692 quod
2741 3629 2871 3678 fatur
2905 3629 3026 3694 ipse,

639 3729 790 3777 neque
823 3713 948 3776 quod
985 3711 1069 3760 alii
1105 3711 1270 3760 dicunt
1306 3709 1552 3773 iutelligit.
1589 3710 1764 3758 Fatuos
1798 3710 2035 3774 originem
2073 3711 2244 3759 ducere
2280 3710 2476 3774 quidam
2512 3714 2687 3776 putant
2720 3727 2747 3760 a
2782 3712 3027 3761 miratori-

636 3794 722 3844 bus
767 3796 963 3852 Fatuae,
1008 3794 1159 3842 Fauni
1205 3793 1367 3842 uxoris
1410 3793 1646 3850 fatidicae,
1695 3808 1867 3856 eosque
1902 3793 2113 3857 primum
2147 3793 2326 3843 Fatuos
2361 3794 2641 3858 appellatos,
2672 3795 2799 3858 qnod
2833 3797 3027 3859 praeter

638 3879 832 3927 modum
867 3875 1179 3940 obstupefacti
1214 3877 1325 3924 sunt
1362 3874 1600 3923 vaticiniis
1635 3873 1769 3922 illius
1806 3883 1949 3938 usque
1984 3875 2042 3922 ad
2080 3875 2353 3933 amentiam.

710 3962 762 4023 l)
810 3958 1070 4008 Rabbow
1117 3958 1166 4006 in
1214 3956 1377 4006 libello
1422 3958 1480 4005 de
1519 3959 1638 4005 Don.
1674 3971 1848 4005 comm.
1884 3957 1933 4005 in
1969 3957 2076 4005 Ter.
2112 3973 2158 4022 p.
2197 3958 2292 4006 312
2327 3960 2375 4006 et
2410 3957 2525 4006 haee
2558 3957 2738 4006 scholia
2769 3958 2938 4008 >attulit
2972 3962 3026 4008 et

637 4060 692 4092 ea
743 4058 863 4106 quae
913 4043 1053 4090 modo
1097 4043 1369 4106 persecutus
1413 4055 1516 4089 sum
1553 4041 1610 4089 ad
1647 4055 1712 4088 vs.
1748 4040 1833 4097 42,
1872 4043 1924 4088 ut
1960 4039 2230 4089 luculenter
2265 4045 2517 4105 appareret
2556 4040 2773 4089 „Scholia
2807 4041 3028 4090 Donatea

639 4142 695 4174 ex
747 4123 927 4174 duobus
969 4125 1347 4188 (excerptorum)
1380 4111 1736 4171 commentariis
1770 4122 2050 4172 concinnata
2086 4123 2216 4172 esse’'
2250 4126 2313 4188 (p.
2354 4123 2487 4184 311).
2524 4124 2644 4172 Cum
2681 4127 2839 4173 autem
2876 4124 2959 4172 ille
2996 4142 3027 4174 ο

639 4208 766 4258 nuda
810 4205 1117 4264 scholiorum,
1164 4205 1438 4253 litterarum
1471 4205 1626 4253 forma
1659 4204 2014 4265 distinctorum,
2047 4205 2287 4263 citatione,
2324 4205 2424 4254 sine
2462 4205 2560 4255 ulla
2595 4207 3033 4270 argumentatione,

639 4289 873 4354 duplicem
921 4289 1060 4338 illum
1095 4290 1484 4337 commentarium
1519 4288 1616 4336 iam
1651 4303 1893 4351 emergere
1928 4291 1975 4337 et
2012 4285 2094 4336 ἐπ’
2122 4285 2391 4351 αὐτοφώρῳ
2429 4289 2714 4352 deprehendi
2752 4305 2883 4354 posse
2917 4305 3029 4339 cen-

639 4373 805 4431 suerit,
855 4371 978 4419 nihil
1027 4373 1101 4420 est
1146 4371 1271 4434 quod
1319 4371 1604 4433 redarguere
1649 4370 1825 4434 possim
1871 4387 2072 4435 eumque
2118 4371 2293 4420 tacitus
2342 4375 2552 4422 transeo.
2606 4372 2691 4420 Est
2724 4373 2930 4436 quidem,
2967 4378 3026 4424 ut

637 4453 723 4501 ille
761 4453 844 4512 ait,
878 4456 1199 4502 commentum
1238 4455 1536 4502 ‚monstrum
1567 4450 1818 4510 biforme”,
1852 4454 1932 4501 sed
1967 4470 2022 4502 ea
2055 4455 2236 4504 ratione
2266 4457 2325 4513 ,ut
2354 4453 2413 4504 ab
2441 4453 2594 4504 altera
2622 4460 2758 4521 parte
2786 4455 3023 4508 sinceram

639 4535 836 4596 Donati,
869 4535 926 4584 ab
962 4536 1113 4584 altera
1149 4535 1321 4584 miram
1355 4533 1566 4584 Editoris
1599 4536 1800 4600 figuram
1838 4537 2071 4586 ostendat.
