3392 5384
1181 414 1437 464 Murcus
1481 415 1857 464 Auronmus.
2134 450 2144 456 .
2632 395 2716 463 75

329 582 572 654 ταύτης
621 581 711 652 τίς
737 629 752 658 ,
804 580 973 664 quod
1020 579 1243 645 deinde
1279 579 1622 646 infeliciter
1660 581 1732 644 in
1771 579 1943 655 μετὰ
1982 582 2193 644 ταῦτα
2234 603 2326 648 τις
2366 586 2724 646 correctum

329 693 461 765 est,
506 688 858 771 requiritur
903 687 1079 750 enim
1125 686 1294 761 μετὰ
1344 686 1600 763 ταύτην,
1650 684 1821 769 quod
1865 687 2000 750 iam
2046 685 2216 750 vidit
2256 684 2456 774 Stich.
2497 684 2723 770 Itaque

330 795 423 857 sic
483 791 703 857 locum
762 791 1042 876 refingo:
1108 792 1278 868 μετὰ
1342 791 1575 866 ταύτην
1626 795 1658 866 ἦ
1723 790 1881 868 μέση
1940 790 2225 870 κωμῳδία
2276 791 2380 855 καὶ
2429 794 2639 856 λοιπὸν
2685 794 2720 867 ἧ

335 899 372 972 ἦ
434 897 539 961 νέα
605 897 746 978 πρὸς
795 899 861 962 τί
904 921 1053 961 ποτε
1101 899 1276 963 κακὲ.
1339 895 1554 962 Simili
1600 897 1790 962 modo
1837 900 1906 960 in
1952 897 2163 962 verbis
2213 899 2503 982 proxime
2549 902 2724 962 ante-

334 1004 704 1069 cedentibus
764 1003 869 1068 καὶ
918 1013 1026 1079 τῆς
1075 1004 1351 1083 α’τυφίας
1399 1005 1507 1068 οὐκ
1553 1003 1884 1082 ἀχρήστως
1933 1003 2005 1067 δι’
2056 1005 2247 1077 αὐτῆς
2298 1009 2406 1075 τῆς
2457 1005 2725 1082 εὐθυρρη-

330 1108 599 1186 μοσύνης
665 1109 1250 1194 ὑπομιμνήσκουσα·
1313 1109 1464 1189 ,πρὸς
1523 1103 1639 1173 οἷόν
1703 1133 1763 1173 τι
1814 1108 1918 1174 καὶ
1970 1109 2263 1185 Διογένης
2312 1108 2495 1174 ταυτὶ
2544 1133 2730 1190 παρε-

329 1215 670 1293 λάμβανε,
733 1213 1072 1280 nescio'an
1116 1237 1231 1300 pro
1279 1204 1670 1282 subobscuro
1720 1215 1909 1280 ταυτί
1957 1214 2307 1303 legendum
2354 1217 2440 1280 sit
2486 1215 2724 1289 ταύτην

331 1342 418 1387 sc.
460 1323 568 1394 τὴν
607 1320 1132 1400 εὐθυρρημοσύνην.
1183 1320 1472 1407 Denique
1521 1323 1797 1406 suspicio
1846 1321 2013 1385 mihi
2058 1327 2198 1386 orta
2245 1326 2342 1385 est
2382 1322 2579 1387 verba
2614 1320 2730 1386 illa

332 1426 477 1506 πρὸς
532 1429 597 1491 τί
652 1450 801 1490 ποτε
861 1429 1321 1507 παρείληπται,
1385 1448 1545 1512 quae
1606 1429 1721 1492 Vix
1778 1425 2122 1512 intellegO,
2172 1427 2546 1513 corrigenda
2591 1447 2727 1492 esse

332 1535 474 1612 πρὸς
525 1534 588 1596 τί
637 1557 785 1597 ποτε
836 1534 1268 1611 παρείσηκται.
1316 1533 1456 1599 Vox
1502 1532 1965 1612 παρελάμβανε
2013 1535 2308 1618 Ρῐοκίωθ
2356 1534 2729 1599 antecedens

327 1643 569 1708 vitium
617 1641 936 1724 peperisse
987 1639 1261 1705 videtur.

420 1855 583 1922 Ibid.
637 1854 742 1922 18.
809 1855 912 1919 καὶ
973 1862 1201 1936 πρῶτον
1248 1856 1341 1927 τίς
1393 1859 1426 1932 ἦ
1476 1855 1618 1935 πρὸς
1667 1855 2006 1937 ἀνθρώπους
2045 1880 2145 1932 μοι
2195 1856 2447 1936 σχέσις;
2496 1845 2719 1922 Minus

330 1962 606 2028 feliciter
674 1961 857 2027 Stich
914 1961 1254 2027 lectionem
1315 1963 1651 2041 ἀνθρώπους
1675 2009 1691 2040 ,
1761 1965 1828 2027 in
1893 1983 2017 2048 qua
2079 1966 2303 2048 utique
2364 1961 2715 2027 articulum

331 2067 682 2144 desideras,
732 2088 811 2131 ex
858 2067 994 2132 cod.
1042 2069 1177 2132 Mo.
1220 2067 1282 2133 2.
1332 2070 1696 2146 arcessivit,
1748 2089 1898 2134 cum
1943 2067 2134 2134 lectio
2185 2066 2454 2153 vulgata
2492 2068 2717 2139 αὐτούς

330 2178 396 2238 et
442 2176 686 2258 optime
735 2193 802 2236 se
840 2173 1104 2238 haberet
1141 2177 1205 2238 et
1242 2175 1461 2258 ipsum
1500 2174 1818 2240 scribendi
1855 2194 2059 2259 genus
2100 2175 2413 2238 Antonini
2435 2173 2715 2251 referret,

332 2278 411 2344 cf.
463 2299 517 2343 e.
567 2300 665 2364 gr.
717 2276 825 2344 VI.
879 2276 984 2357 50,
1034 2277 1172 2343 VII.
1224 2278 1332 2344 34.

422 2480 586 2546 Ibid.
634 2479 789 2545 ibid.
841 2479 944 2543 καὶ
994 2478 1054 2544 εί
1094 2503 1263 2543 τινων
1315 2478 1378 2543 δὲ
1426 2480 1900 2557 ἁμαρτημάτων
1948 2480 2200 2562 οὶπὲχη,
2250 2480 2425 2545 ἄλλα
2477 2481 2587 2556 τήν
2634 2504 2717 2558 γε

329 2583 454 2661 ἕξιν
503 2590 816 2661 ποιητικὴν
865 2586 1054 2666 ἔχεις.
1102 2586 1440 2666 Quantivis
1487 2588 1680 2671 pretii
1727 2591 1823 2651 est
1868 2587 2187 2671 exquisita
2232 2586 2423 2652 lectio
2473 2586 2608 2651 cod.
2659 2589 2718 2652 A

327 2690 450 2767 ἕξιν
499 2694 860 2770 ἔποιστικήν,
910 2713 1106 2777 quam
1153 2694 1483 2777 aptissime
1529 2690 1816 2757 illustrat
1863 2712 1926 2757 v.
1969 2678 2052 2757 cL'
2094 2691 2402 2758 Fournier
2446 2692 2714 2758 laudans

328 2797 618 2884 Simplic.
670 2797 883 2864 Schol.
930 2801 1000 2862 in
1046 2799 1242 2863 Arist.
1294 2796 1377 2862 69
1396 2798 1457 2862 b.
1509 2797 1571 2862 2.
1623 2797 1731 2862 Br.

421 3016 582 3081 Ibid.
644 3016 802 3081 ibid.
866 3018 1012 3097 παρ’
1077 3016 1261 3081 αὐτὸν
1326 3018 1546 3082 ἐκεῖνον
1610 3017 1714 3080 τὸν
1762 3015 1987 3096 καιρόν,
2036 3015 2139 3081 ὅτε
2186 3017 2354 3081 κακοὶ
2404 3023 2596 3081 ποιεῖν
2643 3039 2713 3080 σε

331 3123 655 3204 ἐπιχειρεῖ.
702 3121 921 3188 Multo
968 3121 1202 3187 melius
1252 3122 1388 3188 cod.
1436 3125 1495 3188 A
1542 3129 1888 3187 κακοποιεῖν
1936 3122 2217 3187 exhibet.

421 3340 580 3406 Ibid.
635 3339 738 3405 19.
803 3337 894 3405 ὅτι
950 3345 1126 3406 τοῦτο
1190 3341 1536 3418 ἡττωμένου
1586 3343 1713 3406 ἐστὶ
1766 3341 1868 3406 κα.)
1923 3339 2566 3416 ὑποκατακλινομένου
2613 3343 2718 3410 τοῦ

333 3451 394 3512 ἐν
433 3451 522 3510 σοὶ
573 3447 858 3524 θειοτέρου
906 3446 1116 3524 μέρους
1170 3456 1246 3528 τῇ
1294 3448 1633 3532 ἀτιμοτέρα
1684 3450 1788 3511 καὶ
1840 3449 2020 3527 θνητῇ
2070 3449 2283 3530 μοίρᾳ,
2334 3457 2410 3527 τῇ
2460 3451 2565 3511 τοῦ
2614 3447 2724 3511 σώ-

331 3575 532 3628 ματος
583 3552 687 3616 καὶ
737 3560 882 3624 ταῖς
929 3543 1154 3618 τούτου
1193 3554 1499 3632 παχείαις
1548 3555 1759 3625 ἰδέαις.
1811 3553 1935 3618 Pro
1977 3554 2189 3619 verbis
2229 3553 2483 3618 ultimis
2521 3555 2720 3618 mani·

328 3659 491 3723 festo
531 3661 843 3744 corruptis
871 3658 1183 3737 παχείαις
1207 3660 1490 3726 ΞΔΕΛΙΟ
1515 3661 1980 3726 substitueram
2004 3661 2331 3741 τραχείαις
2359 3660 2391 3734 ἦ
2422 3668 2715 3724 AEIAIC

328 3766 750 3842 (κινήσεσιν),
817 3764 897 3829 cf.
959 3785 1013 3828 e.
1062 3786 1160 3851 gr.
1211 3765 1286 3831 V.
1337 3765 1424 3831 26
1486 3767 1598 3831 ὑπὸ
1647 3775 1761 3841 τῆς
1810 3769 1869 3830 ἐν
1912 3776 1988 3847 τῇ
2039 3766 2215 3844 σαρκὶ
2267 3767 2440 3834 λείας
2489 3765 2523 3840 ἢ
2574 3788 2717 3843 τρα-

325 3870 510 3949 χείας
553 3871 856 3943 κινήσεως.
907 3869 1047 3934 Iam
1084 3869 1272 3936 video
1315 3873 1452 3937 viro
1490 3871 1845 3937 clarissimo
1885 3871 2195 3937 Fournier
2232 3871 2407 3936 idem
2444 3869 2711 3968 placere.

418 4072 581 4138 Ibid.
633 4073 742 4140 20.
810 4075 894 4138 τὰ
958 4083 1244 4154 στοιχεῖα
1297 4076 1592 4141 ὑπακούει
1642 4084 1771 4148 τοῖς
1823 4070 2017 4155 ὅλοις,
2068 4075 2314 4140 ἐπειδάν
2362 4099 2477 4140 που
2526 4100 2720 4142 κατα-

325 4179 534 4260 ταχθῇ
597 4178 705 4242 σὺν
765 4179 884 4262 βία
932 4179 1234 4259 μένοντα,
1283 4181 1508 4264 μέχρις
1569 4181 1646 4250 ἂν
1693 4184 1891 4260 κ.τ.ἑ.,
1942 4181 2288 4267 Distingue
2337 4184 2716 4264 καταταχθῇ

323 4284 435 4348 σὺν
499 4284 652 4367 βία,
716 4284 976 4360 μένοντα
1034 4286 1257 4366 μέχρις
1315 4286 1391 4352 ἂν
1444 4289 1642 4367 nme„
1693 4289 1774 4354 cf.
1822 4286 2042 4373 paullo
2089 4288 2255 4353 infra
2303 4289 2497 4354 καίτοι
2551 4289 2717 4354 οὐδέν

327 4414 409 4467 γε
453 4389 658 4466 βίαιον
705 4389 898 4472 τούτῳ
947 4390 1380 4458 ἐπιτάσσεται.
