3392 5384
708 401 839 468 194
1750 423 2060 473 pommus.

697 584 1127 651 adulescentia
1174 587 1366 652 bonos
1427 587 1813 655 insultavit’'
1849 591 1915 668 ¹).
2032 590 2139 657 Sic
2204 589 2386 667 Don.,
2433 592 2535 657 ΙΡ
2581 591 2703 657 hoc
2751 590 3089 676 ampliavit

696 695 765 756 in
810 691 941 774 (3):
1006 693 1179 758 Mira
1223 692 1585 780 loquentia,
1626 698 1699 760 ‘in
1749 717 1874 782 qua
1919 701 2192 782 utraque
2245 698 2555 777 ὑπερβολή
2605 699 3090 783 expressissima

697 804 826 876 est3
875 820 1026 864 nam
1074 821 1277 884 neque
1328 821 1498 880 „uno
1546 802 1871 888 digit-ulo''
1913 806 2128 868 minus
2167 803 2414 890 aliquid
2451 804 2581 868 dici
2623 809 2836 890 potest
2881 825 3089 890 neque

700 926 795 983 „c.
846 926 894 970 e.
943 904 1110 971 ins.'’
1158 911 1272 971 aut
1318 893 1599 993 amplius
1647 915 1761 973 aut
1807 911 2162 995 ingentius,
2823 910 2889 976 S.
2939 932 2991 976 c.

785 1010 947 1076 Ibid.
999 1010 1082 1077 57
1148 1013 1319 1078 Mira
1365 1035 1515 1079 vero
1561 1015 1764 1080 militi
1811 1037 1970 1100 quae
2017 1017 2307 1102 placeant

787 1117 946 1184 Don.
1013 1119 1110 1199 (2)
1174 1119 1432 1198 „Mira”
1498 1143 1612 1207 pro
1661 1125 1942 1202 mirum,
1997 1123 2200 1210 Verg„
2234 1125 2289 1205 (I
2339 1123 2498 1205 669)
2548 1131 2738 1202 „nota
2789 1125 2975 1203 tibi’',
3023 1131 3092 1190 et

694 1229 791 1289 est
837 1225 1075 1302 ironia,
1125 1233 1275 1291 cett.
1352 1227 1452 1291 IP
1500 1227 1597 1309 (3)
1644 1229 1866 1294 Potest
1914 1236 2128 1295 tamen
2177 1235 2240 1296 et
2289 1229 2627 1316 pluraliter
2671 1230 2990 1319 intellegi.

694 1329 834 1396 Hoc
882 1331 1143 1415 quidem
1187 1332 1266 1398 D.
1316 1355 1441 1398 non
1489 1337 1775 1421 negavit.
1845 1363 1859 1368 -
2823 1338 2888 1403 S.
2937 1359 2992 1402 c.

780 1573 843 1639 II
893 1575 953 1640 3.
984 1575 1017 1639 1
1070 1574 1167 1657 (3)
1218 1576 1521 1654 „Occidi”
1571 1578 1812 1662 produc
1861 1579 2143 1644 mediam
2189 1579 2508 1666 syllabam
2559 1582 2754 1646 huius
2795 1583 2976 1647 verbi
3017 1588 3087 1647 et

692 1684 1082 1746 contrarium
1145 1682 1485 1769 significat.
1672 1685 2016 1752 Adnotatio
2081 1686 2462 1752 scholastica
2525 1708 2562 1751 a
2609 1687 2857 1753 Donato
2907 1689 3092 1753 abiu-

691 1787 977 1853 dicanda.
1025 1789 1257 1854 Sabb.
1308 1793 1708 1876 comparavit
1754 1792 1948 1858 Probi
1995 1792 2412 1877 appendicem
2459 1791 2544 1857 IV
2591 1815 2652 1879 p.
2703 1792 2856 1859 203.
2886 1792 2992 1858 33.

780 1893 943 1960 Ibid.
994 1895 1035 1958 8
1099 1896 1223 1961 Hic
1270 1919 1421 1962 vero
1469 1904 1565 1962 est
1611 1900 1724 1982 qui
1771 1901 1826 1963 si
1873 1901 2185 1984 occeperit
2923 1983 2936 1992 „

780 2002 877 2081 (l)
940 2001 1179 2066 Utrum
1241 2024 1432 2068 senex
1494 2025 1572 2068 an
1638 2002 1958 2070 Chaerea?
2007 1996 2118 2070 sed
2165 2027 2355 2070 senex
2401 2009 2638 2091 potius.
2713 2005 2809 2086 (2)
2855 2005 3083 2071 Senex.

688 2106 785 2186 (3)
832 2105 1133 2174 Chaerea.
1274 2111 1499 2174 Omnis
1564 2110 1882 2175 dubitatio
1945 2111 2205 2176 exclusa
2268 2115 2397 2188 est,
2447 2114 2602 2196 quin
2652 2115 2735 2176 sit
2783 2111 3084 2178 Chaerea.

692 2213 925 2279 Sabb.
998 2213 1247 2280 Donato
1313 2222 1529 2282 tamen
1592 2216 1768 2281 dedit
1829 2218 1947 2297 (l),
2012 2221 2123 2282 vix
2181 2225 2384 2295 recte3
2453 2217 2701 2302 reliqua
2762 2217 3085 2284 inclinatis

694 2319 932 2386 litteris
978 2321 1199 2386 edidit.

784 2425 947 2491 Ibid.
999 2427 1085 2492 10
1169 2428 1405 2493 Praeut
1450 2429 1645 2494 huius
1691 2431 1898 2494 rabies
1945 2450 2104 2514 quae
2152 2429 2329 2494 dabit

786 2530 884 2614 (4)
945 2532 1088 2598 Hic.
1134 2556 1211 2598 ex
1269 2542 1448 2620 parte
1494 2536 2001 2616 χαρακτηρισμός
2050 2535 2205 2616 (vid.
2249 2557 2312 2601 v.
2363 2535 2440 2617 1.)
2489 2535 2752 2620 quidam
2801 2543 2897 2602 est
2945 2557 3083 2622 per-

695 2659 882 2703 sonae
920 2637 1267 2718 Chaereae,
1310 2663 1504 2726 quem
1546 2643 1833 2706 moribus
1872 2643 2104 2708 conicit
2143 2662 2366 2707 servus
2404 2642 2832 2707 ardentiorem
2865 2663 3079 2708 amore

695 2744 831 2809 fieri
874 2767 1091 2831 posse,
1132 2747 1329 2812 simul
1366 2751 1643 2833 coeperit
1672 2747 1744 2828 ²).
1827 2797 1848 2812 .
1894 2747 2366 2834 Compendium
2407 2748 2818 2814 liberrimum
2853 2749 3084 2815 scholii

694 2851 1081 2936 amplissimi
1144 2853 1310 2937 quod
1361 2856 1653 2939 sequitur
1699 2854 1976 2919 Donati:
2048 2854 2144 2935 (5)
2192 2855 2317 2919 Hic
2365 2855 2724 2920 ostenditur
2770 2857 2902 2919 iam
2950 2858 3079 2940 pri-

696 2957 842 3024 dem
905 2965 1121 3024 motus
1181 2961 1250 3023 in
1314 2981 1411 3024 res
1473 2963 1763 3026 venerias
1826 2959 2142 3038 Chaerea,
2210 2983 2262 3026 e.
2291 2983 2349 3046 q.
2377 2983 2426 3026 s.
2611 2961 2700 3026 Ut
2747 2962 2866 3027 hoc
2914 2967 3083 3026 recte

694 3067 1071 3150 proscripsit
1118 3065 1373 3145 sabb„
1417 3069 1511 3131 ita
1558 3069 1618 3132 ei
1664 3089 1791 3132 non
1835 3069 2143 3133 assentior
2190 3067 2267 3132 de
2315 3066 2410 3148 (3)
2459 3072 2522 3133 et
2569 3067 2792 3132 dubito
2839 3067 2917 3133 de
2965 3068 3084 3148 (2).

786 3170 949 3236 Ibid.
1002 3171 1081 3235 11
1146 3171 1232 3236 Di
1280 3172 1557 3258 deaeque
1605 3193 1825 3239 omnes
1872 3176 2122 3239 senium
2170 3173 2438 3258 perdant

785 3276 885 3358 (2)
952 3275 1110 3342 Plus
1181 3277 1344 3343 dixit
1409 3279 1748 3356 „senium”
1813 3300 2008 3364 quam
2072 3279 2398 3357 „senem'',
2461 3300 2576 3345 nec
2640 3281 2896 3344 mireris
2944 3285 3089 3365 post

697 3383 1036 3462 „senium”
1088 3384 1285 3470 „qui”
1336 3385 1662 3464 additum,
1714 3408 1836 3451 non
1889 3387 2168 3472 „quod’',
2215 3387 2358 3451 ideo
2401 3389 2552 3471 quia
2592 3385 3084 3451 declinationem

695 3490 773 3555 ad
832 3489 1235 3556 intellectum
1296 3492 1583 3569 rettulit,
1648 3498 1725 3557 ut
1785 3491 1942 3557 alibi
2005 3494 2114 3570 „in
2178 3492 2563 3557 Eunuchum
2614 3491 2844 3556 suam'’
2894 3491 3085 3577 (prol.

698 3595 832 3676 32).
882 3634 967 3646 -
1016 3595 1112 3678 (3)
1157 3597 1243 3662 Et
1288 3619 1535 3664 senex
1580 3599 1661 3663 ad
1709 3603 1986 3664 aetatem
2037 3599 2329 3677 refertur,
2377 3603 2698 3665 senium
2746 3599 2826 3664 ad
2875 3601 3088 3665 convi-

764 3905 816 3969 1)
869 3905 1015 3954 Hunc
1064 3903 1176 3953 Sal
1198 3904 1213 3953 l
1234 3920 1305 3953 us
1324 3903 1381 3953 ti
1430 3903 1589 3953 locum
1643 3906 1886 3953 Donatum
1932 3903 2027 3952 iam
2070 3903 2344 3968 cognovisse
2393 3905 2647 3968 antequam
2697 3904 2756 3952 ed
2802 3903 3082 3952 Terentium

694 4003 863 4037 manue
910 3986 1157 4036 adhiberet
1203 3989 1401 4053 apparet
1446 4003 1501 4035 ex
1548 3986 1759 4036 eiusdem
1793 3986 2021 4035 citatione
2053 3987 2178 4052 apud
2213 3988 2345 4036 Serv.
2381 3986 2442 4035 ad
2481 3989 2596 4035 Aen.
2631 3985 2701 4034 IX
2741 3987 2858 4045 631,
2890 3986 2934 4034 X
2969 3987 3083 4045 643,

693 4069 819 4133 quod
872 4084 1040 4118 moneo
1086 4070 1281 4134 propter
1332 4085 1386 4117 ea
1437 4084 1557 4132 quae
1606 4069 2016 4118 wesenerus
2061 4067 2328 4133 suspicatur
2375 4068 2433 4117 de
2481 4071 2702 4133 Aspre
2737 4067 2919 4116 Donati
2955 4068 3086 4116 fonte

692 4151 838 4200 etiam
868 4150 921 4199 in
954 4150 1115 4200 citatis
1148 4150 1452 4200 Sallustianis
1486 4151 1647 4216 (Actu.
1684 4153 1853 4216 Asper,
1889 4151 1966 4200 ein
2003 4150 2202 4214 Beitrag
2237 4165 2276 4199 z.
2314 4153 2434 4200 rt'im.
2461 4150 2556 4200 litt.
2587 4149 2741 4214 gesch.
2776 4148 2924 4198 Helle
2957 4149 3084 4199 1905

692 4249 741 4297 p.
779 4233 843 4282 39
879 4231 1033 4295 alibi).

761 4315 815 4374 2)
860 4316 1021 4364 Genus
1067 4314 1250 4365 dicendi
1296 4315 1549 4366 obscurum
1597 4332 1799 4381 vagum,
1846 4315 2168 4375 salebrosum,
2203 4331 2440 4379 nusquam
2474 4314 2574 4363 fere
2601 4315 2944 4375 demonstravi,
2978 4331 3083 4364 cum

695 4398 879 4445 attento
926 4396 1095 4445 lectori
1138 4397 1188 4446 in
1233 4397 1394 4447 oculos
1430 4399 1587 4459 saliat,
1623 4398 1773 4448 veluti
1819 4397 1922 4448 h.l.
1959 4397 2088 4462 Quid
2126 4396 2215 4446 sibi
2252 4396 2372 4446 vult.
2413 4412 2496 4445 nex
2530 4393 2702 4460 μήθ’
2739 4398 2787 4445 et
2829 4394 3082 4460 ‚quidam”

692 4482 741 4527 et
772 4478 913 4527 ablat.
957 4478 1265 4528 ‚moribus”P
1300 4481 1364 4530 Et
1397 4497 1542 4546 quam
1578 4481 1732 4530 debile
1769 4483 1840 4530 eet
1877 4479 2230 4530 ,ardentiorem
2267 4495 2430 4529 amore
2467 4479 2568 4528 fieri
2607 4478 2772 4543 poeee'’
2809 4480 2867 4528 dc
2905 4479 3084 4528 edules·

692 4563 827 4610 cente
861 4560 912 4610 in
948 4575 1023 4610 res
1055 4561 1269 4612 veneriae
1304 4562 1532 4612 irruente.
