3392 5384
1201 1109 1975 1203 HOMERIOA.

1455 1346 1704 1389 SORIPSI'I'

1017 1527 1075 1593 J.
1143 1527 1345 1593 VAN
1421 1489 1941 1597 Lssjmnwm
1986 1530 2128 1596 m.

834 1681 1311 1758 (Contmuantur
1357 1703 1388 1744 e
1447 1681 1576 1746 Vol.
1625 1681 1913 1746 XXXIV
1938 1705 2087 1764 pay.
2137 1681 2318 1762 410.)

1365 1969 1791 2012 *ΞΘ-*-

1422 2209 1733 2276 XXXIII.

1202 2410 1288 2456 nu
1335 2409 1640 2458 unsroms
1687 2409 1956 2456 muru.

479 2572 551 2637 In
597 2571 869 2638 Victoris
916 2573 1216 2659 Hugonis
1265 2572 1543 2657 quodam
1591 2573 1876 2638 dramate
1926 2578 2141 2650 „tace‚
2189 2575 2443 2639 ¹iuvenis
2466 2571 2526 2638 !''
2591 2581 2775 2660 pater

389 2681 820 2764 nonagenario
866 2681 1068 2743 maior
1111 2681 1396 2762 increpat
1441 2677 1650 2742 filium
1702 2680 2269 2763 septuagenarium
2301 2677 2364 2763 ¹).

478 2783 804 2849 Similisne
849 2785 1186 2850 intercedit
1231 2786 1393 2849 ratio
1440 2785 1608 2848 inter
1652 2784 1989 2849 Nestorem
2036 2784 2457 2849 Homericum
2496 2790 2559 2849 et
2596 2786 2777 2851 Anti-

385 2887 690 2956 lochum?
738 2889 916 2956 Itane
967 2889 1177 2967 „vs'oq”
1227 2891 1330 2954 hic
1378 2909 1414 2954 a
1461 2911 1606 2954 sene
1655 2890 1865 2955 dictus
1910 2889 2381 2977 intellegendus
2429 2896 2559 2956 est:

937 2992 1015 3074 »ἦ
1061 3019 1151 3060 τοι
1200 2995 1314 3070 μέν
1360 3018 1430 3060 σε
1478 2995 1602 3060 νέον
1648 3020 1759 3074 περ
1812 2995 1963 3060 ἐόντ’
2009 2997 2321 3077 ἐφίλησαν

662 3100 817 3173 Ζεύς
864 3126 933 3166 τε
980 3100 1326 3166 Ποσειδάων
1372 3100 1488 3165 τε”
1516 3098 1611 3182 2)?

480 3207 661 3273 Talia
705 3211 760 3273 si
797 3211 939 3294 quis
975 3214 1234 3293 rogaret
1272 3207 1543 3272 Homeri
1581 3207 1935 3285 studiosos,
1976 3229 2165 3273 nemo
2205 3229 2327 3273 non
2369 3210 2599 3275 rideret
2635 3213 2774 3276 eius

387 3314 783 3397 imperitiam
853 3334 1056 3399 neque
1125 3315 1438 3398 castigare
1509 3313 1772 3377 haberet
1833 3333 2057 3397 operae
2121 3316 2422 3398 pretium.
2487 3315 2571 3380 Et
2631 3315 2775 3380 aliis

388 3419 670 3503 profecto
741 3439 931 3484 verus
1006 3420 1261 3482 iuvenis
1323 3416 1659 3482 videbatur
1724 3416 2135 3494 Antilochus,
2200 3417 2469 3484 Achillis
2540 3419 2775 3485 sodalis

386 3526 954 3608 generosissimus,
1018 3524 1444 3598 fortissimuS,
1491 3520 1702 3585 laudis
1748 3521 2013 3599 avidus,
2065 3543 2252 3607 quem
2304 3525 2522 3589 virum
2568 3530 2775 3590 matu-

385 3651 532 3694 rum
563 3627 613 3709 ³)
677 3628 782 3696 vel
841 3632 1039 3696 etiam
1103 3630 1418 3694 seniorem
1482 3626 1723 3712 fingere
1786 3628 1913 3692 sibi·
1967 3631 2191 3713 nequit
2237 3631 2597 3716 quicunque
2646 3651 2776 3696 car-

386 3736 640 3800 minum
687 3737 1012 3820 epicorum
1059 3715 1478 3818 veter⁰umque
1527 3733 1905 3817 mythorum
1953 3756 2079 3800 non
2126 3734 2314 3820 plane
2351 3743 2448 3801 est
2486 3739 2772 3822 ignarus.

475 3842 563 3905 At
609 3839 829 3906 florido
878 3839 1028 3905 huic
1073 3840 1298 3905 iuveni
1345 3838 1471 3902 fuit
1517 3843 1699 3924 pater
1747 3841 1852 3903 cui

1202 3943 1302 4008 δύο
1352 3945 1462 4019 μὲν
1510 3944 1718 4020 γενεαὶ
1766 3946 2042 4020 μερόπων
2090 3946 2404 4023 ἀνθρώπων

662 4051 922 4130 ἐφθίαθ’,
974 4047 1034 4115 οἵ
1071 4073 1146 4114 rot
1197 4050 1448 4127 πρόσθεν
1496 4045 1610 4122 ἅμ’
1661 4046 1927 4128 ἓτραφον
1974 4048 2061 4123 ἥδ’
2112 4049 2387 4126 ἐγένοντο

662 4156 720 4220 ἐν
769 4156 951 4236 Πύλῳ
1002 4155 1265 4234 ἠγαθέῃ,
1319 4154 1488 4230 μετὰ
1534 4154 1595 4218 δὲ
1641 4153 1975 4232 τριτάτοισ’
2012 4145 2316 4220 {vivaces
2344 4155 2417 4236 4).

455 4367 511 4432 1)
553 4367 732 4416 -Jeune
765 4367 974 4427 homme,
1007 4364 1348 4417 taison-vousW
1389 4393 1446 4403 —
1483 4364 1539 4415 V.
1576 4366 1662 4426 H..
1694 4365 1763 4415 les
1796 4366 2079 4429 Burgruves.

453 4449 508 4512 2)
543 4453 599 4496 Ψ
618 4448 715 4498 306
734 4464 804 4512 sq.

454 4529 508 4592 3)
545 4529 769 4579 Menelao
803 4531 946 4579 multo
981 4529 1207 4579 iuniorem
1243 4544 1291 4577 se
1327 4531 1464 4577 vocat
1502 4528 1602 4594 ipse
1635 4533 1690 4576 Ψ
1714 4527 1830 4580 587.
1913 4519 1922 4524 ’

451 4612 507 4675 4)
542 4611 703 4661 A250
721 4627 822 4676 sqq.
