3392 5384
603 395 688 461 26
1638 402 1954 452 nonnus.

603 580 722 644 sub
789 578 850 655 3,
911 580 1104 660 atque
1166 573 1409 638 ibidem
1471 571 1658 655 posui
1711 567 2141 653 plurimarum
2188 572 2511 631 auctorem
2558 586 2709 630 eum
2755 564 2986 644 fuisse,

603 687 716 770 qui
803 682 1035 748 Donati
1118 683 1558 745 commentum
1629 677 1871 739 iterum
1941 672 2209 737 ediderit
2276 673 2584 756 cuiusque
2655 691 2989 755 personam

602 789 907 877 descripsi
951 809 1014 873 p.
1066 784 1104 850 9
1152 784 1297 849 adn.
1341 781 1402 847 3.
1450 780 1673 865 Itaque
1716 781 1868 844 huic
1912 780 2107 863 capiti
2156 776 2543 842 confidenter
2588 776 2944 860 praescribo

693 974 1041 1041 Scholia
1086 972 1312 1038 varii
1357 970 1697 1056 generis
1744 968 1837 1031 ab
1882 966 2231 1031 Editore
2277 966 2788 1051 praesertim
2831 947 2919 1027 in

1141 1076 1532 1142 Eunuchi
1578 1077 2131 1140 commentum
2176 1070 2449 1136 illata.

699 1246 871 1312 Prol.
925 1243 962 1309 7
1013 1243 1137 1323 Qui
1181 1243 1339 1307 bene
1385 1239 1688 1306 vertendo

698 1351 796 1431 (2)
838 1346 1239 1427 „vertendo”
1279 1350 1348 1411 in
1387 1346 1684 1409 Latinam
1723 1343 2020 1429 linguam
2059 1341 2519 1419 transferendo,
2560 1346 2638 1405 ut
2678 1340 2991 1418 „Plautus

605 1459 803 1522 vertit
849 1454 1156 1519 barbare”
1211 1449 1407 1530 (Prol.
1457 1450 1630 1514 Trin.
1682 1448 1841 1527 19)..
1978 1446 2091 1513 Sic·
2131 1446 2441 1516 Donatus.
2490 1445 2806 1531 Opposuit
2852 1445 2999 1510 Edi·

605 1569 706 1627 tor
751 1560 848 1645 (3)
895 1561 1030 1623 Aut
1080 1554 1470 1635 „vertendo”
1521 1555 2002 1638 corrumpendo.

696 1665 792 1733 Of.
841 1663 1052 1729 Schol.
1103 1662 1344 1727 Bemb:
1397 1660 1611 1737 „Bene
1660 1658 2011 1724 vertendo’'
2058 1660 2313 1743 penitus
2361 1654 2719 1721 evertendo.

692 1770 854 1836 Ibid.
906 1768 945 1833 9
972 1790 1064 1852 sq.
1111 1766 1292 1831 Idem
1339 1765 1680 1830 Menandri
1730 1764 2007 1827 Phasma
2051 1783 2220 1827 nunc
2265 1783 2469 1846 nuper
2515 1759 2690 1825 dedit

1116 1874 1326 1955 Atque
1371 1873 1439 1934 in
1489 1869 1813 1933 Thesauro
1863 1870 2149 1953 scripsit,
2198 1874 2347 1932 cett.

696 1980 794 2059 (1)
857 1980 1137 2063 Apparet
1198 1978 1727 2061 pronuntiatum,
1794 1977 1975 2058 quasi
2022 1974 2141 2038 hoc
2185 1976 2325 2060 ipso
2372 1972 2779 2037 admonuerit
2823 1992 2994 2055 spec-

612 2090 922 2159 tatorem,
971 2103 1164 2168 quam
1212 2083 1489 2165 turpiter
1533 2086 1596 2144 et
1639 2082 1941 2164 imperite
1989 2079 2142 2143 haec
2188 2076 2403 2143 fabula
2448 2080 2683 2161 scripta
2730 2079 2832 2141 sit.

702 2189 798 2270 (2)
861 2188 944 2252 Et
1006 2189 1162 2252 bene
1227 2207 1436 2263 „nunc
1497 2184 1766 2270 nuper’',
1832 2190 1908 2249 ut
1968 2206 2047 2249 ex
2111 2186 2441 2248 vicinitate
2502 2183 2657 2277 facti
2704 2180 2997 2246 ostendat

501 2314 506 2319 ·
615 2292 781 2359 nihil
845 2313 980 2357 esse
1041 2290 1412 2368 dicendum,
1479 2310 1672 2375 quam
1739 2288 2140 2373 displicuerit
2200 2289 2354 2352 haec
2413 2287 2735 2352 comoedia
2780 2286 2999 2349 Luscii

615 2400 975 2475 Lanuvini,
1037 2403 1372 2482 propterea
1432 2396 1600 2479 quod
1645 2415 1747 2459 res
1794 2415 2010 2459 recens
2056 2396 2142 2457 sit
2187 2400 2250 2457 et
2298 2414 2517 2458 omnes
2562 2393 2995 2457 meminerint.

701 2503 796 2583 (3)
844 2499 1182 2581 (Narratur
1229 2516 1687 2586 argumentum
1736 2501 2149 2579 Phasmatis).

702 2610 800 2690 (4)
846 2608 1086 2673 Utrum
1126 2628 1278 2692 ergo
1325 2608 1445 2671 hoc
1487 2607 1656 2670 dicat
1695 2611 1805 2684 (sc.
1849 2608 2224 2690 quaeritur),
2267 2604 2435 2688 quod
2472 2610 2674 2669 totam
2713 2602 2994 2667 fabulam

613 2715 944 2795 (Phasma)
1006 2711 1438 2776 transferendo
1501 2710 1758 2775 laeserit
1815 2710 2002 2774 Lusc.
2064 2709 2335 2785 Lanuv„
2400 2731 2479 2774 an
2542 2730 2666 2774 non
2713 2709 2869 2783 hoc,
2919 2708 2996 2771 de

612 2841 736 2904 quo
785 2824 1039 2882 tantum
1088 2815 1508 2900 reprehendat
1538 2816 1607 2899 ¹),
1658 2815 1769 2878 sed
1815 2815 1917 2877 his
1966 2816 2167 2900 signis
2207 2814 2369 2879 velit
2406 2813 2761 2890 ostendere,
2803 2833 2996 2897 quem

612 2925 784 2988 dicat
830 2924 1064 2987 vitiose
1110 2920 1515 2985 Thesaurum
1561 2922 2029 3004 composuisse,
2078 2922 2257 2999 utin
2296 2919 2621 2985 Thesauro
2660 2921 2747 2983 sit
2785 2917 2993 3001 culpa,

611 3051 736 3094 non
783 3030 849 3091 in
897 3027 1261 3090 Phasmate.
2705 3035 2710 3040 ·

700 3130 796 3212 (5)
846 3131 1148 3215 „Nuper”
1200 3152 1276 3195 ex
1323 3129 1456 3195 illis
1504 3130 1716 3202 verbis
1764 3136 1895 3207 est,
1943 3138 2092 3196 cett.

701 3237 798 3317 (6)
860 3236 1222 3315 „Phasma”
1286 3238 1448 3300 hanc
1495 3235 1799 3300 'fabulam
1848 3242 2054 3301 totam
2104 3237 2398 3314 damnat,
2445 3242 2521 3300 ut
2567 3240 2863 3321 apparet,
2912 3237 2995 3299 si-

607 3344 839 3418 lenti03
889 3340 1291 3406 Thesaurum
1338 3362 1488 3405 vero
1535 3362 1662 3405 non
1711 3336 1947 3426 totam,
1998 3342 2107 3406 sed
2155 3363 2232 3407 ex
2279 3363 2406 3406 uno
2452 3340 2609 3405 1000.

701 3448 925 3531 Itaque
985 3448 1052 3509 in
1113 3446 1309 3511 schol.
1374 3446 1471 3527 (1)
1534 3445 1632 3526 (2)
1693 3445 1793 3531 (6)
1857 3467 2083 3511 versus
2143 3468 2349 3511 nonus
2410 3448 2503 3510 ita
2549 3446 2999 3531 pronuntiatus

611 3573 746 3617 esse
807 3551 1060 3628 dicitur,
1126 3558 1202 3615 ut
1265 3557 1479 3615 totum
1539 3551 1818 3615 Phasma
1870 3573 2021 3617 voce
2068 3557 2131 3615 et
2175 3558 2366 3637 gestu
2413 3552 2841 3627 damnaretur,
2890 3550 2998 3614 sed

613 3657 869 3723 silentio
891 3705 906 3734 ‚
968 3657 1031 3720 h.
1072 3677 1124 3720 e.
1174 3658 1308 3721 sine
1354 3665 1572 3741 aperta
1617 3658 2118 3742 reprehensione,
2170 3660 2319 3741 quia
2362 3663 2745 3742 spectatores
2793 3656 2999 3720 adhuc

614 3763 1062 3838 meminerint,
1123 3767 1510 3845 quantopere
1559 3762 1975 3847 displicuerit.
2068 3762 2256 3825 quta
2301 3762 2463 3826 hanc
2508 3759 3005 3847 explicationem>

611 3870 682 3931 in
726 3866 822 3947 (4)
869 3865 998 3931 alia
1044 3869 1440 3952 proponitur,
1489 3888 1720 3952 nempe
1768 3888 2029 3931 versum
2076 3886 2320 3931 nonum
2365 3868 2484 3931 hoc
2529 3872 2784 3930 tantum
2833 3886 3003 3949 spec-

615 3979 786 4049 tare,
837 3978 910 4035 ut
959 3975 1284 4036 mentione
1331 3972 1694 4037 comoediae
1744 3992 1947 4056 nuper
1993 3992 2028 4035 a
2074 3969 2368 4036 Terentio
2415 3970 2635 4036 doctae
2672 3990 3004 4056 cog-nosca-

614 4084 740 4154 tur,
785 4079 938 4161 quis.
968 4083 1188 4141 auctor
1226 4079 1311 4142 sit
1350 4077 1696 4154 Thesauri,
1741 4078 1924 4141 cuius
1963 4076 2143 4141 locus
2166 4074 2651 4161 reprehenditur
2673 4099 2767 4142 vs.
2799 4077 2884 4141 10
2908 4099 3000 4162 sq.

704 4184 890 4247 Prior
937 4181 1276 4267 explicatio
1323 4186 1510 4247 unice
1556 4185 1729 4246 iusta
1777 4187 1906 4260 est,
1954 4203 2101 4246 nam
2143 4187 2319 4247 totus
2358 4180 2535 4247 locus
2572 4182 2721 4247 inde
2760 4204 2797 4247 a
2834 4204 2931 4247 vs.
2959 4181 2996 4248 7

683 4408 736 4472 1)
781 4408 933 4457 Locus
979 4410 1234 4472 corruptus
1282 4407 1491 4456 videtur.
1538 4405 1705 4454 Placet
1740 4404 1882 4455 lectio
1916 4406 2136 4455 Zeunii
2172 4413 2220 4455 et
2253 4406 2506 4458 Fabiaez
2548 4422 2638 4456 nan
2673 4408 2765 4455 hoc
2801 4409 2993 4455 tuntum

614 4490 756 4550 dicat,
792 4505 888 4538 non
921 4506 1016 4555 quo
1050 4488 1414 4554 reprehendat”.
