3392 5384
663 401 796 466 412
1704 417 2017 467 nonnae.

665 588 775 665 „id
826 587 964 652 est’'
1015 592 1162 652 cett.
1217 607 1253 651 a
1303 587 1738 651 Wessnero
1784 589 1917 650 iam
1961 585 2323 663 eliminata,
2374 607 2490 653 nec
2530 609 2654 653 non
2698 589 2794 670 (5)
2830 597 2899 654 et
2940 587 3062 669 (7),

661 714 944 778 quocum
992 694 1205 759 confer
1251 691 1431 758 Serv.
1479 692 1560 757 ad
1607 693 1763 758 Aen.
1815 690 1843 754 Ι
1893 691 2058 756 423:
2102 690 2280 769 „Alii
2322 694 2697 770 „ardentes”
2738 697 3062 780 ingeniosi

661 802 1016 885 accipiunt3
1059 821 1211 864 nam
1253 821 1366 883 per
1405 801 1796 865 contrarium
1840 820 2137 886 segnem,
2178 800 2243 863 id
2282 807 2380 864 est
2418 802 2555 865 sine
2593 803 2754 887 igni,
2794 805 3061 888 ingenio

662 913 981 972 carentem
1046 906 1359 983 dicimus,
1426 906 1593 971 unde
1657 913 1722 970 et
1780 927 1816 971 a
1863 903 2103 970 Graeco
2151 908 2331 971 venit
2380 915 2656 985 catuS,
2703 909 2767 972 id
2818 916 2915 973 est
2960 911 3060 973 in-

570 1095 578 1103 ·
659 1014 996 1098 geniosus,
1047 1013 1170 1076 ἀπὸ
1221 1017 1324 1076 τοῦ
1379 1012 1727 1076 καίεσθαι”.
1780 1014 2084 1076 Attamen
2134 1017 2421 1077 extrema
2458 1017 2877 1079 asseveratio:
2924 1017 3061 1091 „in-

660 1121 999 1204 geniorum
1062 1121 1300 1184 etenim
1363 1121 1594 1204 igneus
1644 1120 1836 1203 vigor
1882 1119 2043 1197 est'’,
2094 1118 2484 1184 reddendum
2534 1126 2630 1185 est
2676 1118 3056 1205 philosopho

659 1231 899 1304 nostro,
963 1246 1114 1290 nam
1177 1247 1210 1290 e
1274 1225 1483 1291 Servii
1541 1224 1718 1304 loco,
1784 1227 1895 1310 qui
1941 1226 2231 1310 sequitur
2276 1224 2509 1290 Donati
2559 1247 2790 1291 comm.
2833 1225 3058 1313 Vergi-

662 1331 942 1409 lianum,
985 1338 1246 1416 apparet
1285 1332 1454 1397 hunc
1495 1353 1623 1396 non
1665 1333 1981 1417 cogitasse
2024 1331 2097 1395 de
2139 1331 2444 1417 dogmate
2480 1331 2714 1397 Stoico·
2760 1333 3057 1417 Denique

664 1437 860 1503 schol.
911 1438 1007 1517 (6)
1053 1441 1237 1502 iuxta
1285 1436 1383 1518 (¹7)
1433 1437 1681 1503 Donato
1730 1437 1987 1502 concedi
2034 1459 2160 1501 non
2209 1437 2439 1522 potest.

755 1544 928 1630 Ergo
987 1547 1238 1610 invenit
1298 1544 1524 1609 Editor
1583 1547 1650 1608 in
1719 1549 2081 1609 commento
2130 1546 2337 1629 primo
2386 1543 2530 1624 (l)³,
2579 1544 2694 1624 (2),
2744 1544 2887 1625 (3)·,
2937 1546 3055 1627 (5),

663 1649 824 1731 (¹7)⁸;
874 1653 1011 1735 ipse
1055 1653 1325 1716 inseruit
1376 1647 1522 1730 (l)b,
1565 1649 1713 1730 (3)b,
1758 1648 1885 1730 (¹7)b
1933 1656 1995 1714 et
2042 1648 2435 1735 Gompilator
2480 1672 2513 1716 e
2561 1654 2852 1738 margine
2890 1651 3010 1732 (6).

753 1756 957 1821 Ibid.
1009 1756 1061 1821 V
1113 1755 1170 1821 6.
1201 1756 1238 1820 5
1265 1778 1357 1841 sq.
1432 1753 1810 1842 Glycerium
1860 1777 2005 1821 suos
2053 1762 2345 1840 parentes
2395 1759 2676 1842 repperit
2718 1806 2732 1822 .
2763 1808 2776 1823 .
2807 1808 2821 1823 .
2864 1759 3060 1824 Pater

664 1865 911 1927 amicus
957 1884 1253 1928 summus
1301 1865 1482 1929 nobis

755 1968 916 2034 Don.
957 1969 1034 2033 ad
1077 1968 1238 2050 5(1)
1289 1969 1460 2034 Haec
1499 1971 1592 2033 ita
1630 1975 1972 2033 narrantur
2012 1969 2207 2052 Davo,
2251 1975 2328 2033 ut
2365 1969 2587 2035 eadem
2627 1991 2815 2054 opera
2853 1973 3049 2036 etiam

667 2074 986 2142 Charinus
1052 2075 1290 2161 audiat.
1431 2076 1547 2141 Ed.
1613 2076 1732 2140 hoc
1780 2078 2084 2160 repetivit
2131 2076 2209 2140 ad
2260 2075 2298 2139 6
2326 2075 2421 2156 (1)
2466 2076 2642 2141 Haec
2688 2078 2937 2155 omnia,
2986 2084 3057 2140 ut

671 2182 953 2259 diximus,
1003 2189 1264 2268 propter
1310 2183 1664 2251 Charinum
1716 2183 2037 2261 dicuntur,
2087 2191 2162 2249 ut
2206 2184 2443 2250 audiat.

757 2287 1190 2355 simillimum
1238 2289 1607 2374 exemplum
1654 2292 2051 2374 repetitionis
2098 2312 2211 2375 per
2250 2297 2317 2353 ut
2354 2290 2616 2354 dicimus
2653 2293 2821 2355 intra
2860 2291 3055 2354 unius

669 2395 895 2462 scholii
943 2399 1225 2481 spatium
1273 2417 1466 2480 supra
1511 2396 1905 2460 attendimus
1953 2396 2031 2460 ad
2074 2396 2241 2460 Eun.
2290 2394 2352 2459 II
2400 2394 2459 2460 3.
2492 2395 2574 2459 14
2600 2394 2694 2475 (2)
2744 2401 2807 2461 et
2843 2395 2958 2475 (4).

758 2502 1188 2587 Adelphoe
1251 2501 1311 2565 Π
1378 2500 1508 2565 3.5
1554 2523 1645 2586 sq.
1710 2501 1934 2586 Itaque
1998 2523 2195 2566 unam
2258 2501 2419 2566 hanc
2482 2523 2619 2567 rem
2670 2523 2772 2566 me
2820 2501 3053 2566 habere

663 2615 915 2694 praeter
973 2608 1130 2673 alios
1190 2611 1602 2693 praecipuam
1667 2609 1963 2685 arbitror,
2026 2608 2580 2673 fratrem-homini
2629 2609 2871 2673 nemini
2916 2629 3053 2673 esse

665 2718 1022 2800 primarum
1072 2718 1310 2780 artium
1335 2699 1570 2800 'magis
1616 2716 1972 2800 principem

757 2824 853 2902 (1)
903 2822 1081 2887 Nove
1131 2822 1295 2886 dixit
1344 2842 1583 2898 „unam
1631 2822 1812 2885 rem”
1867 2821 2234 2899 „fratrem'’.
2406 2821 2502 2901 (2)
2549 2821 2674 2886 Sed
2723 2842 2843 2906 ego
2893 2829 3051 2906 puto

666 2930 972 3007 „fratrem
1037 2951 1160 2992 non
1223 2927 1875 3013 subdistinguendum
1938 2929 2048 2993 sed
2108 2926 2455 3014 legendum
2510 2934 2802 2992 contexte
2849 2949 3052 3012 usque

663 3034 744 3099 ad
786 3035 1224 3118 „principem”
1245 3053 1261 3111 3
1305 3055 1454 3098 nam
1496 3037 1549 3098 si
1594 3035 1964 3100 distinxeris
2009 3034 2380 3112 „fratrem'’,
2422 3034 2519 3098 bis
2546 3036 2669 3098 erit
2694 3033 3049 3110 „arbitror”

663 3139 1206 3217 subaudiendum,
1259 3145 1322 3204 et
1371 3162 1564 3225 supra
1611 3147 1675 3207 et
1722 3142 1889 3206 infra
1905 3162 1921 3220 ;
1972 3140 2197 3225 quodsi
2252 3140 2596 3218 „fratrem”
2645 3140 3053 3205 inferioribus

658 3248 945 3311 iunxeris
1023 3251 1088 3310 et
1164 3268 1314 3311 cum
1395 3246 1817 3312 admiratione
1905 3247 2425 3330 pronuntiabitur
2497 3250 2561 3309 et
2630 3245 3053 3310 subaudietur

663 3374 900 3438 „quam
949 3353 1177 3419 mihi”.
1226 3353 1409 3418 Hanc
1455 3374 1603 3418 sane
1640 3352 2031 3418 locutionem
2073 3355 2231 3418 scire
2272 3352 2576 3417 debemus
2616 3358 2875 3437 propter
2912 3375 3052 3438 per-

661 3481 882 3524 sonam
930 3459 1091 3539 (scil.
1141 3458 1462 3544 loquentis
1509 3458 1941 3544 Ctesiphonis)
1990 3459 2416 3524 elaboratam:
2467 3478 2617 3523 nam
2662 3464 2726 3523 et
2767 3461 3045 3523 nimium

660 3566 902 3652 gaudet
965 3572 1029 3630 et
1092 3569 1371 3631 rusticus
1419 3564 1789 3631 adulescens
1836 3572 1966 3643 est,
2017 3569 2128 3651 qui
2173 3572 2439 3630 conatur
2485 3563 2746 3630 laudare
2793 3566 3051 3630 Aeschi-

662 3694 823 3737 num
873 3673 1170 3738 tibubans
1219 3694 1290 3738 ac
1337 3695 1532 3758 paene
1572 3672 1957 3738 balbutiens.
2097 3671 2195 3753 (3)
2246 3672 2633 3750 „Hominem
2675 3672 3045 3737 neminem’'

663 3800 826 3844 nove
891 3780 1152 3844 auribus
1215 3782 1480 3856 nostris,
1547 3779 1654 3844 sed
1717 3785 2009 3845 veterum
2072 3779 2536 3844 consuetudine
2598 3778 2852 3843 locutus
2916 3785 3049 3856 est,

663 3906 814 3950 nam
860 3907 1006 3950 cum
1055 3888 1378 3951 neminem
1431 3883 1518 3972 <n
1538 3887 1619 3976 e>
1669 3887 2086 3951 hominem
2138 3885 2484 3972 significet,
2531 3885 2683 3970 quid
2726 3906 2883 3969 opus
2923 3885 3051 3949 fuit

662 3992 865 4056 dicere
916 3992 1287 4068 „hominem
1334 3990 1747 4057 neminem’'?
1932 3991 2029 4073 (4)
2077 3991 2233 4074 Sed,
2277 3998 2344 4055 ut
2383 3992 2665 4068 dicimur,
2706 3990 2915 4076 figura
2953 3996 3053 4055 est

661 4098 1038 4176 ἁρχαισμός.
2268 4165 2273 4170 ,

751 4203 841 4268 Ut
903 4207 970 4269 in
1033 4207 1357 4290 superiore
1417 4205 1555 4271 loco
1616 4205 1845 4270 Editor
1905 4205 2009 4269 hic
2074 4225 2323 4290 quoque
2384 4207 2454 4269 in
2518 4206 2613 4285 (4)
2675 4225 2787 4289 per
2832 4206 2937 4267 sed
2980 4211 3051 4267 ut

663 4309 925 4373 diximus
975 4314 1197 4375 statim
1246 4314 1479 4396 repetit
1523 4314 1786 4376 initium
1836 4311 2269 4395 praecedentis
2317 4311 2431 4391 (3).

752 4414 1011 4480 Scholia
1050 4417 1148 4497 (1)
1187 4422 1250 4482 et
1287 4417 1382 4494 (2)
1421 4417 1656 4482 idcirco
1699 4416 1958 4494 rettuli,
2001 4419 2152 4502 quia
2195 4419 2260 4481 in
2295 4417 2491 4482 huius
2516 4438 2767 4503 quoque
2792 4414 3046 4481 fabulae

653 4528 1014 4589 commento
1052 4523 1422 4612 exemplum
1464 4525 1766 4612 praebent
1803 4526 2094 4604 rationis,
2138 4545 2331 4613 quam
2372 4524 2571 4591 semel
2604 4525 2966 4612 iterumque
2988 4531 3043 4589 'a
