3392 5384
725 390 767 454 2
1761 411 2073 460 noturus.

717 569 825 636 Sic
869 573 1000 638 iam
1049 574 1205 638 satis
1249 571 1430 658 larga
1475 575 1908 658 genuinorum
1957 576 2161 639 oritur
2207 578 2401 640 series
2421 622 2437 653 ,
2488 597 2522 640 e
2572 577 2803 660 quibus
2854 578 2994 642 stili
3046 585 3111 644 et

715 678 964 763 ingenii
1023 680 1300 745 auctoris
1358 680 1576 762 imago
1638 680 2022 744 conformari
2068 701 2139 745 ac
2186 701 2411 746 norma
2459 680 2685 746 deduci
2730 688 2978 768 potest,
3028 685 3113 748 ad

720 802 914 865 quam
958 784 1349 847 incertorum
1397 785 1743 849 auctoritas
1792 787 2111 871 exigatur.

805 884 959 951 Alia
995 893 1212 952 autem
1252 891 1474 960 νοθείας
1515 889 1751 952 indicia
1792 892 2130 954 constituit
2170 889 2515 955 Sabbadini
2555 892 2646 957 1.1.
2689 915 2749 976 p.
2780 892 2914 956 340
2941 915 3108 979 sqq„

717 1014 991 1078 quorum
1059 995 1213 1058 haec
1281 1000 1432 1058 sunt
1500 997 1877 1082 praecipua:
1950 995 2192 1060 scholia
2262 1003 2411 1061 nata
2481 1018 2559 1061 ex
2621 1000 3003 1076 imitatione,
3076 1022 3109 1064 e

714 1099 1024 1184 peculiari
1080 1099 1586 1184 interpolatione,
1649 1101 1901 1186 quando
1965 1101 2209 1166 scilicet
2254 1104 2450 1186 primi
2497 1102 2871 1168 scholiastae
2918 1105 3113 1170 adno-

715 1209 991 1271 tationes
1037 1208 1490 1271 continuantur
1536 1205 1645 1272 vel
1689 1206 2112 1292 explicantur,
2162 1207 2406 1291 scholia
2443 1209 2943 1287 contradictoria,
2986 1209 3110 1274 dit-

709 1312 1117 1396 tographica,
1158 1313 1469 1389 insiticia,
1513 1333 1674 1396 quae
1717 1312 1958 1378 scilicet
1985 1310 2251 1377 alterius
2276 1313 2565 1378 ordinem
2589 1317 3103 1399 interrumpunt;

711 1422 964 1501 praeter
1002 1417 1175 1495 haec,
1217 1438 1378 1501 quae
1418 1417 1773 1503 appellavit
1807 1417 2326 1502 interpolationes
2364 1418 2741 1505 singulares,
2782 1420 3103 1498 distinxit,

711 1521 1199 1608 interpolatores
1259 1525 1739 1608 systematicos,
1800 1526 1913 1607 qui
1957 1523 2192 1608 placita
2238 1545 2355 1588 sua
2402 1526 2469 1587 in
2519 1529 2958 1589 commentum
3006 1527 3106 1588 in-

712 1628 1046 1692 troducere
1093 1627 1338 1693 soleant
1383 1650 1495 1713 per
1543 1635 1747 1694 certas
1792 1628 2105 1693 formulas
2152 1635 2217 1694 et
2260 1628 2637 1714 particulas:
2687 1637 2764 1707 et,
2807 1631 2918 1707 vel,
2968 1639 3097 1709 aut,

613 1717 624 1728 ⁰
713 1740 771 1796 et
833 1735 990 1811 bene,
1042 1740 1099 1796 et
1145 1735 1342 1812 amul,
1393 1756 1515 1810 cwr,
1564 1756 1720 1811 num,
1771 1733 1922 1818 quid
1966 1741 2071 1810 eet,
2119 1735 2225 1797 sed
2240 1782 2255 1811 ,
2304 1737 2410 1798 sed
2452 1735 2664 1798 melius
2710 1735 3093 1815 ivctelleyunt,

709 1861 864 1916 nam,
925 1862 1080 1921 erqo,
1147 1862 1266 1919 eqo,
1328 1845 1398 1902 ut
1442 1839 1724 1916 diximm,
1772 1846 1838 1902 ut
1881 1839 2313 1916 adnotavimus,
2364 1839 2613 1924 aliaque
2661 1839 2919 1906 similia.
2968 1840 3093 1904 His

715 1965 870 2008 usus
930 1943 1220 2020 indiciis,
1285 1964 1445 2028 quae
1507 1946 1640 2008 iam
1702 1948 1848 2007 ante
1896 1965 2046 2008 eum
2096 1943 2286 2022 Leo,
2333 1944 2707 2030 ‚Smutny,
2758 1944 2869 2008 alii
2918 1944 3093 2008 adhi-

714 2050 1018 2126 buerant,
1082 2051 1149 2111 in
1210 2049 1292 2112 iis
1353 2047 1651 2112 Eunuchi
1714 2046 1972 2112 scholiis
2034 2069 2195 2132 quae
2242 2048 2444 2114 edidit
2490 2049 2813 2133 permulta
2859 2051 3097 2134 partim

713 2156 945 2218 merito
984 2173 1020 2217 a
1060 2151 1306 2218 Donato
1347 2153 1769 2229 abiudicavit,
1812 2156 2049 2237 partim
2088 2174 2440 2238 perperam.
2490 2153 2711 2238 Neque
2747 2154 2865 2218 hoc
2907 2153 3097 2218 aliter

714 2261 967 2325 evenire
1013 2262 1261 2344 potuit,
1320 2280 1468 2323 cum
1515 2257 1977 2342 particularum
2023 2257 2291 2323 illarum
2336 2281 2492 2324 usus
2538 2259 2795 2323 nullum
2844 2265 3093 2324 certum

715 2367 942 2436 νοθείας
981 2364 1294 2429 indicium
1334 2366 1749 2440 constituant,
1790 2366 2024 2447 quippe
2065 2384 2220 2447 quas
2258 2366 2395 2448 ipse
2435 2363 2723 2429 Donatus
2761 2367 3097 2429 sescenties

713 2470 1111 2546 adhibuerit,
1178 2475 1401 2553 utpote
1462 2471 1647 2534 tritas
1707 2471 1774 2531 in
1837 2469 2069 2533 scholis
2130 2475 2194 2533 et
2256 2472 2621 2533 etiamnunc
2680 2472 2748 2532 in
2796 2470 3094 2534 Aeneidis

713 2575 1115 2659 aliorumque
1179 2575 1557 2638 Latinorum
1615 2577 2088 2667 commentariis
2134 2575 2482 2648 identidem
2532 2575 2769 2639 obvias.
2834 2574 3095 2654 Quoties

713 2685 935 2744 autem
995 2679 1252 2762 aliquod
1315 2679 1629 2744 scholium
1693 2681 1833 2743 iure
1892 2682 2366 2764 proscripserit,
2416 2682 2701 2745 invenies
2751 2680 2913 2744 hanc
2960 2700 3093 2743 sen-

711 2787 984 2852 tentiam
1051 2807 1088 2850 a
1153 2787 1292 2849 viro
1360 2786 1773 2870 sagacissimo
1842 2805 1968 2849 non
2024 2784 2226 2849 latam
2293 2806 2425 2849 esse
2483 2790 2743 2870 propter
2802 2784 3088 2869 aliquam

713 2891 1014 2956 voculam
1062 2891 1140 2955 ab
1187 2893 1373 2954 initio
1418 2892 1721 2974 positam,
1773 2889 1881 2953 sed
1927 2896 2186 2974 propter
2231 2889 2455 2954 scholii
2503 2897 2802 2954 naturam
2847 2910 3096 2974 suspec-
3141 2879 3149 2888 ⁶

713 3003 885 3073 tam,
926 2997 1302 3081 insipidam,
1343 2995 1608 3072 falsam,
1650 2995 2240 3072 contradictoriam,
2282 2995 2855 3080 dittographicam,
2881 2997 3087 3080 igitur

712 3104 780 3165 in
847 3123 1078 3187 genere
1149 3105 1300 3186 quia
1367 3122 1444 3166 ex
1515 3103 1687 3165 acuti
1757 3100 2048 3185 doctique
2118 3102 2398 3165 hominis
2457 3103 2715 3188 ingenio
2779 3101 3087 3186 prodiisse

711 3210 1093 3292 nequiverit.
1159 3207 1339 3286 Quod
1403 3213 1623 3270 autem
1686 3226 1807 3290 ego
1854 3226 2103 3290 quoque
2150 3205 2386 3270 scholia
2435 3207 2511 3271 ab
2559 3207 2660 3269 his
2708 3205 2956 3271 voculis
3000 3208 3093 3268 in-

710 3315 1014 3397 cipientia
1073 3318 1136 3377 et
1195 3318 1380 3378 antea
1442 3333 1625 3397 saepe
1687 3311 1990 3376 damnavi
2036 3311 2305 3389 (Mnem.
2356 3311 2610 3376 XXXII
2656 3317 2721 3375 et
2767 3308 3079 3383 XXXIII)

593 3434 616 3458 ⁸
710 3423 775 3481 et
836 3424 1054 3500 postea
1112 3421 1310 3482 etiam
1372 3419 1719 3493 damnabo,
1788 3417 1907 3481 hoc
1968 3417 2111 3480 ideo
2175 3416 2285 3481 fiet
2330 3418 2698 3501 factumque
2747 3422 2863 3491 est,
2914 3414 3078 3501 quod

708 3543 821 3606 per
867 3543 931 3586 se
977 3543 1051 3586 ea
1094 3525 1311 3606 inepta
1356 3525 1518 3599 sint,
1568 3528 1632 3586 et
1678 3524 1829 3605 quia
1876 3521 2225 3605 particulae
2272 3524 2341 3585 in
2387 3525 2469 3586 iis
2515 3527 2895 3608 usurpatae,
2944 3543 3091 3586 con-

707 3626 988 3691 clusivae
1059 3628 1534 3703 adversativae,
1607 3628 2005 3702 causativae,
2076 3629 2609 3712 interrogativae,
2683 3633 2831 3691 cett.
2907 3629 3078 3691 iusta

711 3738 964 3796 careant
1010 3735 1274 3798 ratione.

802 3837 1282 3904 Wessnerus
1341 3842 1412 3902 in
1472 3838 1781 3916 editione,
1830 3844 1907 3902 ut
1951 3860 2067 3922 par
2114 3843 2283 3914 erat,
2334 3860 2406 3904 ea
2455 3844 2709 3904 tantum
2756 3836 3077 3904 inclinatis

703 3943 939 4008 litteris
1007 3947 1352 4028 expressit,
1418 3964 1578 4028 quae
1642 3946 1997 4007 certissime
2059 3943 2444 4028 interpolata
2508 3965 2640 4009 esse
2687 3945 3077 4010 viderentur.

704 4049 1005 4113 Primum
1070 4051 1320 4114 notavit
1382 4070 1496 4126 „ea
1552 4050 1908 4132 imprimis,
1972 4048 2207 4131 quibus
2267 4051 2599 4134 integrum
2649 4049 2968 4113 scholium
3013 4051 3080 4112 in

708 4154 908 4230 „duas
948 4155 1055 4220 vel
1091 4154 1310 4239 plures
1347 4161 1560 4239 partes
1586 4154 1927 4218 disiectum
1954 4173 2087 4216 esse
2115 4153 2494 4218 videbatur-'⁹
2522 4154 2744 4239 (praef.
2772 4176 2832 4238 p.
2859 4160 3083 4233 xnvn),

706 4260 813 4322 sed
862 4260 1086 4325 deinde
1138 4262 1286 4338 „hic
1323 4259 1457 4324 illic
1493 4262 1691 4324 etiam
1732 4278 1926 4342 parva
1968 4257 2470 4334 additamenta’'.
2520 4258 2591 4321 In
2632 4259 2841 4340 primo
2880 4262 3083 4344 igitur

707 4384 969 4448 genere,
1019 4369 1202 4429 cuius
1248 4370 1314 4428 in
1363 4373 1493 4429 toto
1541 4371 1903 4428 commento
1952 4362 2245 4446 exempla
2292 4365 2630 4428 numeravi
2677 4361 2878 4440 LXX,
2931 4384 3084 4428 usus

709 4475 805 4532 est
843 4468 1079 4534 indicio
1118 4479 1413 4546 externo,
1463 4490 1576 4533 nec
1635 4477 1855 4533 tamen
1902 4468 2217 4532 eiusmodi
2267 4471 2457 4534 verba
2503 4472 2817 4548 insiticia,
2868 4476 2942 4533 ut
2980 4490 3089 4554 per
