3392 5384
1417 429 1702 481 snmus.
2616 413 2743 479 139
2837 467 2841 474 .

354 599 603 684 ingens'
667 595 984 663 Achillem
1047 599 1295 674 vocari,
1363 617 1462 662 vs..
1489 596 1641 661 ·914
1705 597 2091 682 ‘depositum
2138 602 2275 662 tam
2320 597 2580 684 grande'
2629 619 2746 664 nec

354 725 480 769 non
519 703 828 796 Puteanei
866 703 1290 789 archetypum
1325 702 1445 768 hoc
1484 702 1626 768 loco
1665 701 2044 769 lacunosum
2082 703 2307 780 fuisse,
2334 725 2502 769 nunc
2526 709 2741 769 tamen

354 808 774 874 Wilkinsium
820 808 1160 875 lectionem
1209 809 1516 874 traditam
1559 810 1790 874 merito
1834 811 2175 875 retinuisse
2224 809 2427 875 credo.

445 1027 718 1096 Calchas
771 1030 1082 1094 instinctu
1145 1027 1365 1093 divino
1427 1027 1774 1112 afflatuque
1839 1031 2055 1092 motus
2109 1031 2326 1092 mente
2372 1026 2551 1094 videt
2596 1048 2749 1114 quo-

354 1135 550 1200 modo
583 1134 820 1199 Thetis
865 1133 1075 1199 filium
1121 1134 1400 1218 abripiat
1447 1133 1926 1220 exclamatque:

629 1239 766 1320 Quo
812 1241 982 1324 rapis
1027 1242 1363 1324 ingentem
1412 1241 1635 1324 magni
1681 1236 1977 1304 Chironis
2016 1237 2357 1303 alumnum

627 1345 954 1422 femineis,
1007 1345 1232 1423 Nerei,
1284 1341 1491 1410 dolis?
1539 1344 1666 1409 huc
1714 1347 1940 1410 mitte:
1992 1343 2145 1429 quid
2196 1342 2449 1409 aufers?

625 1473 750 1518 non
797 1455 1038 1537 patiar:
1086 1471 1270 1516 meus
1312 1453 1470 1530 iste,
1521 1472 1725 1516 meus.
1775 1456 1851 1516 tu
1898 1451 2048 1517 diva
2101 1450 2431 1536 profundi,

448 1543 706 1623 529'0t
751 1579 856 1624 me
903 1558 1202 1623 Phoebus
1252 1558 1408 1642 agit.

348 1665 680 1729 Nimirum
741 1663 1148 1729 scribendum
1210 1669 1341 1728 est:
1406 1667 1490 1727 at
1550 1683 1654 1727 me
1715 1661 2013 1727 Phoebus
2079 1663 2236 1747 agit.
2306 1659 2611 1728 Ceterum
2657 1662 2736 1727 cf.

351 1792 447 1838 vs·
499 1770 737 1942 5matut
782 1898 1010 1944 verum
1057 1878 1313 1962 penitus
1361 1875 1522 1940 latet
1569 1880 1634 1941 et
1680 1878 1817 1940 sine
1863 1873 2165 1960 Apolline
2211 1873 2500 1942 Calchas.

439 2078 805 2147 Calchantis
867 2081 1174 2146 vaticinio
1238 2077 1458 2143 audito
1521 2076 1865 2146 Diomedes
1928 2079 2234 2142 comitem
2296 2098 2361 2141 se
2418 2080 2748 2163 promittit

363 2184 625 2271 Ulyssi,
695 2189 752 2250 si
818 2187 910 2250 ire
970 2183 1130 2251 velit
1192 2184 1271 2249 ad
1332 2183 1658 2249 Achillem
1722 2182 2194 2270 quaerendum,
2265 2204 2416 2248 eum
2477 2186 2740 2262 incitat,

355 2292 628 2377 denique
675 2292 846 2356 hunc
891 2289 1295 2356 allocutionis
1343 2289 1495 2354 facit
1540 2289 1768 2354 finem:

444 2398 574 2463 544
621 2419 747 2463 non
794 2397 958 2462 mihi
1004 2399 1149 2482 quis
1199 2402 1426 2463 vatum
1476 2395 1690 2461 dubiis
1736 2397 1804 2459 in
1853 2394 2103 2460 casibus
2150 2397 2377 2459 ausit

624 2504 754 2569 fata
799 2503 1014 2570 videre
1061 2505 1256 2587 prior.

346 2611 501 2676 Fuit
559 2631 707 2676 cum
770 2609 963 2675 verbo
1009 2607 1172 2672 ausit
1218 2628 1342 2672 non
1390 2627 1531 2672 eam
1581 2608 1721 2672 vim
1764 2609 1969 2671 inesse
2018 2610 2316 2691 putarem
2364 2626 2558 2690 quam
2597 2626 2735 2671 sen-

348 2719 554 2782 tentia
615 2714 942 2801 postulare
1003 2713 1333 2782 videretur
1390 2734 1596 2798 neque
1658 2713 1812 2778 ferri
1874 2733 2057 2797 posse
2104 2712 2495 2778 adiectivum
2531 2712 2732 2794 prior,
2836 2797 2847 2808 κ

352 2825 409 2888 si
453 2821 620 2886 illud
666 2823 1053 2886 retineretur
1071 2841 1087 2899 ;
1135 2840 1340 2906 neque
1385 2818 1717 2898 Schrader,
1766 2821 1880 2903 qui
1925 2819 2088 2882 adsit
2133 2821 2499 2904 proposuit,
2551 2817 2739 2883 aliter

349 2929 670 2993 censuisse
719 2925 995 3004 videtur,
1045 2925 1153 2990 sed
1199 2945 1279 2990 ne
1326 2927 1416 2990 sic
1461 2923 1725 3010 quidem
1774 2944 1996 2989 omnes
2041 2911 2173 2988 iam
2220 2922 2365 2988 tolli
2410 2923 2741 2989 credebam

355 3031 776 3098 difficultates.
825 3031 1068 3096 Locum
1116 3033 1476 3096 accuratius
1522 3029 1948 3094 consideranti
1998 3031 2537 3114 opportunissime
2575 3029 2741 3094 mihi

351 3141 418 3204 in
465 3144 752 3204 mentem
799 3139 977 3202 venit
1022 3135 1148 3202 loci
1192 3138 1259 3200 in
1308 3135 1631 3201 Thebaide
1678 3138 1792 3221 qui
1840 3140 1938 3200 est
1981 3134 2031 3199 I.
2083 3134 2215 3200 398
2241 3156 2371 3220 sq.:

621 3244 689 3308 id
734 3241 999 3309 volvens
1045 3262 1169 3307 non
1215 3244 1354 3326 ipse
1401 3246 1601 3325 pater,
1651 3262 1779 3305 non
1828 3241 2009 3306 docte
2053 3241 2258 3305 futuri

622 3348 1010 3433 Amphiarae
1061 3346 1296 3412 vides
1345 3349 1612 3424 (etenim
1661 3352 1839 3411 vetat
1888 3351 2109 3410 auctor
2154 3344 2433 3431 Apollo),

349 3458 393 3521 i.
421 3476 476 3520 e.
525 3474 915 3540 quamquam
962 3452 1205 3518 Phoebi
1253 3450 1585 3516 oraculum
1625 3451 1781 3536 quid
1821 3451 1944 3516 sibi
1983 3449 2141 3516 velit
2180 3450 2399 3517 sedulo
2435 3450 2737 3516 iudicatis

353 3566 416 3626 et
484 3559 908 3644 perpenditis,
980 3578 1184 3643 neque
1253 3547 1392 3642 ipse
1456 3562 1565 3634 tu,
1630 3557 1935 3633 Adrasto,
2002 3578 2205 3642 neque
2264 3557 2730 3644 Amphiaraus,

353 3671 532 3732 vates
588 3665 700 3730 ille
760 3666 1078 3750 optimus,
1143 3662 1210 3728 id
1274 3662 1598 3728 videtis
1658 3665 1703 3728 i.
1747 3684 1800 3728 e.
1865 3661 2286 3750 intellegitis,
2351 3665 2730 3750 perspicitis.

353 3773 585 3838 Nostro
646 3773 853 3857 igitur
914 3769 1051 3835 loco
1099 3769 1442 3835 Diomedes
1490 3769 1644 3834 haec
1688 3769 1870 3837 vult:
1918 3770 2061 3834 Non
2109 3771 2273 3835 mihi
2321 3772 2466 3855 quis
2508 3776 2735 3835 vatum

351 3880 421 3942 in
484 3876 698 3941 dubiis
759 3867 1007 3941 casibus
1071 3878 1136 3940 te
1196 3877 1372 3960 prior
1433 3895 1569 3940 esse
1633 3877 1805 3940 ausit
1870 3877 1981 3960 qui
2027 3878 2331 3941 vaticinia
2379 3875 2525 3941 data
2569 3882 2738 3940 recte

350 3981 644 4068 explicet.
715 3981 992 4066 Utroque
1056 3982 1230 4046 enim
1291 3979 1428 4046 loco
1475 3979 1737 4048 videndi
1784 3981 1977 4046 verbo
2027 3983 2192 4046 inest
2239 3980 2739 4066 pervidendi

348 4090 527 4153 notio
547 4135 564 4166 ,
612 4107 773 4153 non:
824 4085 1256 4172 praevidendi.

437 4304 903 4371 Describuntur
952 4304 1222 4371 Achillis
1269 4325 1515 4370 amores
1564 4324 1636 4369 ac
1681 4302 2067 4369 blanditiae:

622 4433 791 4477 nunc
836 4411 1092 4478 levibus
1139 4413 1361 4489 sertis,
1408 4410 1604 4496 lapsis
1648 4431 1819 4476 nunc
1863 4416 2090 4496 sponte
2134 4411 2456 4490 canistris,

443 4515 574 4586 572
620 4539 792 4584 nunc
836 4519 1062 4605 thyrso
1109 4522 1402 4604 parcente
1449 4518 1630 4597 ferit,
1661 4517 1872 4607 *modo
1917 4516 2127 4583 dulcia
2172 4523 2421 4583 notae
