3392 5384
657 409 791 473 210
1696 426 2008 477 nonnus.

743 590 867 654 His
929 591 1139 656 verbis
1200 591 1513 657 Parmeno
1575 613 1762 657 cenae
1823 592 2089 657 avidum
2150 590 2556 657 Gnathonem
2601 591 2876 669 indicat,
2927 594 3039 677 qui

651 696 842 761 modo
899 693 1160 761 locutus
1223 702 1354 774 est,
1418 702 1491 761 ut
1554 697 1713 762 bene
1761 697 2086 764 intellexit
2134 698 2332 763 Don.:
2389 696 2547 779 7(1)
2593 698 2786 763 Recte
2832 719 3040 783 repre-

647 801 872 866 hendit
931 803 1247 867 Parmeno
1312 802 1502 881 duos,
1567 825 1843 889 quorum
1893 825 2130 869 munus
2178 802 2340 870 alter
2384 805 2830 890 exprobrarat,
2879 802 3042 869 alter

646 906 961 989 (Gnatho)
1021 929 1248 974 cenam
1308 911 1402 974 ita
1466 930 1579 994 pro
1646 910 1950 975 beneficio
2011 911 2325 987 ostendit,
2389 917 2722 996 tamquam
2771 909 2851 974 ad
2896 931 3036 975 eam

646 1016 1033 1081 currendum
1080 1018 1199 1095 sit,
1248 1040 1384 1079 nam
1426 1016 1532 1081 7200
1570 1016 1878 1100 eiymficat
1918 1018 2110 1104 „quid
2143 1017 2388 1096 stae.?’',
2430 1017 2606 1102 quasi
2642 1017 2808 1081 dicat
2850 1018 3041 1101 „quid

644 1121 925 1185 restas?’'
990 1123 1165 1207 quasi
1220 1123 1302 1186 eit
1366 1145 1547 1186 causa
1580 1123 1957 1205 properandi
2006 1123 2137 1202 (W.
2183 1122 2508 1200 inclinatis
2560 1122 2797 1188 litteris
2815 1143 2831 1200 ;
2881 1119 3037 1187 cur?

643 1231 769 1295 nisi
829 1229 1001 1314 quod
1063 1231 1268 1294 otiosa
1328 1229 1481 1295 haec
1543 1232 1720 1310 sint).
1861 1229 2000 1295 Iam
2062 1250 2215 1296 vero
2279 1230 2376 1295 IP
2447 1252 2525 1295 ex
2574 1250 2751 1295 mera
2798 1227 3039 1295 vanilo-

641 1338 903 1421 quentia
972 1338 1063 1400 sic
1131 1336 1420 1401 dubitat:
1496 1335 1535 1400 6
1598 1335 1693 1416 (3)
1770 1335 1936 1413 „Em
1999 1336 2321 1402 alterum''
2388 1339 2446 1402 si
2508 1337 2647 1413 hic,
2713 1334 3035 1421 quomodo

642 1450 883 1528 <supra
946 1448 1067 1522 (vs.
1118 1441 1255 1526 4)>,
1319 1442 1810 1528 reprehenditur
1871 1442 2092 1521 miles,
2161 1442 2525 1521 „alterum”
2575 1442 2890 1507 dictum
2911 1491 2930 1522 ,
2979 1442 3037 1505 si

640 1551 994 1635 parasitus,
1054 1548 1417 1627 „alterum”
1469 1550 1910 1615 hominem.
1964 1548 2122 1615 Vult
2167 1552 2340 1615 enim
2388 1550 2705 1615 Parmeno
2751 1554 2816 1615 et
2853 1568 3035 1634 para-

640 1658 764 1721 sito
812 1678 946 1721 esse
995 1658 1332 1734 versutior,
1380 1661 1445 1723 et
1495 1654 1726 1723 debent
1774 1678 1944 1733 esse,
1994 1658 2107 1742 qui
2155 1658 2388 1742 peioris
2435 1656 2822 1723 condicionis
2861 1660 3037 1720 sunt.

600 1768 611 1787 '
730 1763 1063 1829 Postrema
1102 1764 1475 1840 observatio,
1503 1784 1617 1848 per
1654 1785 1721 1829 se
1763 1786 1886 1829 non
1911 1763 2206 1849 illepida;
2248 1768 2323 1827 ut
2346 1784 2460 1828 nos
2487 1763 2694 1828 dicere
2719 1761 3034 1827 solemus:

637 1872 747 1954 qui
794 1890 917 1935 non
966 1875 1063 1935 est
1112 1868 1356 1949 fortior,
1406 1871 1493 1934 sit
1540 1869 1865 1950 callidior3
1915 1870 2025 1935 sed
2073 1869 2152 1935 ad
2190 1890 2325 1935 rem
2364 1873 2760 1955 praesentem
2801 1888 3032 1953 parum

642 1976 891 2147 reffhi'd.
949 2081 1031 2147 10
1103 2081 1273 2147 Bene
1322 2082 1531 2147 fecisti
1579 2081 1769 2147 hodie
1815 2084 1988 2147 itura
2040 2130 2054 2147 .
2085 2130 2099 2146 .
2129 2130 2145 2146 .

734 2188 829 2268 (l)
893 2188 1057 2267 Quid
1119 2189 1275 2254 bene
1335 2189 1486 2253 fecit
1547 2185 1905 2253 Parmeno?
1965 2209 2045 2253 an
2093 2189 2274 2273 quasi
2322 2188 2693 2272 perturbata
2738 2188 2892 2252 haec
2939 2186 3034 2252 lo-

641 2297 864 2379 quitur
910 2299 976 2359 et
1019 2296 1150 2359 iam
1191 2295 1267 2359 de
1304 2294 1510 2359 nihilo
1549 2294 1914 2371 blandiens,
1958 2300 2184 2380 utpote
2223 2296 2527 2359 meretrix
2571 2298 2634 2359 et
2672 2291 2914 2359 faceta?
2943 2330 3029 2345 -

641 2422 719 2465 an
769 2401 936 2487 quod
981 2399 1237 2466 laeserit
1280 2398 1607 2467 convitio?
1743 2400 2050 2485 Separavi
2096 2402 2526 2478 coniecturas,
2575 2420 2850 2485 quarum
2894 2402 3029 2465 iam

640 2508 846 2573 forma
882 2514 1034 2588 (‚,an
1062 2546 1143 2557 -
1172 2508 1293 2572 an’'
1345 2530 1467 2573 non
1522 2514 1788 2585 „utrum
1815 2547 1898 2557 —
1925 2507 2076 2588 an'’)
2116 2508 2272 2572 duos
2298 2513 2584 2572 auctores
2610 2507 3025 2571 demonstrat.

637 2612 837 2678 Illum
886 2614 1206 2679 Donatum
1258 2635 1392 2679 esse
1439 2635 1626 2679 nemo
1675 2614 1926 2679 credere
1974 2614 2313 2678 dubitabit.
2364 2613 2490 2677 Hic
2535 2634 2689 2699 ergo
2739 2619 2835 2677 est
2881 2611 3033 2677 Edi-

640 2727 758 2797 tor,
824 2723 935 2806 qui
999 2719 1165 2805 quod
1228 2723 1594 2787 convicium
1657 2720 2000 2806 intellegat
2059 2722 2290 2785 nesciO.
2378 2720 2780 2786 Dziatzko
2840 2725 3029 2804 putat

638 2824 948 2890 'I'haidem
998 2827 1099 2890 his
1145 2827 1359 2892 verbis
1404 2828 1643 2891 ironice
1689 2827 2038 2911 exprobare
2077 2828 2341 2892 inimica
2379 2827 2571 2892 verba
2611 2827 3028 2891 Parmenonis

640 2931 849 2996 multo
914 2936 1059 2996 ante
1121 2932 1290 2997 dicta
1347 2934 1415 2996 in
1475 2932 1507 2996 I
1554 2931 1615 3010 2,
1679 2934 1956 3018 iungens
2020 2933 2220 3010 „bene
2285 2932 2493 2997 fecisti
2538 2929 2818 2997 hodie”?
2884 2931 3027 3018 Ego

638 3045 714 3104 ut
777 3038 1030 3104 Fabia
1094 3038 1369 3116 „hodie”
1438 3060 1586 3103 cum
1652 3038 1911 3117 „itura”
1975 3041 2215 3125 iungo,
2267 3039 2577 3123 credoque
2624 3040 3026 3103 meretricem

638 3144 1102 3209 Parmenonem
1166 3144 1244 3209 ad
1304 3166 1370 3209 se
1430 3148 1794 3211 venientem
1856 3144 2084 3210 blande
2139 3144 2379 3231 alloqui
2425 3146 2525 3209 his
2577 3146 2816 3223 verbis,
2868 3166 3028 3231 quae

548 3246 572 3265 ⁸
637 3252 917 3336 gratiam
977 3253 1227 3336 agentis
1288 3257 1438 3316 sunt
1500 3251 1724 3332 (Fabia
1787 3250 1866 3316 ad
1915 3272 2010 3315 vs.
2069 3250 2243 3331 186),
2293 3272 2444 3315 cum
2490 3250 2758 3331 mcliqra
2805 3252 3027 3315 statim

635 3380 761 3424 non
800 3361 1122 3437 inveniat,
1164 3366 1239 3424 ut
1278 3366 1373 3423 est
1395 3360 1803 3444 perturbatus
1830 3361 1947 3439 (sic
1971 3365 2139 3423 recte
2166 3359 2355 3440 Don.)
2382 3360 2687 3442 quoniam
2713 3358 3026 3423 Parmeno

636 3467 1011 3550 supervenit
1072 3465 1194 3531 hoc
1239 3468 1379 3550 ipso
1425 3472 1781 3544 momente,
1830 3487 1954 3551 quo
2001 3464 2080 3529 ad
2129 3464 2358 3529 militis
2405 3464 2756 3529 Phaedriae
2811 3463 3028 3529 rivalis

634 3592 856 3637 cenam
901 3574 1077 3634 itura
1124 3574 1243 3649 sit,
1293 3572 1462 3655 quod
1506 3571 1649 3637 ideo
1701 3578 1915 3656 aperte
1961 3570 2248 3655 profiteri
2292 3592 2417 3635 non
2467 3571 2660 3636 audet
2676 3590 2693 3649 3
2742 3571 2890 3635 hinc
2936 3591 3026 3634 re-

630 3678 895 3742 ticentia
940 3683 1083 3761 post
1134 3676 1386 3754 „itura”
1441 3725 1455 3743 .
1486 3726 1501 3742 .
1531 3724 1545 3742 .

725 3782 887 3847 Ibid.
942 3781 1023 3845 12
1050 3804 1181 3868 sqq.

723 3888 1053 3954 Thraso,
1105 3889 1272 3969 Quid
1320 3896 1569 3954 stamus
1590 3886 1657 3954 ?”
1711 3889 1883 3977 Quor
1929 3912 2052 3955 non
2101 3891 2275 3953 imus
2321 3885 2513 3953 hinc?

726 3994 853 4059 Pa.
1106 3995 1348 4075 Quaeso
1399 3995 1609 4061 hercle
1658 4002 1736 4060 ut
1778 3994 2004 4076 liceat,
2052 4016 2206 4080 pace
2253 3996 2424 4079 quod
2469 3994 2581 4059 fiat
2626 4001 2771 4073 tua,

1111 4100 1277 4165 Dare
1322 4101 1475 4167 huic
1524 4122 1683 4187 quae
1735 4099 2078 4180 volumus,
2129 4104 2468 4166 convenire
2515 4107 2578 4165 et
2624 4100 2902 4186 colloqui

728 4206 824 4269 Ad
876 4205 959 4270 12
1022 4207 1219 4272 Don.:
1286 4208 1381 4289 (l)
1447 4208 1661 4287 „Quid
1723 4207 2013 4272 stamus''
2079 4207 2158 4272 ad
2218 4228 2466 4272 moram
2532 4206 2810 4272 refertur
2855 4204 3020 4287 (scil.

634 4333 829 4396 quam
875 4312 1029 4377 facit
1075 4312 1313 4392 Parm.,
1357 4314 1527 4399 quod
1566 4334 1755 4400 aegre
1795 4313 1920 4377 fert
1958 4313 2158 4394 Thr.).
2209 4313 2306 4395 (2)
2348 4312 2601 4391 „Hinc”
2644 4314 2757 4379 ubi
2797 4332 3023 4378 servus

632 4415 858 4482 rivalis
903 4424 999 4481 est
1039 4419 1372 4484 Parmeno.
1414 4418 1600 4500 (Vide
1644 4440 1804 4504 quae
1848 4418 2035 4483 modo
2074 4418 2504 4498 adnotabam).
2599 4417 2698 4483 IP
2738 4417 3020 4482 addidit:

633 4520 731 4601 (3)
775 4521 897 4587 His
944 4525 1155 4589 verbis
1201 4525 1388 4590 miles
1433 4523 1719 4590 insulsus
1766 4522 1977 4591 dolere
2025 4546 2090 4589 se
2133 4525 2394 4589 indicat.
