3392 5384
695 368 832 434 400
1708 385 2083 432 purorum.

791 550 971 616 46E.
1020 552 1104 614 τοὶ
1153 576 1264 627 μεν
1311 546 1408 614 οὖν
1452 557 1567 614 τῶν
1597 550 1917 627 ὀμμάτων
1967 550 2556 627 συμμεταίτια
2607 552 2750 628 πρὸς
2794 554 2860 614 τὸ
2904 560 3099 633 σχεῖν

700 682 806 729 την
856 656 1113 733 δύναμιν
1163 647 1229 729 ἣν
1279 643 1377 720 νῦν
1427 656 1680 738 εἴληχεν
1730 658 1995 735 εἰρήσθω.
2066 656 2180 721 Vix
2230 656 2532 722 credibile
2580 656 2914 723 Platonem
2966 658 3097 723 hoo

697 754 1088 829 vocabulum
1151 784 1468 847 nusquam
1534 761 1686 827 alibi
1751 761 1989 827 lectum
2054 763 2417 827 adhibuisse
2480 785 2593 848 pro
2661 766 3097 841 συναίτια,

698 877 773 934 ut
831 877 1000 934 reete
1063 869 1282 934 eodem
1345 890 1533 933 sensu
1599 871 1858 954 scripsit
1922 871 2041 934 sub
2104 867 2234 934 litt.
2302 868 2353 937 O
2416 877 2479 933 et
2525 873 2693 934 infra
2744 869 2922 948 '76D,
2976 878 3101 935 aut

698 975 1137 1054 μεταίτιοι,
1180 975 1348 1061 quod
1387 976 1560 1041 idem
1603 975 1943 1059 signifieat.
1986 974 2225 1041 Nullus
2266 979 2438 1040 enim
2481 979 2749 1065 scriptor
2787 974 3101 1053 GraecuS,

697 1083 862 1147 bona
923 1081 1151 1147 saltem
1215 1087 1456 1160 aetate,
1524 1084 2023 1171 praepositiones
2077 1082 2186 1146 σύν
2235 1088 2300 1147 et
2346 1082 2513 1160 μετοὶ
2562 1082 2949 1168 pleonastiee
2999 1104 3103 1148 co-

699 1187 972 1273 pulavit.
1037 1186 1221 1252 Nihil
1270 1190 1443 1253 enim
1492 1209 1650 1273 opus
1698 1188 2012 1253 affirmare
2058 1189 2541 1267 συμ-μετέχειν,
2592 1204 3101 1267 συρι-ριεταλαμ-

697 1295 913 1373 βανεῖν
978 1293 1226 1378 aliaque
1289 1293 1499 1358 mult-a
1562 1315 1698 1359 esse
1764 1293 2219 1359 dissimillima.
2285 1296 2419 1360 Aut
2464 1297 2674 1380 igitur
2720 1294 2927 1373 fallor,
2977 1302 3099 1360 aut

698 1400 970 1485 vulgata
1017 1406 1164 1464 nata
1212 1406 1308 1465 est
1355 1421 1431 1465 ex
1479 1402 1675 1464 variis
1722 1398 2106 1466 lectionibus
2153 1402 2440 1467 συναίτια
2491 1408 2556 1465 et
2602 1402 2925 1477 μεταίτιαι.

791 1616 967 1685 57E.
1034 1622 1117 1683 τὰ
1182 1620 1292 1693 μὲν
1357 1617 1454 1685 οὖν
1517 1620 1624 1695 ἤδη
1688 1622 1822 1699 περὶ
1873 1622 2075 1685 αὐτῶν
2127 1620 2495 1700 εἴρηται,
2546 1620 2687 1699 πρὸς
2738 1620 2789 1685 δ’
2839 1621 3086 1693 ἐκείνοις

702 1724 791 1792 ἔτι
840 1726 1075 1804 τάδε,
1128 1727 1185 1789 ἕν
1239 1726 1350 1802 μὲν
1401 1727 1747 1801 ὁμαλότητι
1798 1727 2106 1803 μηδέποτε
2160 1726 2382 1791 ἐθέλειν
2430 1729 2659 1801 κίνησιν
2707 1724 2880 1791 εἶναι.

789 1832 1135 1897 Manifesto
1199 1833 1337 1897 hiat
1399 1836 1618 1898 oratio.
1679 1833 1929 1919 Quippe
1976 1838 2124 1920 post
2175 1840 2287 1899 aut
2332 1839 2479 1900 ante
2526 1834 2676 1898 τάδε
2723 1855 2803 1898 ex
2848 1838 3097 1899 antece-

701 1938 998 2004 dentibus
1059 1938 1224 2003 nihil
1287 1940 1851 2027 mentesuppleri
1911 1946 2133 2026 potest
2166 1947 2420 2026 praeter
2466 1938 2737 2019 εἴρηται,
2789 1943 3097 2025 quamvis

703 2048 1016 2111 sententia
1086 2044 1373 2130 suppleri
1437 2046 1658 2111 iubeat
1726 2048 1953 2111 λεκτέα
2005 2052 2167 2129 (-ον),
2234 2054 2346 2112 aut
2408 2045 2584 2113 aliud
2645 2046 2799 2132 quid
2848 2046 3091 2111 simile.

705 2151 803 2219 Cf.
851 2175 916 2218 v.
945 2174 998 2218 c-
1043 2151 1200 2217 65Β
1249 2153 1349 2216 καὶ
1407 2153 1491 2217 τὰ
1539 2154 1652 2230 μὲν
1699 2154 1771 2229 δὴ
1822 2155 1987 2218 κοινοὶ
2038 2202 2052 2220 .
2085 2203 2098 2219 .
2129 2201 2143 2219 .
2188 2154 2409 2234 σχεδὸν
2458 2153 2725 2233 εἴρηται·
2778 2156 2858 2217 τὰ
2903 2153 2953 2217 δ’
2984 2203 2999 2217 .

707 2260 1024 2337 πειρατέον
1075 2260 1288 2324 εἰπεῖν.

793 2366 1010 2431 Possis
1073 2367 1268 2431 etiam
1335 2370 1578 2431 tentare
1640 2366 1729 2430 ἔτ’
1778 2366 2017 2431 ἶστέα
2083 2366 2269 2445 τάδε,
2340 2366 2446 2431 sed
2507 2366 2660 2451 quid
2707 2364 3091 2451 philosopho

705 2472 852 2538 dare
890 2472 1202 2557 placuerit
1241 2474 1390 2536 seiri
1427 2475 1689 2558 nequit,
1733 2494 1927 2559 quare
1970 2473 2201 2539 editori
2226 2473 2501 2538 sufficiat
2524 2477 2743 2538 notare
2765 2472 3089 2537 lacunam.

798 2691 953 2760 650
994 2698 1155 2758 extr.
1199 2694 1316 2766 τὰς
1355 2692 1649 2773 Φλέβας,
1690 2686 1920 2774 οἷόνπερ
1962 2693 2297 2771 δοκίμιοι
2336 2701 2448 2768 τῆς
2487 2694 2776 2771 γλώττης
2825 2691 3094 2769 τεταμέ-

706 2823 812 2871 νας
863 2798 960 2863 ἐπὶ
1014 2800 1122 2873 τὴν
1171 2798 1443 2880 καρδίαν.

795 2905 1081 2970 Pessime
1127 2904 1372 2969 Burnet
1418 2924 1496 2969 ex
1545 2904 1598 2968 V
1645 2902 1823 2970 Stob.
1874 2903 2017 2972 Gal.
2068 2908 2341 2991 arripuit
2379 2926 2588 2971 seram
2626 2906 2902 2971 formam
2942 2904 3096 2970 δοκί-

705 3035 823 3089 μια
871 3033 986 3097 pro
1025 3012 1241 3076 Attica
1290 3010 1712 3090 δοκιμεῑα,
1754 3032 1949 3096 quam
1986 3013 2118 3076 iam
2159 3011 2414 3078 Bekker
2450 3015 2690 3097 recepit
2729 3034 2805 3079 ex
2846 3011 2982 3077 eod.
3010 3012 3088 3076 A.

802 3212 956 3281 700
1010 3222 1170 3280 extr.
1242 3211 1358 3279 οἷον
1420 3216 1817 3294 σπόγγου.
1902 3217 2026 3282 Η10
2090 3224 2164 3283 ut
2227 3216 2605 3303 plerumque
2667 3215 2823 3281 alibi
2884 3217 3095 3282 forma.

589 3326 601 3337 ‘
705 3320 1130 3387 Hellenistiea
1176 3323 1526 3387 substituta
1573 3330 1670 3388 est
1717 3344 1753 3389 a
1800 3324 2023 3388 scribis
2072 3345 2185 3408 pro
2233 3324 2448 3388 Attica
2495 3322 2651 3404 σφό
2667 3347 2711 3400 γ
2737 3346 2896 3401 γου.

802 3540 972 3609 740.
1038 3542 1164 3607 ὅθεν
1226 3543 1666 3624 συντονωτέραν
1731 3544 1844 3619 μὲν
1909 3544 2011 3607 καὶ
2068 3543 2521 3623 γλισχροτέραν
2573 3549 2826 3621 σαρκῶν,
2876 3558 3095 3619 μαλα·

706 3648 974 3731 κωτέραν
1034 3650 1097 3714 δὲ
1157 3650 1344 3714 ὀστῶν
1412 3650 1737 3728 ὑγροτέραν
1802 3675 1868 3713 τε
1938 3652 2239 3725 ἐκτήσατο
2306 3650 2569 3727 δύναμιν
2634 3654 2901 3728 νεῦρα·
2970 3642 3089 3721 οἷς

707 3758 1190 3837 συμπεριλαβὼν
1251 3758 1278 3822 ὂ
1342 3760 1467 3829 θεὸς
1530 3758 1685 3822 ὀστᾶ
1748 3757 1853 3821 καὶ
1913 3760 2140 3834 μυελὸν
2189 3756 2379 3832 δήσας
2429 3758 2575 3836 πρὸς
2625 3754 2882 3830 ἄλληλα
2934 3756 3096 3839 [νεύ-

707 3868 888 3949 ροις],
936 3863 1106 3941 μετὰ
1156 3869 1366 3928 ταῦτα
1416 3863 1628 3943 σαρξὶν
1676 3863 1890 3928 πάντα
1936 3865 2103 3928 αὐτὰ
2155 3856 2709 3928 κατεσκίασῗεν
2757 3861 2997 3927 ἄνωθεν.

796 3970 960 4051 Quid
1028 3990 1257 4056 quaeso
1319 3970 1683 4036 evidentius
1748 3991 1941 4055 quam
1988 3972 2198 4055 ipsam
2244 3969 2369 4035 loci
2417 3971 2949 4054 compositionem
2998 3990 3100 4033 ar-

705 4100 938 4165 guere,
1001 4079 1362 4143 insiticium
1411 4099 1547 4142 esse
1597 4074 1855 4157 νεύροιςῖ
1918 4077 2295 4143 Rectissime
2343 4084 2561 4141 autem
2608 4082 2819 4161 spreta
2865 4081 2963 4141 est
3013 4078 3093 4141 ab

706 4185 1058 4250 editoribus
1119 4183 1254 4249 eod.
1315 4183 1365 4248 F
1428 4183 1616 4250 lectio
1678 4183 2169 4261 κατεσκέπασεν,
2218 4186 2867 4267 interpretamentum
2912 4184 3097 4249 verbi

705 4294 977 4379 genuini
1019 4291 1454 4369 κατεσκίασεν,
1495 4294 1750 4377 saepius
1795 4292 1914 4357 hoe
1960 4311 2148 4356 sensu
2199 4291 2603 4356 occurrentis.

801 4492 958 4559 76ss
1004 4498 1168 4560 extr.
1217 4493 1562 4571 εἱλλόμε
1591 4517 1716 4559 νον
1763 4492 2009 4560 Burnet
2054 4496 2293 4580 recepit
2340 4517 2374 4561 e
2419 4494 2555 4560 cod.
2596 4493 2672 4573 V,
2711 4493 2883 4580 quod
2918 4495 2989 4559 in
3030 4495 3093 4559 A
