<?xml version="1.0" encoding="UTF-8"?>
<!DOCTYPE html PUBLIC "-//W3C//DTD XHTML 1.0 Transitional//EN"
    "http://www.w3.org/TR/xhtml1/DTD/xhtml1-transitional.dtd">
<html xmlns="http://www.w3.org/1999/xhtml" xml:lang="en" lang="en">
 <head>
  <title>
</title>
<meta http-equiv="Content-Type" content="text/html;charset=utf-8" />
  <meta name='ocr-system' content='tesseract 3.04.00' />
  <meta name='ocr-capabilities' content='ocr_page ocr_carea ocr_par ocr_line ocrx_word'/>
</head>
<body>
  <div class='ocr_page' id='page_1' title='image "./mnemosynebiblio13servgoog_0055.png"; bbox 0 0 3392 5384; ppageno 0'>
   <div class='ocr_carea' id='block_1_1' title="bbox 1385 434 2790 500">
    <p class='ocr_par' dir='ltr' id='par_1_1' title="bbox 1385 434 2790 500">
     <span class='ocr_line' id='line_1_1' title="bbox 1385 434 2790 500; baseline 0.005 -7"><span class='ocrx_word' id='word_1_1' title='bbox 1385 446 1699 496; x_wconf 76' lang='lat' dir='ltr'><strong>DONA&#39;I&#39;US.</strong></span> <span class='ocrx_word' id='word_1_2' title='bbox 2702 434 2790 500; x_wconf 86' lang='lat'><strong>43</strong></span> 
     </span>
    </p>
   </div>
   <div class='ocr_carea' id='block_1_2' title="bbox 395 609 2805 4284">
    <p class='ocr_par' dir='ltr' id='par_1_2' title="bbox 409 609 2800 783">
     <span class='ocr_line' id='line_1_2' title="bbox 525 609 2800 705; baseline 0.004 -28"><span class='ocrx_word' id='word_1_3' title='bbox 525 611 685 677; x_wconf 90' lang='lat' dir='ltr'><strong>Ibid.</strong></span> <span class='ocrx_word' id='word_1_4' title='bbox 751 609 789 676; x_wconf 83' lang='lat'><strong>5</strong></span> <span class='ocrx_word' id='word_1_5' title='bbox 861 610 1058 677; x_wconf 91' lang='lat' dir='ltr'><strong>Video</strong></span> <span class='ocrx_word' id='word_1_6' title='bbox 1127 617 1382 677; x_wconf 87' lang='lat' dir='ltr'><strong>sentum</strong></span> <span class='ocrx_word' id='word_1_7' title='bbox 1451 614 1818 698; x_wconf 86' lang='lat' dir='ltr'><strong>squalidum</strong></span> <span class='ocrx_word' id='word_1_8' title='bbox 1878 635 2145 702; x_wconf 79' lang='lat' dir='ltr'><strong>aegrum</strong></span> <span class='ocrx_word' id='word_1_9' title='bbox 2208 620 2434 701; x_wconf 89' lang='lat' dir='ltr'><strong>pannis</strong></span> <span class='ocrx_word' id='word_1_10' title='bbox 2493 621 2800 705; x_wconf 85' lang='lat' dir='ltr'><strong>annisque</strong></span> 
     </span>
     <span class='ocr_line' id='line_1_3' title="bbox 409 718 692 783; baseline -0.007 0"><span class='ocrx_word' id='word_1_11' title='bbox 409 718 692 783; x_wconf 89' lang='lat' dir='ltr'><strong>obsitum</strong></span> 
     </span>
    </p>

    <p class='ocr_par' dir='ltr' id='par_1_3' title="bbox 402 820 2797 1754">
     <span class='ocr_line' id='line_1_4' title="bbox 499 820 2790 908; baseline 0.004 -22"><span class='ocrx_word' id='word_1_12' title='bbox 499 822 596 901; x_wconf 99' lang='grc'>(2)</span> <span class='ocrx_word' id='word_1_13' title='bbox 661 820 1019 899; x_wconf 84' lang='lat' dir='ltr'><strong>„Sentum”</strong></span> <span class='ocrx_word' id='word_1_14' title='bbox 1090 824 1446 890; x_wconf 89' lang='lat' dir='ltr'><strong>horridum.</strong></span> <span class='ocrx_word' id='word_1_15' title='bbox 1601 825 1696 905; x_wconf 88' lang='grc'><strong>(3)</strong></span> <span class='ocrx_word' id='word_1_16' title='bbox 1762 826 1901 903; x_wconf 86' lang='lat' dir='ltr'><strong>„s.&#39;’</strong></span> <span class='ocrx_word' id='word_1_17' title='bbox 1966 826 2045 892; x_wconf 91' lang='lat' dir='ltr'><strong>ad</strong></span> <span class='ocrx_word' id='word_1_18' title='bbox 2106 827 2436 893; x_wconf 90' lang='lat' dir='ltr'><strong>horrorem</strong></span> <span class='ocrx_word' id='word_1_19' title='bbox 2499 829 2790 908; x_wconf 86' lang='lat' dir='ltr'><strong>rettulit,</strong></span> 
     </span>
     <span class='ocr_line' id='line_1_5' title="bbox 412 926 2791 1019; baseline 0.004 -28"><span class='ocrx_word' id='word_1_20' title='bbox 412 926 861 1012; x_wconf 83' lang='lat' dir='ltr'><strong>„squalidum”</strong></span> <span class='ocrx_word' id='word_1_21' title='bbox 925 929 1004 993; x_wconf 89' lang='lat' dir='ltr'><strong>ad</strong></span> <span class='ocrx_word' id='word_1_22' title='bbox 1065 930 1312 1007; x_wconf 89' lang='lat' dir='ltr'><strong>sordes,</strong></span> <span class='ocrx_word' id='word_1_23' title='bbox 1378 932 1732 1017; x_wconf 82' lang='lat' dir='ltr'><strong>„aegrum”</strong></span> <span class='ocrx_word' id='word_1_24' title='bbox 1795 932 1873 997; x_wconf 90' lang='lat' dir='ltr'><strong>ad</strong></span> <span class='ocrx_word' id='word_1_25' title='bbox 1933 935 2241 1011; x_wconf 80' lang='lat' dir='ltr'><strong>maciem,</strong></span> <span class='ocrx_word' id='word_1_26' title='bbox 2309 956 2413 1019; x_wconf 92' lang='lat' dir='ltr'><strong>„p.</strong></span> <span class='ocrx_word' id='word_1_27' title='bbox 2457 955 2513 1001; x_wconf 89' lang='lat' dir='ltr'><strong>a.</strong></span> <span class='ocrx_word' id='word_1_28' title='bbox 2556 934 2659 1002; x_wconf 88' lang='lat'><strong>0.&#39;’</strong></span> <span class='ocrx_word' id='word_1_29' title='bbox 2710 935 2791 1001; x_wconf 88' lang='lat' dir='ltr'><strong>ad</strong></span> 
     </span>
     <span class='ocr_line' id='line_1_6' title="bbox 408 1029 2794 1126; baseline 0.003 -28"><span class='ocrx_word' id='word_1_30' title='bbox 408 1036 719 1098; x_wconf 86' lang='lat' dir='ltr'><strong>vestitum</strong></span> <span class='ocrx_word' id='word_1_31' title='bbox 763 1038 849 1099; x_wconf 91' lang='lat' dir='ltr'><strong>.et</strong></span> <span class='ocrx_word' id='word_1_32' title='bbox 909 1036 1262 1099; x_wconf 84' lang='lat' dir='ltr'><strong>tristitiam.</strong></span> <span class='ocrx_word' id='word_1_33' title='bbox 1405 1035 1496 1119; x_wconf 82' lang='lat'><strong>(4)</strong></span> <span class='ocrx_word' id='word_1_34' title='bbox 1559 1036 1683 1101; x_wconf 82' lang='lat' dir='ltr'><strong>Sed</strong></span> <span class='ocrx_word' id='word_1_35' title='bbox 1732 1039 1999 1123; x_wconf 88' lang='lat' dir='ltr'><strong>„pannis</strong></span> <span class='ocrx_word' id='word_1_36' title='bbox 2047 1047 2111 1102; x_wconf 89' lang='lat' dir='ltr'><strong>et</strong></span> <span class='ocrx_word' id='word_1_37' title='bbox 2157 1029 2386 1103; x_wconf 67' lang='lat' dir='ltr'><strong>annis’&#39;¹</strong></span> <span class='ocrx_word' id='word_1_38' title='bbox 2429 1039 2794 1126; x_wconf 85' lang='lat' dir='ltr'><strong>morologia</strong></span> 
     </span>
     <span class='ocr_line' id='line_1_7' title="bbox 406 1140 2795 1237; baseline 0.002 -33"><span class='ocrx_word' id='word_1_39' title='bbox 406 1141 837 1225; x_wconf 89' lang='lat' dir='ltr'><strong>parasitorum</strong></span> <span class='ocrx_word' id='word_1_40' title='bbox 896 1145 1066 1206; x_wconf 88' lang='lat' dir='ltr'><strong>sunt.</strong></span> <span class='ocrx_word' id='word_1_41' title='bbox 1222 1140 1320 1223; x_wconf 86' lang='grc'>(5)</span> <span class='ocrx_word' id='word_1_42' title='bbox 1385 1164 1490 1227; x_wconf 92' lang='lat' dir='ltr'><strong>„p.</strong></span> <span class='ocrx_word' id='word_1_43' title='bbox 1519 1142 1620 1207; x_wconf 86' lang='lat' dir='ltr'><strong>a.&#39;&#39;</strong></span> <span class='ocrx_word' id='word_1_44' title='bbox 1671 1143 1779 1208; x_wconf 85' lang='lat' dir='ltr'><strong>vel</strong></span> <span class='ocrx_word' id='word_1_45' title='bbox 1826 1146 2163 1237; x_wconf 85' lang='lat' dir='ltr'><strong>parasitica</strong></span> <span class='ocrx_word' id='word_1_46' title='bbox 2210 1143 2576 1210; x_wconf 78' lang='lat' dir='ltr'><strong>vernilitate</strong></span> <span class='ocrx_word' id='word_1_47' title='bbox 2626 1148 2795 1210; x_wconf 70' lang='grc' dir='ltr'><strong>κατὰ</strong></span> 
     </span>
     <span class='ocr_line' id='line_1_8' title="bbox 402 1244 2795 1333; baseline 0.003 -26"><span class='ocrx_word' id='word_1_48' title='bbox 402 1244 472 1307; x_wconf 79' lang='grc' dir='ltr'><strong>τὸ</strong></span> <span class='ocrx_word' id='word_1_49' title='bbox 537 1244 991 1320; x_wconf 54' lang='lat' dir='ltr'><strong>&amp;uotorum-rou</strong></span> <span class='ocrx_word' id='word_1_50' title='bbox 1055 1245 1301 1311; x_wconf 81' lang='lat' dir='ltr'><strong>dictum</strong></span> <span class='ocrx_word' id='word_1_51' title='bbox 1363 1247 1470 1313; x_wconf 82' lang='lat' dir='ltr'><strong>vel</strong></span> <span class='ocrx_word' id='word_1_52' title='bbox 1531 1251 1682 1333; x_wconf 84' lang='lat' dir='ltr'><strong>quia.</strong></span> <span class='ocrx_word' id='word_1_53' title='bbox 1745 1248 2071 1314; x_wconf 76' lang='lat' dir='ltr'><strong>Homerus</strong></span> <span class='ocrx_word' id='word_1_54' title='bbox 2132 1250 2295 1314; x_wconf 81' lang='lat' dir='ltr'><strong>dixit</strong></span> <span class='ocrx_word' id='word_1_55' title='bbox 2342 1246 2508 1327; x_wconf 71' lang='grc' dir='ltr'><strong>αἶψα</strong></span> <span class='ocrx_word' id='word_1_56' title='bbox 2558 1251 2686 1329; x_wconf 74' lang='grc' dir='ltr'><strong>γὰρ</strong></span> <span class='ocrx_word' id='word_1_57' title='bbox 2735 1253 2795 1315; x_wconf 85' lang='grc' dir='ltr'><strong>ἕν</strong></span> 
     </span>
     <span class='ocr_line' id='line_1_9' title="bbox 404 1350 2795 1435; baseline 0.003 -21"><span class='ocrx_word' id='word_1_58' title='bbox 404 1350 699 1425; x_wconf 70' lang='grc' dir='ltr'><strong>κακότητι</strong></span> <span class='ocrx_word' id='word_1_59' title='bbox 771 1350 975 1427; x_wconf 76' lang='grc' dir='ltr'><strong><em>βροτοὶ</em></strong></span> <span class='ocrx_word' id='word_1_60' title='bbox 1049 1351 1593 1429; x_wconf 67' lang='grc' dir='ltr'><strong><em>καταγηράσκουσι</em></strong></span> <span class='ocrx_word' id='word_1_61' title='bbox 1667 1352 1811 1432; x_wconf 89' lang='lat' dir='ltr'><strong>(Od.</strong></span> <span class='ocrx_word' id='word_1_62' title='bbox 1884 1352 1988 1418; x_wconf 85' lang='lat'><strong>19.</strong></span> <span class='ocrx_word' id='word_1_63' title='bbox 2017 1352 2197 1435; x_wconf 89' lang='grc'>360).</span> <span class='ocrx_word' id='word_1_64' title='bbox 2380 1354 2477 1435; x_wconf 90' lang='grc'><strong>(6)</strong></span> <span class='ocrx_word' id='word_1_65' title='bbox 2547 1356 2630 1419; x_wconf 79' lang='lat' dir='ltr'><strong>Et</strong></span> <span class='ocrx_word' id='word_1_66' title='bbox 2696 1361 2795 1421; x_wconf 82' lang='lat' dir='ltr'><strong>est</strong></span> 
     </span>
     <span class='ocr_line' id='line_1_10' title="bbox 407 1456 2793 1546; baseline 0.003 -26"><span class='ocrx_word' id='word_1_67' title='bbox 407 1459 702 1521; x_wconf 83' lang='lat' dir='ltr'><strong>miseriae</strong></span> <span class='ocrx_word' id='word_1_68' title='bbox 749 1459 1001 1521; x_wconf 86' lang='lat' dir='ltr'><strong>senium</strong></span> <span class='ocrx_word' id='word_1_69' title='bbox 1049 1456 1374 1536; x_wconf 89' lang='lat' dir='ltr'><strong>debitum,</strong></span> <span class='ocrx_word' id='word_1_70' title='bbox 1425 1459 1593 1525; x_wconf 89' lang='lat' dir='ltr'><strong>unde</strong></span> <span class='ocrx_word' id='word_1_71' title='bbox 1634 1460 1786 1525; x_wconf 91' lang='lat' dir='ltr'><strong>huic</strong></span> <span class='ocrx_word' id='word_1_72' title='bbox 1826 1462 2037 1545; x_wconf 83' lang='lat' dir='ltr'><strong>magis</strong></span> <span class='ocrx_word' id='word_1_73' title='bbox 2075 1462 2342 1525; x_wconf 78' lang='lat' dir='ltr'><strong>tristitia</strong></span> <span class='ocrx_word' id='word_1_74' title='bbox 2380 1463 2793 1546; x_wconf 82' lang='lat' dir='ltr'><strong>gravitasque</strong></span> 
     </span>
     <span class='ocr_line' id='line_1_11' title="bbox 405 1560 2797 1652; baseline 0.002 -26"><span class='ocrx_word' id='word_1_75' title='bbox 405 1560 766 1647; x_wconf 86' lang='lat' dir='ltr'><strong>displicuit,</strong></span> <span class='ocrx_word' id='word_1_76' title='bbox 815 1562 1019 1627; x_wconf 90' lang='lat' dir='ltr'><strong>aliena</strong></span> <span class='ocrx_word' id='word_1_77' title='bbox 1067 1584 1316 1648; x_wconf 82' lang='lat' dir='ltr'><strong>semper</strong></span> <span class='ocrx_word' id='word_1_78' title='bbox 1363 1565 1440 1629; x_wconf 91' lang='lat' dir='ltr'><strong>ab</strong></span> <span class='ocrx_word' id='word_1_79' title='bbox 1489 1566 1859 1630; x_wconf 87' lang='lat' dir='ltr'><strong>hominibus</strong></span> <span class='ocrx_word' id='word_1_80' title='bbox 1894 1568 2209 1652; x_wconf 81' lang='lat' dir='ltr'><strong>parasitis.</strong></span> <span class='ocrx_word' id='word_1_81' title='bbox 2348 1563 2444 1647; x_wconf 83' lang='lat'><strong>(7)</strong></span> <span class='ocrx_word' id='word_1_82' title='bbox 2484 1566 2653 1631; x_wconf 89' lang='lat' dir='ltr'><strong>Bene</strong></span> <span class='ocrx_word' id='word_1_83' title='bbox 2693 1566 2797 1633; x_wconf 89' lang='lat' dir='ltr'><strong>ad-</strong></span> 
     </span>
     <span class='ocr_line' id='line_1_12' title="bbox 403 1668 2638 1754; baseline 0.002 -22"><span class='ocrx_word' id='word_1_84' title='bbox 403 1668 602 1744; x_wconf 89' lang='lat' dir='ltr'><strong>didit,</strong></span> <span class='ocrx_word' id='word_1_85' title='bbox 651 1668 898 1744; x_wconf 86' lang='lat' dir='ltr'><strong>annis’&#39;,</strong></span> <span class='ocrx_word' id='word_1_86' title='bbox 948 1671 1100 1753; x_wconf 88' lang='lat' dir='ltr'><strong>quia</strong></span> <span class='ocrx_word' id='word_1_87' title='bbox 1149 1673 1220 1734; x_wconf 90' lang='lat' dir='ltr'><strong>ut</strong></span> <span class='ocrx_word' id='word_1_88' title='bbox 1268 1673 1535 1754; x_wconf 89' lang='lat' dir='ltr'><strong>quisque</strong></span> <span class='ocrx_word' id='word_1_89' title='bbox 1582 1673 1779 1735; x_wconf 83' lang='lat' dir='ltr'><strong>miser</strong></span> <span class='ocrx_word' id='word_1_90' title='bbox 1824 1675 1921 1735; x_wconf 89' lang='lat' dir='ltr'><strong>est</strong></span> <span class='ocrx_word' id='word_1_91' title='bbox 1966 1674 2060 1736; x_wconf 87' lang='lat' dir='ltr'><strong>ita</strong></span> <span class='ocrx_word' id='word_1_92' title='bbox 2107 1674 2317 1736; x_wconf 89' lang='lat' dir='ltr'><strong>senior</strong></span> <span class='ocrx_word' id='word_1_93' title='bbox 2363 1671 2638 1737; x_wconf 88' lang='lat' dir='ltr'><strong>videtur.</strong></span> 
     </span>
    </p>

    <p class='ocr_par' dir='ltr' id='par_1_4' title="bbox 404 1770 2431 1861">
     <span class='ocr_line' id='line_1_13' title="bbox 404 1770 2431 1861; baseline 0.002 -24"><span class='ocrx_word' id='word_1_94' title='bbox 404 1772 502 1853; x_wconf 88' lang='grc'><strong>(8)</strong></span> <span class='ocrx_word' id='word_1_95' title='bbox 549 1770 638 1835; x_wconf 90' lang='lat' dir='ltr'><strong>Ut</strong></span> <span class='ocrx_word' id='word_1_96' title='bbox 685 1774 1029 1849; x_wconf 78' lang='lat' dir='ltr'><strong>„sentum”</strong></span> <span class='ocrx_word' id='word_1_97' title='bbox 1083 1774 1448 1851; x_wconf 79' lang='lat' dir='ltr'><strong>„obsitum’³</strong></span> <span class='ocrx_word' id='word_1_98' title='bbox 1501 1776 1698 1840; x_wconf 86' lang='lat' dir='ltr'><strong>dixit:</strong></span> <span class='ocrx_word' id='word_1_99' title='bbox 1750 1777 2082 1856; x_wconf 69' lang='grc' dir='ltr'><strong>μεταφορά</strong></span> <span class='ocrx_word' id='word_1_100' title='bbox 2132 1777 2209 1840; x_wconf 85' lang='lat' dir='ltr'><strong>ab</strong></span> <span class='ocrx_word' id='word_1_101' title='bbox 2256 1797 2431 1861; x_wconf 80' lang='lat' dir='ltr'><strong>agro·</strong></span> 
     </span>
    </p>

    <p class='ocr_par' dir='ltr' id='par_1_5' title="bbox 402 1876 2805 2491">
     <span class='ocr_line' id='line_1_14' title="bbox 495 1876 2786 1968; baseline 0.001 -23"><span class='ocrx_word' id='word_1_102' title='bbox 495 1876 664 1945; x_wconf 87' lang='lat' dir='ltr'><strong>Cum</strong></span> <span class='ocrx_word' id='word_1_103' title='bbox 710 1878 944 1945; x_wconf 83' lang='lat' dir='ltr'><strong>Sabb.</strong></span> <span class='ocrx_word' id='word_1_104' title='bbox 994 1881 1062 1943; x_wconf 90' lang='lat' dir='ltr'><strong>in</strong></span> <span class='ocrx_word' id='word_1_105' title='bbox 1103 1878 1200 1959; x_wconf 89' lang='lat'><strong>(3)</strong></span> <span class='ocrx_word' id='word_1_106' title='bbox 1237 1880 1765 1966; x_wconf 87' lang='lat' dir='ltr'><strong>Interpolatorem</strong></span> <span class='ocrx_word' id='word_1_107' title='bbox 1791 1903 2063 1968; x_wconf 82' lang='lat' dir='ltr'><strong>agnosco</strong></span> <span class='ocrx_word' id='word_1_108' title='bbox 2094 1882 2357 1961; x_wconf 76' lang='lat' dir='ltr'><strong>(rettulit</strong></span> <span class='ocrx_word' id='word_1_109' title='bbox 2395 1884 2479 1945; x_wconf 85' lang='lat' dir='ltr'><strong>ad</strong></span> <span class='ocrx_word' id='word_1_110' title='bbox 2514 1888 2786 1967; x_wconf 86' lang='lat' dir='ltr'><strong>quater),</strong></span> 
     </span>
     <span class='ocr_line' id='line_1_15' title="bbox 402 1984 2789 2073; baseline 0.001 -24"><span class='ocrx_word' id='word_1_111' title='bbox 402 1986 508 2049; x_wconf 87' lang='lat' dir='ltr'><strong>cui</strong></span> <span class='ocrx_word' id='word_1_112' title='bbox 575 1984 742 2049; x_wconf 88' lang='lat' dir='ltr'><strong>alius</strong></span> <span class='ocrx_word' id='word_1_113' title='bbox 776 1986 1111 2071; x_wconf 67' lang='lat' dir='ltr'><strong>‚magister</strong></span> <span class='ocrx_word' id='word_1_114' title='bbox 1172 1989 1474 2071; x_wconf 89' lang='lat' dir='ltr'><strong>opposuit</strong></span> <span class='ocrx_word' id='word_1_115' title='bbox 1535 1986 1633 2067; x_wconf 89' lang='grc'><strong>(4)</strong></span> <span class='ocrx_word' id='word_1_116' title='bbox 1694 2008 1807 2073; x_wconf 87' lang='lat' dir='ltr'><strong>per</strong></span> <span class='ocrx_word' id='word_1_117' title='bbox 1862 1990 1987 2065; x_wconf 68' lang='lat' dir='ltr'><strong>sed,</strong></span> <span class='ocrx_word' id='word_1_118' title='bbox 2051 1988 2359 2052; x_wconf 88' lang='lat' dir='ltr'><strong>haustum</strong></span> <span class='ocrx_word' id='word_1_119' title='bbox 2418 2008 2451 2051; x_wconf 98' lang='lat' dir='ltr'><strong>e</strong></span> <span class='ocrx_word' id='word_1_120' title='bbox 2497 1989 2789 2071; x_wconf 85' lang='lat' dir='ltr'><strong>sequenti</strong></span> 
     </span>
     <span class='ocr_line' id='line_1_16' title="bbox 403 2088 2788 2171; baseline 0.002 -17"><span class='ocrx_word' id='word_1_121' title='bbox 403 2088 644 2155; x_wconf 89' lang='lat' dir='ltr'><strong>scholio</strong></span> <span class='ocrx_word' id='word_1_122' title='bbox 685 2088 923 2153; x_wconf 90' lang='lat' dir='ltr'><strong>Donati</strong></span> <span class='ocrx_word' id='word_1_123' title='bbox 964 2088 1079 2170; x_wconf 83' lang='lat'><strong>(5).</strong></span> <span class='ocrx_word' id='word_1_124' title='bbox 1126 2089 1318 2157; x_wconf 84' lang='lat' dir='ltr'><strong>Errat</strong></span> <span class='ocrx_word' id='word_1_125' title='bbox 1355 2090 1578 2155; x_wconf 74' lang='lat' dir='ltr'><strong>autem</strong></span> <span class='ocrx_word' id='word_1_126' title='bbox 1617 2091 1853 2157; x_wconf 82' lang='lat' dir='ltr'><strong>Sabb.</strong></span> <span class='ocrx_word' id='word_1_127' title='bbox 1901 2113 2050 2157; x_wconf 91' lang='lat' dir='ltr'><strong>cum</strong></span> <span class='ocrx_word' id='word_1_128' title='bbox 2090 2093 2187 2171; x_wconf 89' lang='lat'><strong>(6)</strong></span> <span class='ocrx_word' id='word_1_129' title='bbox 2228 2094 2424 2157; x_wconf 88' lang='lat' dir='ltr'><strong>etiam</strong></span> <span class='ocrx_word' id='word_1_130' title='bbox 2464 2114 2501 2157; x_wconf 88' lang='lat' dir='ltr'><strong>a</strong></span> <span class='ocrx_word' id='word_1_131' title='bbox 2539 2091 2788 2158; x_wconf 90' lang='lat' dir='ltr'><strong>Donato</strong></span> 
     </span>
     <span class='ocr_line' id='line_1_17' title="bbox 402 2194 2789 2282; baseline 0.001 -22"><span class='ocrx_word' id='word_1_132' title='bbox 402 2194 754 2271; x_wconf 88' lang='lat' dir='ltr'><strong>abiudicat,</strong></span> <span class='ocrx_word' id='word_1_133' title='bbox 795 2197 906 2279; x_wconf 87' lang='lat' dir='ltr'><strong>qui</strong></span> <span class='ocrx_word' id='word_1_134' title='bbox 946 2194 1222 2281; x_wconf 87' lang='lat' dir='ltr'><strong>explicat</strong></span> <span class='ocrx_word' id='word_1_135' title='bbox 1261 2195 1632 2281; x_wconf 85' lang='lat' dir='ltr'><strong>exemplum</strong></span> <span class='ocrx_word' id='word_1_136' title='bbox 1673 2196 1991 2282; x_wconf 86' lang='lat' dir='ltr'><strong>Odysseae</strong></span> <span class='ocrx_word' id='word_1_137' title='bbox 2030 2204 2135 2278; x_wconf 81' lang='lat' dir='ltr'><strong>(ex</strong></span> <span class='ocrx_word' id='word_1_138' title='bbox 2173 2199 2377 2282; x_wconf 85' lang='lat' dir='ltr'><strong>Aspre</strong></span> <span class='ocrx_word' id='word_1_139' title='bbox 2419 2196 2697 2262; x_wconf 89' lang='lat' dir='ltr'><strong>relatum</strong></span> <span class='ocrx_word' id='word_1_140' title='bbox 2715 2195 2789 2277; x_wconf 79' lang='lat'><strong>?).</strong></span> 
     </span>
     <span class='ocr_line' id='line_1_18' title="bbox 405 2299 2805 2386; baseline 0 -20"><span class='ocrx_word' id='word_1_141' title='bbox 405 2299 637 2366; x_wconf 84' lang='lat' dir='ltr'><strong>Contra</strong></span> <span class='ocrx_word' id='word_1_142' title='bbox 698 2302 929 2365; x_wconf 84' lang='lat' dir='ltr'><strong>merito</strong></span> <span class='ocrx_word' id='word_1_143' title='bbox 993 2303 1364 2386; x_wconf 86' lang='lat' dir='ltr'><strong>proscripsit</strong></span> <span class='ocrx_word' id='word_1_144' title='bbox 1407 2299 1524 2382; x_wconf 85' lang='lat'><strong>(7),</strong></span> <span class='ocrx_word' id='word_1_145' title='bbox 1588 2303 1704 2367; x_wconf 90' lang='lat' dir='ltr'><strong>ubi</strong></span> <span class='ocrx_word' id='word_1_146' title='bbox 1765 2302 1864 2367; x_wconf 94' lang='lat' dir='ltr'><strong>IP</strong></span> <span class='ocrx_word' id='word_1_147' title='bbox 1930 2301 2054 2367; x_wconf 86' lang='lat' dir='ltr'><strong>alia</strong></span> <span class='ocrx_word' id='word_1_148' title='bbox 2114 2305 2359 2367; x_wconf 87' lang='lat' dir='ltr'><strong>ratione</strong></span> <span class='ocrx_word' id='word_1_149' title='bbox 2422 2308 2669 2386; x_wconf 87' lang='lat' dir='ltr'><strong>praeter</strong></span> <span class='ocrx_word' id='word_1_150' title='bbox 2717 2304 2805 2367; x_wconf 76' lang='grc' dir='ltr'><strong>τὸ.</strong></span> 
     </span>
     <span class='ocr_line' id='line_1_19' title="bbox 407 2405 2499 2491; baseline 0.001 -20"><span class='ocrx_word' id='word_1_151' title='bbox 407 2405 856 2483; x_wconf 76' lang='grc' dir='ltr'><strong><em>ὅμοιοτέλευτον</em></strong></span> <span class='ocrx_word' id='word_1_152' title='bbox 905 2406 1218 2491; x_wconf 87' lang='lat' dir='ltr'><strong>explicare</strong></span> <span class='ocrx_word' id='word_1_153' title='bbox 1265 2413 1531 2472; x_wconf 90' lang='lat' dir='ltr'><strong>conatur</strong></span> <span class='ocrx_word' id='word_1_154' title='bbox 1576 2429 1709 2491; x_wconf 29' lang='lat' dir='ltr'><strong>cur·</strong></span> <span class='ocrx_word' id='word_1_155' title='bbox 1742 2408 2007 2486; x_wconf 87' lang='lat' dir='ltr'><strong>„annis”</strong></span> <span class='ocrx_word' id='word_1_156' title='bbox 2056 2410 2142 2472; x_wconf 90' lang='lat' dir='ltr'><strong>sit</strong></span> <span class='ocrx_word' id='word_1_157' title='bbox 2188 2407 2499 2473; x_wconf 88' lang='lat' dir='ltr'><strong>additum.</strong></span> 
     </span>
    </p>

    <p class='ocr_par' dir='ltr' id='par_1_6' title="bbox 405 2511 2790 2806">
     <span class='ocr_line' id='line_1_20' title="bbox 495 2511 2790 2598; baseline 0.001 -23"><span class='ocrx_word' id='word_1_158' title='bbox 495 2511 780 2576; x_wconf 90' lang='lat' dir='ltr'><strong>Donatea</strong></span> <span class='ocrx_word' id='word_1_159' title='bbox 827 2514 1033 2598; x_wconf 81' lang='lat' dir='ltr'><strong>igitur</strong></span> <span class='ocrx_word' id='word_1_160' title='bbox 1078 2517 1229 2576; x_wconf 87' lang='lat' dir='ltr'><strong>sunt</strong></span> <span class='ocrx_word' id='word_1_161' title='bbox 1275 2512 1373 2592; x_wconf 94' lang='grc'>(1)</span> <span class='ocrx_word' id='word_1_162' title='bbox 1399 2512 1495 2592; x_wconf 92' lang='grc'>(2)</span> <span class='ocrx_word' id='word_1_163' title='bbox 1521 2511 1616 2593; x_wconf 91' lang='grc'>(5)</span> <span class='ocrx_word' id='word_1_164' title='bbox 1642 2512 1738 2593; x_wconf 87' lang='grc'>(6)</span> <span class='ocrx_word' id='word_1_165' title='bbox 1766 2512 1882 2593; x_wconf 88' lang='grc'>(8).</span> <span class='ocrx_word' id='word_1_166' title='bbox 1931 2513 2055 2577; x_wconf 83' lang='lat' dir='ltr'><strong>His</strong></span> <span class='ocrx_word' id='word_1_167' title='bbox 2101 2511 2326 2577; x_wconf 83' lang='lat' dir='ltr'><strong>Editor</strong></span> <span class='ocrx_word' id='word_1_168' title='bbox 2371 2514 2645 2577; x_wconf 88' lang='lat' dir='ltr'><strong>inseruit</strong></span> <span class='ocrx_word' id='word_1_169' title='bbox 2692 2512 2790 2594; x_wconf 87' lang='lat'><strong>(3)</strong></span> 
     </span>
     <span class='ocr_line' id='line_1_21' title="bbox 405 2613 2789 2701; baseline 0 -20"><span class='ocrx_word' id='word_1_170' title='bbox 405 2619 590 2685; x_wconf 83' lang='lat' dir='ltr'><strong>iuxta</strong></span> <span class='ocrx_word' id='word_1_171' title='bbox 638 2616 734 2697; x_wconf 93' lang='grc'>(2)</span> <span class='ocrx_word' id='word_1_172' title='bbox 781 2622 845 2680; x_wconf 91' lang='lat' dir='ltr'><strong>et</strong></span> <span class='ocrx_word' id='word_1_173' title='bbox 887 2613 982 2695; x_wconf 85' lang='lat'><strong>(7)</strong></span> <span class='ocrx_word' id='word_1_174' title='bbox 1030 2622 1174 2701; x_wconf 87' lang='lat' dir='ltr'><strong>post</strong></span> <span class='ocrx_word' id='word_1_175' title='bbox 1218 2616 1337 2697; x_wconf 84' lang='lat'><strong>(6),</strong></span> <span class='ocrx_word' id='word_1_176' title='bbox 1379 2618 1497 2683; x_wconf 90' lang='lat' dir='ltr'><strong>hoc</strong></span> <span class='ocrx_word' id='word_1_177' title='bbox 1538 2622 1636 2682; x_wconf 84' lang='lat' dir='ltr'><strong>est</strong></span> <span class='ocrx_word' id='word_1_178' title='bbox 1673 2621 1808 2683; x_wconf 89' lang='lat' dir='ltr'><strong>suis</strong></span> <span class='ocrx_word' id='word_1_179' title='bbox 1846 2618 2002 2683; x_wconf 83' lang='lat' dir='ltr'><strong>locis</strong></span> <span class='ocrx_word' id='word_1_180' title='bbox 2040 2620 2105 2681; x_wconf 91' lang='lat' dir='ltr'><strong>in</strong></span> <span class='ocrx_word' id='word_1_181' title='bbox 2149 2617 2543 2682; x_wconf 86' lang='lat' dir='ltr'><strong>scholiorum</strong></span> <span class='ocrx_word' id='word_1_182' title='bbox 2570 2618 2789 2683; x_wconf 88' lang='lat' dir='ltr'><strong>ordine</strong></span> 
     </span>
     <span class='ocr_line' id='line_1_22' title="bbox 405 2720 2331 2806; baseline 0.001 -20"><span class='ocrx_word' id='word_1_183' title='bbox 405 2721 708 2788; x_wconf 89' lang='lat' dir='ltr'><strong>Donate0.</strong></span> <span class='ocrx_word' id='word_1_184' title='bbox 759 2720 1159 2806; x_wconf 88' lang='lat' dir='ltr'><strong>Oompilator</strong></span> <span class='ocrx_word' id='word_1_185' title='bbox 1204 2722 1459 2788; x_wconf 87' lang='lat' dir='ltr'><strong>aliunde</strong></span> <span class='ocrx_word' id='word_1_186' title='bbox 1507 2724 1762 2789; x_wconf 87' lang='lat' dir='ltr'><strong>infersit</strong></span> <span class='ocrx_word' id='word_1_187' title='bbox 1807 2725 1904 2805; x_wconf 86' lang='lat'><strong>(4)</strong></span> <span class='ocrx_word' id='word_1_188' title='bbox 1949 2727 2123 2789; x_wconf 90' lang='lat' dir='ltr'><strong>iusto</strong></span> <span class='ocrx_word' id='word_1_189' title='bbox 2170 2722 2331 2788; x_wconf 78' lang='lat'><strong>1000.</strong></span> 
     </span>
    </p>

    <p class='ocr_par' dir='ltr' id='par_1_7' title="bbox 493 2825 1941 2914">
     <span class='ocr_line' id='line_1_23' title="bbox 493 2825 1941 2914; baseline 0.001 -23"><span class='ocrx_word' id='word_1_190' title='bbox 493 2827 655 2892; x_wconf 87' lang='lat' dir='ltr'><strong>Ibid.</strong></span> <span class='ocrx_word' id='word_1_191' title='bbox 707 2825 746 2891; x_wconf 86' lang='lat'>6</span> <span class='ocrx_word' id='word_1_192' title='bbox 811 2827 978 2907; x_wconf 81' lang='lat' dir='ltr'><strong>Quid</strong></span> <span class='ocrx_word' id='word_1_193' title='bbox 1023 2831 1190 2893; x_wconf 90' lang='lat' dir='ltr'><strong>istuc</strong></span> <span class='ocrx_word' id='word_1_194' title='bbox 1238 2831 1501 2914; x_wconf 91' lang='lat' dir='ltr'><strong>inquam</strong></span> <span class='ocrx_word' id='word_1_195' title='bbox 1551 2832 1759 2895; x_wconf 87' lang='lat' dir='ltr'><strong>ornati</strong></span> <span class='ocrx_word' id='word_1_196' title='bbox 1804 2828 1941 2894; x_wconf 83' lang='lat' dir='ltr'><strong>est?</strong></span> 
     </span>
    </p>

    <p class='ocr_par' dir='ltr' id='par_1_8' title="bbox 406 2931 2782 3125">
     <span class='ocr_line' id='line_1_24' title="bbox 495 2931 2782 3018; baseline 0.001 -21"><span class='ocrx_word' id='word_1_197' title='bbox 495 2931 658 2997; x_wconf 91' lang='lat' dir='ltr'><strong>Don.</strong></span> <span class='ocrx_word' id='word_1_198' title='bbox 702 2932 798 3013; x_wconf 93' lang='grc'><strong>(2)</strong></span> <span class='ocrx_word' id='word_1_199' title='bbox 846 2931 1124 2998; x_wconf 91' lang='lat' dir='ltr'><strong>Ornatus</strong></span> <span class='ocrx_word' id='word_1_200' title='bbox 1165 2940 1280 2997; x_wconf 83' lang='grc' dir='ltr'><strong>τῶν</strong></span> <span class='ocrx_word' id='word_1_201' title='bbox 1321 2933 1522 3009; x_wconf 78' lang='grc' dir='ltr'><strong><em>μέσων</em></strong></span> <span class='ocrx_word' id='word_1_202' title='bbox 1561 2941 1692 2999; x_wconf 89' lang='lat' dir='ltr'><strong>est:</strong></span> <span class='ocrx_word' id='word_1_203' title='bbox 1736 2934 1817 2999; x_wconf 84' lang='lat' dir='ltr'><strong>ad</strong></span> <span class='ocrx_word' id='word_1_204' title='bbox 1855 2934 2044 2999; x_wconf 91' lang='lat' dir='ltr'><strong>decus</strong></span> <span class='ocrx_word' id='word_1_205' title='bbox 2081 2938 2145 2999; x_wconf 91' lang='lat' dir='ltr'><strong>et</strong></span> <span class='ocrx_word' id='word_1_206' title='bbox 2182 2934 2262 2999; x_wconf 90' lang='lat' dir='ltr'><strong>ad</strong></span> <span class='ocrx_word' id='word_1_207' title='bbox 2293 2933 2782 3018; x_wconf 80' lang='lat' dir='ltr'><strong>turpitudinem.</strong></span> 
     </span>
     <span class='ocr_line' id='line_1_25' title="bbox 406 3036 2739 3125; baseline 0.001 -24"><span class='ocrx_word' id='word_1_208' title='bbox 406 3037 505 3102; x_wconf 92' lang='lat' dir='ltr'><strong>IP</strong></span> <span class='ocrx_word' id='word_1_209' title='bbox 553 3037 797 3102; x_wconf 85' lang='lat' dir='ltr'><strong>addidit</strong></span> <span class='ocrx_word' id='word_1_210' title='bbox 845 3036 942 3116; x_wconf 85' lang='lat'><strong>(3)</strong></span> <span class='ocrx_word' id='word_1_211' title='bbox 990 3036 1106 3102; x_wconf 90' lang='lat' dir='ltr'><strong>Vel</strong></span> <span class='ocrx_word' id='word_1_212' title='bbox 1153 3038 1532 3123; x_wconf 90' lang='lat' dir='ltr'><strong>simpliciter</strong></span> <span class='ocrx_word' id='word_1_213' title='bbox 1577 3041 1696 3105; x_wconf 91' lang='lat' dir='ltr'><strong>hoc</strong></span> <span class='ocrx_word' id='word_1_214' title='bbox 1736 3042 1949 3125; x_wconf 87' lang='lat' dir='ltr'><strong>accipe</strong></span> <span class='ocrx_word' id='word_1_215' title='bbox 1989 3038 2094 3105; x_wconf 89' lang='lat' dir='ltr'><strong>vel</strong></span> <span class='ocrx_word' id='word_1_216' title='bbox 2133 3040 2458 3117; x_wconf 78' lang='grc' dir='ltr'><strong><em>εἰρωνικῶς.</em></strong></span> <span class='ocrx_word' id='word_1_217' title='bbox 2595 3038 2660 3104; x_wconf 83' lang='lat' dir='ltr'><strong>S.</strong></span> <span class='ocrx_word' id='word_1_218' title='bbox 2687 3061 2739 3104; x_wconf 91' lang='lat' dir='ltr'><strong>c.</strong></span> 
     </span>
    </p>

    <p class='ocr_par' dir='ltr' id='par_1_9' title="bbox 495 3141 2789 3230">
     <span class='ocr_line' id='line_1_26' title="bbox 495 3141 2789 3230; baseline 0.001 -24"><span class='ocrx_word' id='word_1_219' title='bbox 495 3142 654 3207; x_wconf 90' lang='lat' dir='ltr'><strong>Ibid.</strong></span> <span class='ocrx_word' id='word_1_220' title='bbox 707 3141 746 3206; x_wconf 86' lang='lat'>9</span> <span class='ocrx_word' id='word_1_221' title='bbox 814 3142 955 3207; x_wconf 90' lang='lat' dir='ltr'><strong>Itan</strong></span> <span class='ocrx_word' id='word_1_222' title='bbox 1005 3146 1244 3227; x_wconf 88' lang='lat' dir='ltr'><strong>parasti</strong></span> <span class='ocrx_word' id='word_1_223' title='bbox 1287 3151 1384 3221; x_wconf 92' lang='lat' dir='ltr'><strong>te,</strong></span> <span class='ocrx_word' id='word_1_224' title='bbox 1436 3151 1510 3209; x_wconf 86' lang='lat' dir='ltr'><strong>ut·</strong></span> <span class='ocrx_word' id='word_1_225' title='bbox 1557 3166 1701 3230; x_wconf 89' lang='lat' dir='ltr'><strong>spes</strong></span> <span class='ocrx_word' id='word_1_226' title='bbox 1747 3144 1925 3210; x_wconf 92' lang='lat' dir='ltr'><strong>nulla</strong></span> <span class='ocrx_word' id='word_1_227' title='bbox 1974 3144 2220 3229; x_wconf 90' lang='lat' dir='ltr'><strong>reliqua</strong></span> <span class='ocrx_word' id='word_1_228' title='bbox 2267 3148 2334 3208; x_wconf 89' lang='lat' dir='ltr'><strong>in</strong></span> <span class='ocrx_word' id='word_1_229' title='bbox 2386 3150 2447 3209; x_wconf 90' lang='lat' dir='ltr'><strong>te</strong></span> <span class='ocrx_word' id='word_1_230' title='bbox 2494 3148 2581 3209; x_wconf 90' lang='lat' dir='ltr'><strong>sit</strong></span> <span class='ocrx_word' id='word_1_231' title='bbox 2627 3142 2789 3209; x_wconf 76' lang='lat' dir='ltr'><strong>tibi?</strong></span> 
     </span>
    </p>

    <p class='ocr_par' dir='ltr' id='par_1_10' title="bbox 395 3247 2792 3651">
     <span class='ocr_line' id='line_1_27' title="bbox 496 3247 2792 3335; baseline 0.001 -23"><span class='ocrx_word' id='word_1_232' title='bbox 496 3247 658 3314; x_wconf 91' lang='lat' dir='ltr'><strong>Don.</strong></span> <span class='ocrx_word' id='word_1_233' title='bbox 708 3248 806 3332; x_wconf 91' lang='lat'><strong>(1)</strong></span> <span class='ocrx_word' id='word_1_234' title='bbox 854 3248 1061 3327; x_wconf 81' lang='lat' dir='ltr'><strong>Quam</strong></span> <span class='ocrx_word' id='word_1_235' title='bbox 1107 3247 1553 3335; x_wconf 78' lang='lat' dir='ltr'><strong>obiurganterl</strong></span> <span class='ocrx_word' id='word_1_236' title='bbox 1605 3258 1936 3334; x_wconf 89' lang='lat' dir='ltr'><strong>tamquam</strong></span> <span class='ocrx_word' id='word_1_237' title='bbox 1986 3252 2053 3314; x_wconf 91' lang='lat' dir='ltr'><strong>in</strong></span> <span class='ocrx_word' id='word_1_238' title='bbox 2100 3249 2212 3314; x_wconf 88' lang='lat' dir='ltr'><strong>illo</strong></span> <span class='ocrx_word' id='word_1_239' title='bbox 2259 3252 2343 3313; x_wconf 86' lang='lat' dir='ltr'><strong>sit</strong></span> <span class='ocrx_word' id='word_1_240' title='bbox 2390 3249 2557 3334; x_wconf 91' lang='lat' dir='ltr'><strong>quod</strong></span> <span class='ocrx_word' id='word_1_241' title='bbox 2596 3253 2792 3314; x_wconf 88' lang='lat' dir='ltr'><strong>miser</strong></span> 
     </span>
     <span class='ocr_line' id='line_1_28' title="bbox 407 3344 2785 3439; baseline -0 -20"><span class='ocrx_word' id='word_1_242' title='bbox 407 3359 506 3419; x_wconf 89' lang='lat' dir='ltr'><strong>est</strong></span> <span class='ocrx_word' id='word_1_243' title='bbox 563 3361 626 3419; x_wconf 93' lang='lat' dir='ltr'><strong>et</strong></span> <span class='ocrx_word' id='word_1_244' title='bbox 689 3353 844 3419; x_wconf 88' lang='lat' dir='ltr'><strong>alibi</strong></span> <span class='ocrx_word' id='word_1_245' title='bbox 897 3344 1020 3433; x_wconf 80' lang='lat' dir='ltr'><strong>(ex.</strong></span> <span class='ocrx_word' id='word_1_246' title='bbox 1069 3354 1276 3435; x_wconf 89' lang='lat' dir='ltr'><strong>Hec.).</strong></span> <span class='ocrx_word' id='word_1_247' title='bbox 1427 3354 1526 3419; x_wconf 94' lang='lat' dir='ltr'><strong>IP</strong></span> <span class='ocrx_word' id='word_1_248' title='bbox 1578 3355 1653 3419; x_wconf 92' lang='lat' dir='ltr'><strong>de</strong></span> <span class='ocrx_word' id='word_1_249' title='bbox 1699 3376 1809 3421; x_wconf 82' lang='lat' dir='ltr'><strong>vv.</strong></span> <span class='ocrx_word' id='word_1_250' title='bbox 1863 3357 2145 3439; x_wconf 86' lang='lat' dir='ltr'><strong>„parasti</strong></span> <span class='ocrx_word' id='word_1_251' title='bbox 2190 3354 2296 3419; x_wconf 86' lang='lat' dir='ltr'><strong>te&#39;&#39;</strong></span> <span class='ocrx_word' id='word_1_252' title='bbox 2346 3356 2505 3419; x_wconf 90' lang='lat' dir='ltr'><strong>hanc</strong></span> <span class='ocrx_word' id='word_1_253' title='bbox 2551 3357 2785 3419; x_wconf 89' lang='lat' dir='ltr'><strong>miram</strong></span> 
     </span>
     <span class='ocr_line' id='line_1_29' title="bbox 407 3458 2791 3545; baseline 0 -22"><span class='ocrx_word' id='word_1_254' title='bbox 407 3460 758 3524; x_wconf 88' lang='lat' dir='ltr'><strong>doctrinam</strong></span> <span class='ocrx_word' id='word_1_255' title='bbox 821 3458 1188 3544; x_wconf 87' lang='lat' dir='ltr'><strong>profitetur:</strong></span> <span class='ocrx_word' id='word_1_256' title='bbox 1253 3458 1350 3539; x_wconf 89' lang='grc'>(2)</span> <span class='ocrx_word' id='word_1_257' title='bbox 1399 3459 1486 3525; x_wconf 82' lang='lat' dir='ltr'><strong>Et</strong></span> <span class='ocrx_word' id='word_1_258' title='bbox 1530 3460 1648 3525; x_wconf 88' lang='lat' dir='ltr'><strong>hoc</strong></span> <span class='ocrx_word' id='word_1_259' title='bbox 1695 3462 1948 3545; x_wconf 89' lang='lat' dir='ltr'><strong>proprie</strong></span> <span class='ocrx_word' id='word_1_260' title='bbox 1994 3459 2265 3523; x_wconf 86' lang='lat' dir='ltr'><strong>verbum</strong></span> <span class='ocrx_word' id='word_1_261' title='bbox 2314 3459 2393 3524; x_wconf 90' lang='lat' dir='ltr'><strong>ad</strong></span> <span class='ocrx_word' id='word_1_262' title='bbox 2440 3461 2791 3545; x_wconf 87' lang='lat' dir='ltr'><strong>exprimen-</strong></span> 
     </span>
     <span class='ocr_line' id='line_1_30' title="bbox 395 3564 2695 3651; baseline -0 -22"><span class='ocrx_word' id='word_1_263' title='bbox 395 3564 555 3649; x_wconf 59' lang='lat' dir='ltr'><strong>,dam</strong></span> <span class='ocrx_word' id='word_1_264' title='bbox 600 3567 1085 3629; x_wconf 86' lang='lat' dir='ltr'><strong>immunitatem</strong></span> <span class='ocrx_word' id='word_1_265' title='bbox 1133 3572 1198 3630; x_wconf 91' lang='lat' dir='ltr'><strong>et</strong></span> <span class='ocrx_word' id='word_1_266' title='bbox 1242 3568 1574 3651; x_wconf 82' lang='lat' dir='ltr'><strong>ignaviam</strong></span> <span class='ocrx_word' id='word_1_267' title='bbox 1619 3567 1867 3631; x_wconf 91' lang='lat' dir='ltr'><strong>factum</strong></span> <span class='ocrx_word' id='word_1_268' title='bbox 1912 3571 2028 3630; x_wconf 89' lang='lat' dir='ltr'><strong>est.</strong></span> <span class='ocrx_word' id='word_1_269' title='bbox 2528 3564 2594 3631; x_wconf 80' lang='lat' dir='ltr'><strong>S.</strong></span> <span class='ocrx_word' id='word_1_270' title='bbox 2643 3587 2695 3630; x_wconf 90' lang='lat' dir='ltr'><strong>c.</strong></span> 
     </span>
    </p>

    <p class='ocr_par' dir='ltr' id='par_1_11' title="bbox 493 3669 2725 3755">
     <span class='ocr_line' id='line_1_31' title="bbox 493 3669 2725 3755; baseline 0 -20"><span class='ocrx_word' id='word_1_271' title='bbox 493 3670 655 3735; x_wconf 93' lang='lat' dir='ltr'><strong>Ibid.</strong></span> <span class='ocrx_word' id='word_1_272' title='bbox 708 3669 788 3734; x_wconf 93' lang='grc'><strong>11</strong></span> <span class='ocrx_word' id='word_1_273' title='bbox 866 3669 988 3748; x_wconf 82' lang='lat' dir='ltr'><strong>Qui</strong></span> <span class='ocrx_word' id='word_1_274' title='bbox 1036 3670 1205 3735; x_wconf 89' lang='lat' dir='ltr'><strong>color</strong></span> <span class='ocrx_word' id='word_1_275' title='bbox 1249 3672 1422 3735; x_wconf 91' lang='lat' dir='ltr'><strong>nitor</strong></span> <span class='ocrx_word' id='word_1_276' title='bbox 1467 3674 1775 3747; x_wconf 86' lang='lat' dir='ltr'><strong>vestitus,</strong></span> <span class='ocrx_word' id='word_1_277' title='bbox 1825 3691 1985 3755; x_wconf 91' lang='lat' dir='ltr'><strong>quae</strong></span> <span class='ocrx_word' id='word_1_278' title='bbox 2030 3671 2400 3735; x_wconf 89' lang='lat' dir='ltr'><strong>habitudost</strong></span> <span class='ocrx_word' id='word_1_279' title='bbox 2447 3673 2725 3755; x_wconf 87' lang='lat' dir='ltr'><strong>corporis</strong></span> 
     </span>
    </p>

    <p class='ocr_par' dir='ltr' id='par_1_12' title="bbox 401 3774 2780 4071">
     <span class='ocr_line' id='line_1_32' title="bbox 494 3774 2780 3861; baseline -0.001 -21"><span class='ocrx_word' id='word_1_280' title='bbox 494 3774 654 3841; x_wconf 88' lang='lat' dir='ltr'><strong>Don.</strong></span> <span class='ocrx_word' id='word_1_281' title='bbox 703 3775 798 3854; x_wconf 91' lang='lat'><strong>(1)</strong></span> <span class='ocrx_word' id='word_1_282' title='bbox 861 3774 1000 3839; x_wconf 89' lang='lat' dir='ltr'><strong>Hoc</strong></span> <span class='ocrx_word' id='word_1_283' title='bbox 1063 3780 1280 3840; x_wconf 90' lang='lat' dir='ltr'><strong>contra</strong></span> <span class='ocrx_word' id='word_1_284' title='bbox 1324 3774 1491 3841; x_wconf 89' lang='lat' dir='ltr'><strong>illud</strong></span> <span class='ocrx_word' id='word_1_285' title='bbox 1538 3776 1707 3861; x_wconf 90' lang='lat' dir='ltr'><strong>quod</strong></span> <span class='ocrx_word' id='word_1_286' title='bbox 1754 3778 1845 3841; x_wconf 90' lang='lat' dir='ltr'><strong>ait</strong></span> <span class='ocrx_word' id='word_1_287' title='bbox 1891 3782 2010 3857; x_wconf 85' lang='lat' dir='ltr'><strong>(vs.</strong></span> <span class='ocrx_word' id='word_1_288' title='bbox 2062 3776 2131 3856; x_wconf 84' lang='lat'><strong>5)</strong></span> <span class='ocrx_word' id='word_1_289' title='bbox 2180 3776 2410 3853; x_wconf 87' lang='lat' dir='ltr'><strong>„video</strong></span> <span class='ocrx_word' id='word_1_290' title='bbox 2458 3775 2780 3853; x_wconf 88' lang='lat' dir='ltr'><strong>sentum&#39;’,</strong></span> 
     </span>
     <span class='ocr_line' id='line_1_33' title="bbox 401 3879 2778 3967; baseline 0 -21"><span class='ocrx_word' id='word_1_291' title='bbox 401 3886 548 3946; x_wconf 88' lang='lat' dir='ltr'><strong>cett.</strong></span> <span class='ocrx_word' id='word_1_292' title='bbox 686 3880 786 3944; x_wconf 93' lang='lat' dir='ltr'><strong>IP</strong></span> <span class='ocrx_word' id='word_1_293' title='bbox 847 3879 945 3961; x_wconf 82' lang='lat'><strong>(2)</strong></span> <span class='ocrx_word' id='word_1_294' title='bbox 1008 3879 1274 3957; x_wconf 72' lang='lat' dir='ltr'><strong>„color”</strong></span> <span class='ocrx_word' id='word_1_295' title='bbox 1327 3881 1408 3945; x_wconf 89' lang='lat' dir='ltr'><strong>ad</strong></span> <span class='ocrx_word' id='word_1_296' title='bbox 1454 3881 1819 3957; x_wconf 87' lang='lat' dir='ltr'><strong>„sentum&#39;&#39;,</strong></span> <span class='ocrx_word' id='word_1_297' title='bbox 1873 3880 2127 3958; x_wconf 85' lang='lat' dir='ltr'><strong>„nitor”</strong></span> <span class='ocrx_word' id='word_1_298' title='bbox 2173 3882 2253 3946; x_wconf 93' lang='lat' dir='ltr'><strong>ad</strong></span> <span class='ocrx_word' id='word_1_299' title='bbox 2303 3879 2778 3967; x_wconf 90' lang='lat' dir='ltr'><strong>„squalidum”,</strong></span> 
     </span>
     <span class='ocr_line' id='line_1_34' title="bbox 404 3986 2687 4071; baseline -0 -18"><span class='ocrx_word' id='word_1_300' title='bbox 404 3986 763 4063; x_wconf 84' lang='lat' dir='ltr'><strong>„vestitus”</strong></span> <span class='ocrx_word' id='word_1_301' title='bbox 812 3986 891 4050; x_wconf 90' lang='lat' dir='ltr'><strong>ad</strong></span> <span class='ocrx_word' id='word_1_302' title='bbox 939 4008 1042 4070; x_wconf 93' lang='lat' dir='ltr'><strong>„p.</strong></span> <span class='ocrx_word' id='word_1_303' title='bbox 1072 4007 1128 4051; x_wconf 88' lang='lat' dir='ltr'><strong>a.</strong></span> <span class='ocrx_word' id='word_1_304' title='bbox 1154 3986 1278 4065; x_wconf 88' lang='lat'><strong>0.’&#39;,</strong></span> <span class='ocrx_word' id='word_1_305' title='bbox 1331 3987 1516 4061; x_wconf 88' lang='lat' dir='ltr'><strong>„hab.</strong></span> <span class='ocrx_word' id='word_1_306' title='bbox 1565 3986 1781 4071; x_wconf 89' lang='lat' dir='ltr'><strong>corp.&#39;&#39;</strong></span> <span class='ocrx_word' id='word_1_307' title='bbox 1822 3986 1901 4050; x_wconf 88' lang='lat' dir='ltr'><strong>ad</strong></span> <span class='ocrx_word' id='word_1_308' title='bbox 1950 3988 2325 4071; x_wconf 82' lang='lat' dir='ltr'><strong>„aegrum&#39;&#39;.</strong></span> <span class='ocrx_word' id='word_1_309' title='bbox 2522 3986 2585 4051; x_wconf 82' lang='lat' dir='ltr'><strong>S.</strong></span> <span class='ocrx_word' id='word_1_310' title='bbox 2635 4008 2687 4053; x_wconf 91' lang='lat' dir='ltr'><strong>c.</strong></span> 
     </span>
    </p>

    <p class='ocr_par' dir='ltr' id='par_1_13' title="bbox 491 4089 2413 4177">
     <span class='ocr_line' id='line_1_35' title="bbox 491 4089 2413 4177; baseline -0.002 -21"><span class='ocrx_word' id='word_1_311' title='bbox 491 4091 650 4157; x_wconf 89' lang='lat' dir='ltr'><strong>Ibid.</strong></span> <span class='ocrx_word' id='word_1_312' title='bbox 706 4091 788 4156; x_wconf 95' lang='grc'><strong>12</strong></span> <span class='ocrx_word' id='word_1_313' title='bbox 859 4089 1091 4156; x_wconf 90' lang='lat' dir='ltr'><strong>Omnia</strong></span> <span class='ocrx_word' id='word_1_314' title='bbox 1137 4092 1358 4169; x_wconf 88' lang='lat' dir='ltr'><strong>habe0,</strong></span> <span class='ocrx_word' id='word_1_315' title='bbox 1412 4113 1615 4177; x_wconf 89' lang='lat' dir='ltr'><strong>neque</strong></span> <span class='ocrx_word' id='word_1_316' title='bbox 1663 4093 2004 4176; x_wconf 89' lang='lat' dir='ltr'><strong>quicquam</strong></span> <span class='ocrx_word' id='word_1_317' title='bbox 2053 4092 2254 4157; x_wconf 91' lang='lat' dir='ltr'><strong>habeo</strong></span> <span class='ocrx_word' id='word_1_318' title='bbox 2407 4147 2413 4152; x_wconf 91' lang='lat'><strong>.</strong></span> 
     </span>
    </p>

    <p class='ocr_par' dir='ltr' id='par_1_14' title="bbox 488 4197 2783 4284">
     <span class='ocr_line' id='line_1_36' title="bbox 488 4197 2783 4284; baseline 0.001 -22"><span class='ocrx_word' id='word_1_319' title='bbox 488 4197 587 4262; x_wconf 93' lang='lat' dir='ltr'><strong>IP</strong></span> <span class='ocrx_word' id='word_1_320' title='bbox 635 4197 731 4278; x_wconf 90' lang='lat'><strong>(1)</strong></span> <span class='ocrx_word' id='word_1_321' title='bbox 782 4218 882 4274; x_wconf 91' lang='lat'><strong>„0.</strong></span> <span class='ocrx_word' id='word_1_322' title='bbox 929 4197 1038 4263; x_wconf 91' lang='lat' dir='ltr'><strong>h.&#39;&#39;</strong></span> <span class='ocrx_word' id='word_1_323' title='bbox 1088 4197 1167 4262; x_wconf 86' lang='lat' dir='ltr'><strong>ad</strong></span> <span class='ocrx_word' id='word_1_324' title='bbox 1215 4198 1427 4283; x_wconf 82' lang='lat' dir='ltr'><strong>„quod</strong></span> <span class='ocrx_word' id='word_1_325' title='bbox 1465 4198 1663 4263; x_wconf 90' lang='lat' dir='ltr'><strong>habui</strong></span> <span class='ocrx_word' id='word_1_326' title='bbox 1702 4197 1991 4283; x_wconf 89' lang='lat' dir='ltr'><strong>perdidi&#39;&#39;</strong></span> <span class='ocrx_word' id='word_1_327' title='bbox 2032 4204 2153 4277; x_wconf 86' lang='lat' dir='ltr'><strong>(vs.</strong></span> <span class='ocrx_word' id='word_1_328' title='bbox 2182 4198 2269 4279; x_wconf 90' lang='grc'><strong>6),</strong></span> <span class='ocrx_word' id='word_1_329' title='bbox 2316 4219 2560 4284; x_wconf 89' lang='lat' dir='ltr'><strong>„neque</strong></span> <span class='ocrx_word' id='word_1_330' title='bbox 2586 4220 2645 4283; x_wconf 92' lang='lat' dir='ltr'><strong>q.</strong></span> <span class='ocrx_word' id='word_1_331' title='bbox 2674 4198 2783 4265; x_wconf 87' lang='lat' dir='ltr'><strong>h.&#39;&#39;</strong></span> 
     </span>
    </p>
   </div>
   <div class='ocr_carea' id='block_1_3' title="bbox 399 4301 2915 4391">
    <p class='ocr_par' dir='ltr' id='par_1_15' title="bbox 399 4301 2915 4391">
     <span class='ocr_line' id='line_1_37' title="bbox 399 4301 2915 4391; baseline 0.002 -24"><span class='ocrx_word' id='word_1_332' title='bbox 399 4302 477 4367; x_wconf 87' lang='lat' dir='ltr'><strong>ad</strong></span> <span class='ocrx_word' id='word_1_333' title='bbox 527 4305 700 4380; x_wconf 89' lang='lat' dir='ltr'><strong>„mei</strong></span> <span class='ocrx_word' id='word_1_334' title='bbox 744 4301 867 4368; x_wconf 90' lang='lat' dir='ltr'><strong>loci</strong></span> <span class='ocrx_word' id='word_1_335' title='bbox 911 4307 1101 4389; x_wconf 88' lang='lat' dir='ltr'><strong>atque</strong></span> <span class='ocrx_word' id='word_1_336' title='bbox 1149 4303 1386 4367; x_wconf 89' lang='lat' dir='ltr'><strong>ordinis</strong></span> <span class='ocrx_word' id='word_1_337' title='bbox 1433 4304 1806 4368; x_wconf 89' lang='lat' dir='ltr'><strong>hominem&#39;’</strong></span> <span class='ocrx_word' id='word_1_338' title='bbox 1856 4313 1977 4383; x_wconf 83' lang='lat' dir='ltr'><strong>(vs.</strong></span> <span class='ocrx_word' id='word_1_339' title='bbox 2022 4303 2111 4383; x_wconf 87' lang='grc'>3).</span> <span class='ocrx_word' id='word_1_340' title='bbox 2248 4304 2321 4369; x_wconf 93' lang='lat' dir='ltr'><strong>In</strong></span> <span class='ocrx_word' id='word_1_341' title='bbox 2370 4305 2487 4369; x_wconf 87' lang='lat' dir='ltr'><strong>hac</strong></span> <span class='ocrx_word' id='word_1_342' title='bbox 2534 4327 2784 4391; x_wconf 89' lang='lat' dir='ltr'><strong>quoque</strong></span> <span class='ocrx_word' id='word_1_343' title='bbox 2908 4302 2915 4309; x_wconf 75' lang='grc'><strong>’</strong></span> 
     </span>
    </p>
   </div>
   <div class='ocr_carea' id='block_1_4' title="bbox 398 4407 2788 4603">
    <p class='ocr_par' dir='ltr' id='par_1_16' title="bbox 398 4407 2788 4603">
     <span class='ocr_line' id='line_1_38' title="bbox 401 4407 2788 4499; baseline 0.002 -26"><span class='ocrx_word' id='word_1_344' title='bbox 401 4407 680 4473; x_wconf 83' lang='lat' dir='ltr'><strong>formula</strong></span> <span class='ocrx_word' id='word_1_345' title='bbox 752 4413 1008 4473; x_wconf 86' lang='lat' dir='ltr'><strong>secutus</strong></span> <span class='ocrx_word' id='word_1_346' title='bbox 1076 4414 1182 4499; x_wconf 28' lang='lat' dir='ltr'><strong>est·</strong></span> <span class='ocrx_word' id='word_1_347' title='bbox 1230 4409 1590 4486; x_wconf 90' lang='lat' dir='ltr'><strong>Donatum,</strong></span> <span class='ocrx_word' id='word_1_348' title='bbox 1663 4412 1775 4494; x_wconf 90' lang='lat' dir='ltr'><strong>qui</strong></span> <span class='ocrx_word' id='word_1_349' title='bbox 1818 4411 2073 4474; x_wconf 84' lang='lat' dir='ltr'><strong>-iustius</strong></span> <span class='ocrx_word' id='word_1_350' title='bbox 2135 4416 2200 4474; x_wconf 90' lang='lat' dir='ltr'><strong>et</strong></span> <span class='ocrx_word' id='word_1_351' title='bbox 2260 4410 2653 4475; x_wconf 86' lang='lat' dir='ltr'><strong>moderatius</strong></span> <span class='ocrx_word' id='word_1_352' title='bbox 2715 4433 2788 4477; x_wconf 86' lang='lat' dir='ltr'><strong>ea</strong></span> 
     </span>
     <span class='ocr_line' id='line_1_39' title="bbox 398 4511 2778 4603; baseline 0.002 -26"><span class='ocrx_word' id='word_1_353' title='bbox 398 4516 606 4578; x_wconf 88' lang='lat' dir='ltr'><strong>utitur</strong></span> <span class='ocrx_word' id='word_1_354' title='bbox 652 4513 834 4579; x_wconf 84' lang='lat' dir='ltr'><strong>velut</strong></span> <span class='ocrx_word' id='word_1_355' title='bbox 880 4514 944 4577; x_wconf 89' lang='lat' dir='ltr'><strong>h.</strong></span> <span class='ocrx_word' id='word_1_356' title='bbox 985 4511 1032 4577; x_wconf 97' lang='lat' dir='ltr'><strong>l.</strong></span> <span class='ocrx_word' id='word_1_357' title='bbox 1084 4513 1182 4594; x_wconf 90' lang='grc'>(2)</span> <span class='ocrx_word' id='word_1_358' title='bbox 1233 4536 1330 4592; x_wconf 93' lang='lat'><strong>„0.</strong></span> <span class='ocrx_word' id='word_1_359' title='bbox 1379 4514 1489 4577; x_wconf 88' lang='lat' dir='ltr'><strong>h.’&#39;</strong></span> <span class='ocrx_word' id='word_1_360' title='bbox 1539 4513 1617 4578; x_wconf 89' lang='lat' dir='ltr'><strong>ad</strong></span> <span class='ocrx_word' id='word_1_361' title='bbox 1662 4515 2049 4580; x_wconf 86' lang='lat' dir='ltr'><strong>industriam</strong></span> <span class='ocrx_word' id='word_1_362' title='bbox 2100 4515 2393 4593; x_wconf 87' lang='lat' dir='ltr'><strong>rettulit,</strong></span> <span class='ocrx_word' id='word_1_363' title='bbox 2445 4539 2508 4580; x_wconf 93' lang='lat' dir='ltr'><strong>n.</strong></span> <span class='ocrx_word' id='word_1_364' title='bbox 2558 4540 2617 4603; x_wconf 92' lang='lat' dir='ltr'><strong>q.</strong></span> <span class='ocrx_word' id='word_1_365' title='bbox 2668 4517 2778 4581; x_wconf 87' lang='lat' dir='ltr'><strong>h.&#39;’</strong></span> 
     </span>
    </p>
   </div>
  </div>
 </body>
</html>
