3392 5384
713 427 847 494 368
1481 445 1566 492 nn
1611 443 1933 494 mmmme
1978 441 2298 494 rnu'ruoo.

715 609 848 678 679
889 611 1070 691 θηρῶν
1111 601 1138 672 ὃ
1181 608 1433 688 πάντες,
1479 607 1650 674 1391
1697 609 1932 676 παίδων
1973 607 2290 683 ἅπαντας.
2334 609 2514 676 Talia
2550 631 2779 694 parum
2804 613 2915 677 aut
2935 611 3089 676 nihil

597 799 608 806 ν
712 720 1004 804 probent.
1070 713 1294 783 Cuivis
1355 736 1608 802 quoque
1666 738 1890 783 versus
1950 718 2019 781 in
2068 717 2449 782 memoriam
2495 718 2766 782 recurrit
2809 737 2845 781 a
2891 718 3090 783 verbis

713 824 1001 900 μάλιστα
1043 822 1309 901 πάντων,
1356 822 1462 888 vel
1510 821 1830 887 κάλλιστα
1874 822 2120 887 πάντων
2158 824 2501 908 incipienS,
2557 827 2634 887 ut
2669 824 2739 887 in
2776 821 3094 908 Sophoclis

713 931 966 1002 Electra
1013 928 1144 994 586
1195 927 1462 1007 αἴχιστα
1506 929 1777 1008 πάντων,
1829 928 1961 994 665
2004 927 2293 1004 μάλιστα
2334 929 2601 1006 πάντων,
2657 925 2787 994 ’763
2826 929 3095 1006 μέγιστα

715 1037 981 1112 πάντων,
1028 1038 1096 1099 iu
1143 1035 1473 1120 Euripidis
1520 1034 1753 1100 Medea
1800 1034 1929 1100 395
1983 1033 2273 1111 μάλιστα
2324 1035 2593 1100 πάντων.
2642 1033 2727 1099 Et
2766 1056 2847 1100 ne
2886 1037 2933 1100 ii
2973 1037 3097 1121 qui-

712 1143 859 1209 dem
921 1163 1142 1208 versus
1203 1147 1466 1207 movent
1525 1163 1667 1221 me,
1735 1140 1956 1227 quales
2020 1147 2176 1207 sunt
2236 1141 2437 1227 Hipp.
2492 1139 2666 1206 1333
2726 1139 2871 1206 ὥστ’
2918 1139 3094 1222 ἄνδρα

712 1249 980 1328 πάντων,
1029 1248 1258 1314 Troad.
1315 1246 1487 1314 1273
1538 1249 1641 1313 καὶ
1690 1249 1890 1327 τέρμα
1934 1247 2203 1326 πάντων,
2246 1247 2402 1313 Hec.
2448 1247 2581 1313 562
2624 1245 2797 1326 ἔλεξε
2840 1247 3095 1327 πάντων,

711 1359 787 1423 fr.
840 1355 971 1420 430
1035 1354 1224 1432 ἔρωτα
1291 1354 1534 1418 πάντων
1597 1353 1705 1433 (cf.
1770 1353 1962 1441 Soph.
2028 1352 2101 1419 Ο.
2149 1354 2227 1420 R.
2284 1352 2455 1418 1465
2522 1353 2791 1433 ψαύοιμι
2843 1354 3095 1420 πάντων.

711 1463 982 1528 Philoct.
1026 1461 1110 1526 85
1155 1460 1415 1534 κέκλησο
1457 1460 1749 1542 πάντων).
1795 1460 1919 1526 Sed
1957 1459 2279 1546 peculiare
2318 1460 2641 1545 quoddam
2683 1460 3095 1547 Euripideum

711 1573 766 1636 ei
833 1572 1040 1634 inesse
1109 1567 1250 1633 dico
1321 1569 1539 1634 versui
1608 1572 1825 1632 nostro
1854 1617 1861 1622 .
1889 1570 2107 1654 cogito
2171 1567 2248 1633 de
2310 1588 2465 1633 sono
2531 1587 2840 1633 versuum
2889 1567 3095 1653 quales

710 1683 894 1743 sunt:
961 1674 1133 1739 Med.
1185 1672 1315 1738 409
1367 1677 1568 1738 κακῶν
1616 1673 1678 1738 δὲ
1729 1677 1995 1752 πάντων,
2054 1673 2254 1740 Andr.
2308 1673 2482 1739 1116
2534 1669 2618 1747 εἷς
2670 1671 2734 1748 ἦν
2787 1675 3092 1752 ἁπάντων,

711 1782 868 1848 Hec.
921 1781 1047 1846 351
1120 1787 1367 1861 Φρυγῶν
1417 1780 1739 1859 ἁπάντων,
1802 1781 1994 1846 Herc.
2048 1779 2179 1845 543
2230 1777 2441 1851 ὅπλοις
2490 1780 2807 1846 ἁπάντων.
2875 1779 2961 1846 Ῑο.
3014 1777 3091 1844 55

711 1889 951 1967 ταμίαν
991 1911 1061 1951 τε
1101 1888 1368 1965 πάντων,
1411 1886 1566 1954 ibid.
1610 1885 1742 1951 863
1787 1887 1889 1951 καὶ
1932 1886 2116 1951 τῶνδε
2148 1885 2413 1966 πάντων,
2454 1886 2533 1950 fr.
2572 1885 2726 1952 269.
2756 1886 2797 1952 2
2840 1885 2943 1950 καὶ
2986 1886 3094 1949 τῶν

712 1996 1011 2060 ἀπάντων
1074 1995 1181 2074 (cf.
1230 1993 1424 2079 Soph.
1475 1995 1578 2058 Ai.
1630 1993 1763 2058 992
1812 1991 1853 2058 ὦ
1902 2000 2017 2078 τῶν
2064 1993 2377 2072 ἁπάντων,
2428 1999 2492 2059 et
2539 2015 2804 2060 versum
2854 1991 3095 2058 similli-

711 2123 895 2167 mum
966 2099 1330 2186 Euripideis
1399 2102 1464 2165 in
1547 2101 1758 2164 Prack.
1824 2098 1955 2166 275
2030 2101 2057 2163 ὃ
2129 2107 2245 2165 τῶν
2320 2100 2615 2165 ἁπάντων
2679 2099 2837 2172 Ζεὺς
2902 2101 3095 2177 πατὴρ

711 2210 1113 2288 Ὀλύμπιος),
1161 2208 1237 2273 fr.
1289 2205 1420 2272 544
1470 2205 1679 2280 ἄλλως
1731 2209 1793 2272 δὲ
1842 2207 2108 2272 πάντων.
2779 2266 2785 2272 .

801 2315 886 2381 Et
951 2315 1107 2380 haec
1177 2313 1439 2399 quidem
1511 2303 1729 2379 omnia
1793 2316 1932 2400 ipso
1995 2313 2311 2379 adiectivo
2375 2315 2767 2378 conveniunt
2833 2311 3091 2390 πάντων,

710 2424 1060 2510 praemissa
1127 2420 1298 2484 haud
1362 2441 1502 2485 raro
1564 2441 1723 2487 voce
1788 2419 1849 2485 δὲ
1916 2422 2052 2486 sive
2115 2445 2204 2484 τε.
2273 2419 2405 2485 Nec
2450 2425 2666 2485 tamen
2714 2421 2934 2483 minus
2978 2419 3097 2483 huc

709 2531 1032 2616 pertinent
1115 2547 1275 2612 quae
1347 2547 1646 2591 sonorum
1720 2526 2169 2592 tantummodo
2242 2525 2669 2591 similitudine
2738 2529 3095 2611 congruunt

709 2636 918 2704 veluti
957 2635 1063 2699 Or.
1111 2632 1284 2698 1163
1329 2633 1449 2711 ἐγὼ
1491 2633 1551 2697 δὲ
1593 2631 1838 2704 πάντως
1885 2634 1991 2714 (cf.
2035 2633 2237 2719 Hipp.
2284 2632 2458 2698 1Ο62
2498 2635 2562 2698 οὐ
2602 2631 2761 2706 δῆτα
2802 2633 3089 2711 παντως).

711 2742 858 2808 Hel.
929 2740 1102 2806 1240
1174 2739 1270 2812 τίς
1334 2739 1386 2802 δ’
1446 2737 1572 2803 ἔστ’
1637 2739 1917 2804 ἁπάντων
1981 2736 2208 2820 (Andr.
2274 2738 2405 2804 632
2471 2741 2701 2819 πορθεῖς
2766 2737 3086 2815 ἁπάντων),

708 2849 909 2934 Hipp.
963 2845 1137 2911 1329
1187 2846 1373 2918 οὐδεὶς
1425 2846 1687 2929 ἀπαντᾷ
1738 2845 1993 2927 (Bacch.
2045 2844 2175 2910 632
2223 2842 2423 2910 ἵππων
2469 2848 2527 2910 τ’
2576 2845 2918 2926 ἀπαντῶν).

799 2953 1053 3020 Similia
1098 2953 1431 3018 observare
1479 2955 1683 3037 possis
1729 2956 1795 3017 in
1838 2955 2047 3040 primo
2088 2953 2266 3038 pede.
2302 2951 2543 3018 Versus
2581 2954 2849 3017 initium
2889 2955 3090 3017 nostro

705 3063 866 3146 ipsis
913 3057 1240 3125 vocabulis
1287 3058 1500 3123 simile
1549 3063 1756 3124 unum
1806 3064 2061 3126 tantum
2108 3061 2175 3123 in
2222 3066 2505 3126 mentem
2547 3061 2725 3124 venit
2762 3059 2942 3125 Med.
2972 3057 3089 3124 ‘752

712 3167 874 3238 θεούς
947 3190 1016 3230 τε
1089 3165 1356 3243 πάντας,
1430 3165 1539 3230 sed
1608 3187 1793 3252 saepe
1862 3188 2054 3232 sonus
2117 3167 2318 3244 redit,
2382 3171 2458 3230 ut
2520 3166 2626 3231 Or.
2696 3164 2873 3231 1586
2938 3165 3087 3234 θεοὺς

681 3275 958 3338 ἀπαιτῶ
1005 3272 1248 3352 (crebro
1295 3273 1542 3335 ἀπαιτῶ
1590 3272 1708 3336 hac
1756 3273 1901 3337 sede
1950 3274 2167 3357 posuit
2215 3276 2401 3358 poeta
2448 3278 2522 3336 ut
2569 3292 2633 3336 v.
2676 3293 2728 3336 c.
2772 3270 2929 3336 Hel.
2970 3267 3089 3334 276

709 3379 894 3461 χάριν
951 3381 1006 3442 τ’
1072 3379 1352 3458 ἀπαιτῶ)
1417 3415 1502 3426 —-
1567 3379 1727 3443 item
1790 3378 1866 3443 fr.
1924 3377 2057 3442 359
2125 3379 2307 3444 θετῶν
2354 3377 2415 3442 δὲ
2463 3376 2696 3454 παίδων
2742 3377 2851 3459 (cf.
2901 3377 3088 3462 Hipp.

713 3484 888 3551 1455
939 3484 1173 3550 τοιῶνδε
1223 3484 1503 3564 παίδων).

799 3590 950 3656 Sed·
989 3588 1136 3655 nolo
1204 3591 1272 3654 in
1339 3590 1458 3655 hac
1527 3611 1594 3655 re
1657 3610 1960 3676 pergere,
2027 3596 2091 3654 et
2152 3589 2442 3655 consulto
2503 3610 2629 3654 non
2686 3589 2812 3654 huc
2860 3587 3090 3654 adduxi

709 3701 930 3764 verens
977 3696 1359 3781 Euripideoe
1405 3695 1579 3760 haud
1626 3717 1802 3761 raros
1850 3698 1961 3782 qui
2011 3717 2047 3761 a
2094 3698 2224 3761 θεοῦ
2276 3694 2570 3775 διδόντος,
2618 3696 2748 3759 θεοῦ
2791 3695 3087 3768 θέλοντος,

706 3825 744 3869 a
805 3805 1107 3889 genetivo
1174 3805 1312 3866 θεῶν
1360 3804 1681 3886 incipiunt
1730 3804 1867 3867 eive
1914 3807 2152 3867 exeunt
2196 3805 2281 3867 in·
2316 3800 2481 3873 Διός.
2528 3801 2863 3886 Exponere
2908 3798 3091 3866 modo

708 3909 999 3976 volebam
1053 3929 1181 3973 uno
1229 3906 1523 3993 exemplo
1573 3909 1728 3994 quid
1779 3908 1981 3974 velim
2028 3930 2176 3974 cum
2224 3907 2599 3974 contendam
2637 3928 2939 3973 numeros
2978 3905 3093 3970 Eu-

704 4015 981 4104 ripideos
1026 4015 1233 4080 audiri
1282 4035 1462 4100 posse
1511 4016 1581 4078 in
1626 4015 2008 4100 fragmentis
2051 4014 2351 4080 Pirithoi.
2400 4014 2522 4080 Vix
2574 4013 2903 4079 sufficiant·
2943 4010 3093 4078 talia

674 4129 782 4204 ‚ut
839 4125 1159 4187 incertum
1222 4122 1662 4207 fragmentum
1725 4127 1898 4186 certo
1947 4121 2204 4186 cuidam
2255 4125 2477 4206 poetae
2527 4121 2810 4199 tribuae;
2860 4121 2917 4185 si
2963 4119 3095 4186 vin-

707 4228 973 4295 dicanda
1037 4233 1189 4294 sunt
1255 4233 1480 4313 poetae
1551 4227 1917 4313 fragmenta
1977 4248 2139 4312 quae
2202 4226 2545 4292 traditione
2606 4228 2667 4292 ei
2720 4226 3091 4291 tribuuntur

705 4335 816 4402 sed
875 4333 1334 4400 addubitantur
1395 4355 1432 4400 a
1495 4331 1913 4419 quibusdam,
1979 4332 2149 4398 haud
2214 4353 2475 4418 prorsus
2535 4333 2692 4399 haec
2741 4353 2883 4398 mea
2932 4331 3091 4396 ratio

703 4439 1161 4508 contemnenda
1207 4440 1484 4506 videtur.

795 4547 927 4615 Nec
994 4552 1208 4612 temen
1278 4547 1433 4612 haec
1500 4547 1805 4613 referrem
1868 4549 1995 4612 nisi
2056 4546 2380 4613 accederet
2439 4548 2508 4611 in
2568 4547 2795 4613 ceteris
2841 4564 3089 4630 quoque
