3392 5384
1378 367 1688 481 nonnus.
2600 412 2733 480 323

339 600 406 662 81
457 593 619 676 (12).
713 592 925 660 Schol.
975 592 1071 675 (3)
1119 597 1216 659 est
1262 594 1653 659 rhetoricum
1704 611 1737 657 8
1786 592 2036 671 8811018;
2101 592 2195 675 (4)
2245 594 2374 673 ,,Ε1
2399 586 2568 662 'vide
2616 618 2741 662 ser-

341 724 502 770 vum
565 700 815 767 ostendi
880 699 1140 767 Davum
1205 705 1270 766 et
1314 722 1442 765 non
1492 699 1743 766 ostendi
1790 702 1975 767 cuius
2020 703 2106 765 sit
2154 702 2441 782 88,1ν118”,
2492 740 2577 751 --
2625 725 2739 769 1188

343 811 560 874 minus
631 809 727 891 (5)
784 855 818 886 „
844 808 1156 885 „Amicus
1230 827 1526 872 summus
1590 805 1819 871 meus''
1883 827 2107 887 causa,
2172 829 2286 873 cur
2330 811 2397 874 in
2446 830 2739 875 scaenam

340 914 640 1003 procedat
697 913 985 993 Davus'',
1038 912 1283 978 futtilia
1331 919 1503 979 sunt.

435 1020 658 1107 Itaque
719 1019 946 1085 Editor
1007 1022 1078 1084 in
1124 1026 1485 1085 commento
1531 1021 1785 1086 iuvenit
1833 1019 1928 1102 (1)
1954 1020 2049 1101 (2)
2076 1020 2171 1101 (6)
2197 1018 2293 1103 (7)
2318 1021 2459 1103 (12)
2505 1042 2577 1087 88
2624 1022 2743 1087 for-

347 1134 515 1194 tasse
559 1130 630 1191 in
677 1127 1024 1193 commenti
1069 1128 1363 1211 margine
1409 1125 1505 1206 (4)
1555 1130 1619 1192 et
1667 1124 1963 1207 (5111181
2007 1125 2172 1191 illud
2221 1130 2358 1213 ipse
2404 1131 2741 1194 invenerit.

349 1234 473 1300 His
530 1236 828 1320 opposuit
890 1254 1083 1299 suum
1145 1231 1288 1313 (11)
1348 1235 1522 1297 111810
1584 1230 1723 1297 1080
1787 1237 1935 1298 ante
1991 1232 2155 1313 (12).
2220 1230 2619 1360 Oompilator
2666 1256 2743 1300 ex

345 1340 632 1407 Editoris
679 1341 972 1427 margine
1019 1341 1293 1404 inseruit
1343 1337 1437 1419 (3)
1462 1338 1556 1419 (8)
1583 1336 1678 1420 (9)
1704 1337 1867 1419 (10).

437 1554 470 1621 Ι
515 1554 579 1621 2.
608 1554 693 1619 69
763 1554 909 1620 Non
959 1555 1016 1617 si
1063 1553 1330 1618 redisset
1378 1554 1435 1618 ei
1491 1557 1670 1637 pater
1716 1553 1975 1617 veniam
2024 1550 2247 1617 daret?

442 1660 538 1744 (2)
583 1648 740 1739 „Si”
783 1682 897 1747 pro
939 1658 1391 1746 „postquam’',
1432 1664 1510 1723 ut
1553 1660 1652 1736 „si
1689 1679 1854 1723 nona
1894 1657 2067 1724 diem
2107 1657 2488 1724 mortalibus
2528 1657 2743 1724 alma’'

355 1770 538 1850 (Aen.
588 1767 642 1833 V
693 1766 828 1849 64).
967 1766 1065 1852 (3)
1114 1765 1269 1844 „Si”
1321 1787 1499 1830 cum
1545 1764 1835 1831 redisset.
2388 1854 2393 1858 ¹

443 1872 764 1960 Magister
823 1871 920 1954 (3)
982 1875 1167 1938 iuxta
1226 1871 1577 1938 Donatum.
1661 1870 1982 1937 Similiter
2040 1871 2480 1957 interpolatori
2544 1872 2747 1938 danda

357 1985 543 2059 811111,
593 2000 755 2065 quae
792 1978 1105 2065 leguntur
1143 1977 1222 2043 ad
1260 1978 1448 2044 Hec.
1489 1977 1576 2043 IV
1622 1977 1679 2043 1.
1713 1976 1796 2041 55
1824 1976 1921 2059 (2)
1964 1980 2133 2056 „nisi
2162 1979 2333 2045 *forte
2374 1978 2535 2061 (scil.
2579 1980 2749 2060 „si'')

358 2108 537 2163 cum
565 2104 570 2109 ·
602 2085 730 2153 vel·
772 2084 981 2171 quod
1044 2085 1428 2172 significat’',
1492 2090 1557 2150 81
1612 2105 1773 2169 quae
1822 2084 2049 2179 deinde
2096 2091 2455 2170 sequuntur
2498 2088 2753 2151 cursiva

363 2194 703 2273 Wessneri,
767 2214 883 2259 nec
947 2214 1073 2259 non
1136 2195 1472 2278 sequentia
1531 2212 1737 2277 usque
1799 2190 1878 2257 ad
1927 2194 2431 2279 „interrogative
2480 2213 2753 2277 pronun-

361 2301 587 2367 tiare'’.
971 2316 975 2321 “

448 2496 511 2562 II
553 2497 615 2563 2.
645 2496 729 2561 10
799 2493 1034 2561 Vereor
1080 2517 1158 2561 ne
1205 2497 1402 2561 istaec
1449 2495 1760 2562 fortitudo
1806 2499 1875 2562 in
1921 2517 2196 2562 nervum
2243 2503 2541 2582 erumpat

451 2603 548 2685 (5)
607 2603 707 2668 Ex
769 2602 1230 2668 consuetudine
1293 2602 1584 2668 Romana
1646 2602 1850 2683 dixit,
1914 2606 2065 2690 quia
2127 2624 2312 2695 saepe
2360 2606 2430 2667 in
2480 2624 2749 2669 nervum

360 2711 838 2777 coniciebantur
897 2732 974 2776 ex
1039 2710 1254 2795 aliquo
1316 2710 1630 2777 maleficio
1686 2712 1756 2775 in
1806 2731 2121 2776 carcerem
2169 2713 2370 2776 missi.
2509 2710 2608 2791 (6)
2654 2712 2755 2774 An

359 2816 676 2905 numquid
725 2819 1142 2903 proverbium
1191 2839 1269 2883 ex
1316 2820 1672 2905 sagittariis
1718 2824 1949 2884 natum
1995 2825 2127 2895 est,
2173 2818 2342 2902 quod
2380 2817 2758 2884 immodera-

360 2931 462 2991 tae
525 2923 906 3011 plerumque
972 2928 1142 2991 vires
1201 2925 1569 2992 adducendo
1631 2946 1782 2991 arcu
1844 2947 1973 2991 non
2028 2925 2236 2991 telum
2295 2927 2598 3004 incitent,
2648 2924 2756 2989 sed
2807 2977 2811 2981 .

363 3053 638 3098 nervum
709 3033 831 3097 sibi
901 3031 1184 3117 aliquem
1251 3030 1550 3098 laedant?
1703 3032 1797 3114 (8)
1863 3032 2038 3117 Ergo
2108 3031 2487 3098 fortitudine
2556 3034 2759 3097 nimia

366 3160 552 3225 saepe
597 3140 804 3216 vinci,
856 3158 1041 3223 saepe
1089 3139 1295 3225 decipi
1341 3140 1681 3224 contingit.

457 3246 688 3312 Veram
729 3251 793 3311 et
831 3243 1257 3309 Donatianam
1295 3246 1619 3330 proverbii
1643 3247 2109 3310 enarrationem
2132 3245 2393 3330 praebet
2416 3245 2609 3312 schol.
2636 3246 2756 3326 (5),

365 3352 534 3441 quod
596 3373 709 3438 pro
774 3350 897 3416 loci
959 3352 1526 3437 interpretamento
1575 3352 1774 3424 etiam
1823 3352 2052 3416 citavit
2097 3349 2521 3415 Dziatsz.
2589 3351 2757 3417 810-

367 3479 584 3536 man,
631 3459 865 3523 vertit:
917 3456 1194 3535 „should
1241 3456 1361 3522 end
1414 3457 1500 3543 by
1546 3455 1813 3541 landing
1858 3477 1992 3542 you
2040 3458 2109 3520 in
2156 3454 2265 3521 the
2305 3456 2565 3521 stocks'’
2609 3460 2760 3524 cita-

367 3567 592 3649 vitque
633 3584 725 3629 vs.
763 3561 925 3628 696:
971 3563 1247 3641 „Nostra
1286 3584 1476 3629 causa
1515 3559 1761 3627 scilicet
1798 3565 1867 3627 in
1905 3582 2171 3628 nervam
2203 3565 2418 3648 potius
2452 3561 2654 3628 ibit?”
2690 3567 2757 3645 ¹),

367 3675 627 3737 secutus
696 3671 1011 3734 nimirum
1078 3669 1706 3746 Rhunkenium,
1780 3672 1892 3754 qui
1963 3669 2331 3735 adnotavit:
2405 3670 2512 3746 „h.
2554 3691 2608 3735 e.
2680 3693 2758 3735 ne

371 3782 630 3864 propter
673 3779 868 3841 istam
914 3776 1361 3843 fortitudinem
1406 3779 1474 3842 in
1522 3774 1783 3842 vincula
1828 3778 2177 3842 coniciaris.
2237 3774 2410 3841 Infra
2454 3776 2541 3842 IV
2581 3777 2644 3842 4.
2678 3778 2758 3841 15

371 3888 477 3963 (---
500 3903 596 3949 vs.
642 3880 866 3962 696)”.
1004 3882 1289 3949 Editoris
1334 3884 1652 3960 acumini,
1703 3903 1872 3947 nunc
1918 3904 2044 3948 non
2091 3904 2351 3969 prorsus
2393 3886 2611 3968 inepto
2651 3883 2760 3949 sed

374 3993 591 4052 tamen
637 3985 894 4067 inutili,
943 3988 1257 4055 debentur
1300 3989 1399 4070 (6)
1449 3995 1515 4054 81
1564 3985 1660 4069 (7)
1709 4010 1822 4074 per
1868 4012 1967 4053 an.
2016 3987 2307 4074 Denique
2354 3988 2587 4074 aliquis
2632 4011 2763 4056 ma-

372 4095 576 4182 gister
621 4094 865 4161 addidit
909 4084 1384 4164 conclusionem
1432 4097 1527 4178 (8)
1577 4099 1853 4182 petitam
1900 4117 1980 4162 ex
2026 4095 2122 4178 (6)
2171 4104 2235 4161 et
2282 4094 2398 4177 (7).

445 4324 502 4391 1)
549 4324 793 4375 Scholium
840 4324 899 4374 811
946 4324 1085 4375 illum
1127 4326 1288 4376 1081118
1335 4324 1427 4387 (IV
1464 4327 1634 4388 3.15),
1678 4325 1804 4389 quod
1841 4324 1908 4374 sic
1946 4340 1995 4373 88
2028 4323 2193 4374 11811811
2248 4324 2335 4374 „In
2370 4340 2569 4375 nervum
2606 4328 2765 4392 potius

371 4408 494 4459 ibit”
539 4408 760 4474 decipiet,
805 4422 832 4455 8
877 4406 1128 4472 proverbio
1171 4411 1327 4457 tracto
1375 4423 1402 4456 8
1435 4407 1715 4471 sagittariis,
1752 4422 1861 4456 cum
1895 4407 1967 4456 vis
2002 4409 2294 4471 conatusque
2327 4407 2567 4457 tendentis
2600 4424 2764 4459 arcum

375 4506 473 4542 808
519 4491 572 4541 18
623 4490 837 4540 volatum
881 4490 1000 4549 teli,
1044 4490 1124 4538 sed
1169 4489 1221 4539 in
1257 4489 1531 4555 ruptionem
1565 4489 1702 4539 nervi
1736 4489 1964 4555 expetit”,
1997 4489 2142 4539 811818
2176 4487 2234 4538 ab
2268 4488 2464 4539 Editore
2497 4491 2767 4556 profectum

378 4591 478 4625 81188
512 4573 744 4639 sequitur.
