3392 5384
712 417 841 484 196
1749 438 2078 515 nom-rus.

801 603 897 669 De
956 624 1203 689 prosa
1262 603 1647 670 Isidorus
1711 605 1891 693 Orig.
1955 604 1986 669 I
2036 603 2208 671 37.1
2278 606 2577 684 „Prosa
2637 611 2735 671 est
2782 605 3074 691 producta

706 712 946 788 oratio,
1010 731 1048 775 a
1106 710 1253 798 lege
1315 714 1508 777 metri
1568 711 1801 778 soluta.
1865 713 2140 778 Prosum
2189 714 2364 777 enim
2411 703 2664 797 antiqui
2710 712 3082 798 productum

706 816 999 882 dicebant
1061 822 1127 883 et
1185 821 1435 882 rectum
1469 817 1538 896 ¹),
1602 819 1772 884 unde
1831 821 1924 884 ait
1986 818 2184 885 Varro
2245 819 2412 905 apud
2446 818 2770 883 'Plautum
2816 820 3085 904 prosis

705 921 964 987 lectis
1009 923 1358 1011 significari
1400 928 1625 1009 rectis3
1674 926 1846 991 unde
1892 911 2092 992 etiam
2138 946 2302 1011 quae
2347 947 2472 991 non
2518 929 2616 991 est
2661 924 2938 1010 perflexa
2981 945 3090 987 nu-

704 1020 882 1093 mero
944 1028 1053 1093 sed
1100 1035 1306 1105 recta,
1356 1050 1543 1115 prosa
1590 1034 1790 1097 oratio
1839 1031 2095 1110 dicitur,
2143 1034 2210 1096 in
2229 1038 2506 1115 ,rectum
2546 1028 2992 1117 producenda’'
3017 1029 3088 1109 2).

704 1134 937 1199 Sabb.
980 1134 1078 1213 (4)
1118 1139 1327 1201 totum
1369 1136 1817 1223 Interpolatori
1855 1140 2232 1223 imputavit,
2259 1159 2380 1224 ego
2404 1158 2565 1223 quae
2589 1136 2842 1202 lineolis
2866 1137 3086 1222 saepsi.

794 1238 956 1306 Ibid.
1011 1240 1094 1305 16
1157 1242 1379 1320 Nunc,
1428 1243 1778 1321 ParmenO,
1828 1250 1892 1309 te
1938 1243 2285 1311 ostenderis
2333 1246 2444 1329 qui
2488 1246 2592 1309 vir
2637 1246 2760 1308 sies

795 1345 892 1425 (2)
934 1346 1076 1411 Non
1121 1351 1276 1434 „qui
1316 1351 1480 1414 sies’'
1524 1351 1663 1430 sed,
1706 1350 1874 1437 quod
1916 1356 2011 1416 est
2038 1352 2558 1430 ἕμφαιτικώτερον,
2599 1353 2752 1435 „qui
2778 1352 2878 1414 vir
2900 1348 3088 1414 sies''.

794 1454 891 1531 (4)
952 1453 1037 1517 Et
1098 1454 1286 1532 „vir”
1351 1456 1539 1522 modo
1600 1480 1727 1523 non
1794 1458 1872 1523 ad
1923 1478 2146 1523 sexum
2196 1457 2303 1524 vel
2353 1463 2628 1523 aetatem
2678 1459 2936 1535 dicitur,
2987 1455 3092 1520 sed

706 1558 785 1624 ad
832 1558 1113 1625 laudem.
2144 1561 2151 1568 ’

793 1665 1177 1732 Sabbadinio
1226 1668 1347 1733 hoc
1395 1676 1766 1756 suspectum
1817 1672 1975 1746 fuit,
2027 1672 2192 1735 mihi
2237 1674 2434 1736 etiam
2484 1669 2684 1745 illud,
2735 1688 2885 1734 nam
2944 1671 3094 1754 „qui

699 1772 867 1837 sies''
918 1778 983 1837 et
1032 1777 1188 1858 „qui
1235 1778 1338 1839 vir
1382 1776 1548 1841 sies’'
1598 1798 1723 1841 non
1772 1777 2062 1862 emphasi
2110 1777 2410 1842 differunt
2456 1775 2564 1841 sed
2609 1774 3090 1861 significatione,

698 1877 881 1944 velut
928 1880 1122 1945 Andr.
1167 1880 1297 1945 586
1342 1883 1641 1959 „tandem
1680 1886 1973 1970 cognosti
2014 1886 2125 1968 qui
2166 1884 2368 1948 siem''
2411 1885 2597 1947 unice
2638 1882 2835 1957 decet,
2878 1888 3094 1945 contra

698 1983 863 2050 Eun.
929 1984 1016 2049 66
1084 1989 1359 2063 „sentiet
1420 1991 1530 2073 qui
1594 1992 1696 2053 vir
1763 1988 1992 2054 siem''.
2177 1988 2429 2052 Insulsa
2491 1987 2819 2052 adnotatio
2880 1985 2982 2063 (4)
3028 1989 3092 2049 in

698 2094 1078 2158 memoriam
1142 2104 1430 2170 revocat,
1496 2116 1658 2180 quae
1722 2096 2010 2160 Donatus
2073 2096 2404 2160 adnotavit
2464 2094 2542 2158 ad
2603 2093 2797 2157 Andr.
2847 2091 2908 2155 11
2963 2090 3022 2155 5.
3052 2091 3091 2156 2

700 2245 734 2274 „
761 2197 950 2273 „vir”
1016 2201 1188 2263 enim
1251 2200 1441 2266 modo
1504 2201 1581 2265 ad
1647 2203 2189 2286 vituperationem
2253 2222 2402 2265 cum
2464 2201 2702 2276 ironia,
2766 2198 2959 2262 modo
3018 2198 3094 2261 ad

693 2302 960 2369 laudem
1030 2308 1313 2370 sumitur
1376 2309 1609 2383 <sine>
1671 2309 1940 2384 ironia’',
2015 2315 2079 2372 et
2146 2308 2267 2372 Ad.
2329 2306 2416 2371 IV
2465 2307 2526 2370 2.
2556 2305 2641 2369 25
2710 2307 2972 2382 „virum
3031 2312 3093 2368 te
3144 2309 3151 2318 ‘

701 2410 959 2475 iudico’'
1024 2414 1235 2496 inquit
1282 2434 1403 2477 non
1458 2412 2150 2491 „adulescentulum’':·
2183 2414 2304 2477 hoc
2355 2416 2525 2478 enim
2575 2411 2654 2476 ad
2703 2418 2985 2476 aetatem
3033 2414 3095 2473 et

705 2518 1090 2603 probitatem
1139 2540 1261 2584 non
1308 2520 1387 2583 ad
1435 2542 1661 2584 sexum
1708 2520 2048 2585 refertur’'.

791 2623 950 2689 Ibid.
1001 2622 1089 2689 20
1158 2625 1256 2706 (2)
1310 2624 1492 2703 ,,Ηοο
1537 2626 1752 2691 hercle
1800 2627 2044 2691 factum
2091 2626 2232 2691 est'’
2281 2628 2501 2691 inveni
2549 2625 2717 2710 quod
2766 2645 2981 2688 amem

700 2730 805 2795 Sic
860 2731 1143 2796 breviter
1193 2729 1351 2796 Don.
1394 2733 1506 2807 (cf.
1548 2755 1643 2797 vs.
1701 2732 1827 2813 17).
2013 2732 2114 2795 IP
2154 2732 2328 2797 idem
2377 2730 2752 2815 ampliavit:
2803 2730 2898 2809 (3)
2951 2730 3092 2795 Hoc

701 2836 871 2919 quod
914 2836 1197 2913 dicebas,
1239 2840 1485 2922 inquit,
1527 2860 1742 2903 morae
1782 2858 1951 2915 esse,
1992 2840 2123 2902 iam
2166 2838 2404 2902 factum
2431 2843 2580 2902 est:
2623 2856 2788 2901 ame.
2886 2834 2954 2900 S.
2992 2857 3046 2900 c.
3088 2855 3093 2859 ·

793 2941 955 3006 Ibid.
997 2941 1081 3018 21
1149 2942 1271 3007 Fac
1311 2946 1399 3007 sis
1438 2964 1609 3008 nunc
1646 2947 1961 3029 promissa
1995 2949 2361 3029 appareant.
2421 2944 2571 3008 Sive
2600 2942 2648 3024 ³)
2700 2941 2856 3007 adeo
2897 2942 3098 3029 digna

700 3068 801 3112 res
846 3052 945 3112 est
991 3049 1105 3111 ubi
1152 3054 1224 3113 tu
1270 3070 1499 3114 nervos
1545 3050 1837 3114 intendas
1886 3057 2032 3115 tuos
2339 3036 2341 3038 ¹

792 3153 977 3218 Falsa
1034 3153 1225 3220 lectio
1286 3159 1467 3221 sive
1530 3160 1792 3222 vexavit
1856 3155 2266 3233 scholiastes,
2316 3158 2429 3240 qui
2474 3158 2672 3220 etiam
2720 3156 2855 3219 sine
2904 3174 3096 3219 causa

702 3260 1114 3344 disputarunt
1154 3268 1446 3327 essentne
1495 3264 1690 3328 verba
1739 3261 2091 3341 Chaereae,
2139 3262 2305 3347 quod
2331 3260 2496 3326 ‘luce
2543 3260 2778 3326 clarius
2827 3267 2963 3338 est,
3015 3280 3097 3325 an

702 3366 1137 3433 Parmenonis.

794 3474 891 3553 (1)
953 3474 1021 3538 Si
1080 3496 1347 3560 persona
1408 3476 1826 3541 Parmenonis
1890 3482 2021 3554 est,
2092 3472 2311 3550 „sive”
2373 3472 2674 3538 abundat.
2861 3471 2960 3553 (2)
3014 3471 3096 3535 Et

702 3602 817 3666 pro
881 3579 1206 3665 expletiva
1269 3584 1715 3648 coniunctione
1772 3589 1866 3647 est
1914 3581 2103 3646 modo
2149 3579 2312 3661 (scil.
2364 3579 2666 3659 „adeo’');
2715 3582 2784 3642 in
2832 3580 3096 3664 quibu-s-

703 3686 852 3752 dam
914 3691 1175 3753 omnino
1238 3710 1363 3753 non
1422 3687 1687 3775 legitur.
1873 3687 1970 3768 (3)
2021 3686 2284 3764 „Adeo”
2337 3692 2448 3751 aut
2495 3686 2778 3750 abundat
2824 3691 2940 3750 aut
2989 3688 3098 3749 ni-

702 3796 858 3859 mis
905 3793 1226 3879 significat
1272 3796 1370 3859 vel
1412 3796 1561 3859 satis
1609 3794 1738 3874 (W.
1787 3801 2003 3873 curs.).
2158 3792 2252 3873 (4)
2301 3791 2371 3857 Si
2420 3789 2700 3858 Chaerea
2747 3790 2940 3868 dicit,
2992 3791 3096 3854 hic

702 3898 854 3966 ordo
900 3905 965 3963 et
1010 3921 1230 3965 sensus
1278 3906 1410 3965 est:
1460 3901 1557 3965 fac
1606 3902 1661 3964 si
1708 3902 1805 3964 vis
1851 3920 2055 3978 nunc,
2105 3902 2159 3964 si
2207 3898 2361 3964 adeo
2410 3896 2606 3983 digna
2654 3918 2754 3962 res
2800 3901 2929 3973 est,
2980 3896 3099 3960 ubi

703 4011 776 4070 tu
822 4027 1050 4071 nervos
1097 4006 1389 4072 intendas
1438 4011 1619 4084 tuos,
1668 4011 1744 4072 ut
1791 4008 2104 4092 promissa
2145 4010 2526 4091 appareant,
2567 4010 2644 4068 ut
2686 4005 2867 4079 (sit)
2916 4000 3094 4081 „sis”

702 4115 776 4202 si
819 4114 951 4178 vis
1001 4119 1163 4187 (et)
1217 4113 1377 4191 „ut”
1427 4114 1699 4179 addatur
1740 4112 2024 4189 (ad)‚id
2071 4112 2240 4198 quod
2287 4117 2394 4176 est·
2433 4110 2574 4187 „fac
2623 4112 2937 4195 promissa
2991 4129 3105 4193 ap-

771 4411 825 4476 1)
862 4412 993 4461 Hinc
1026 4412 1335 4479 interpolatio
1370 4413 1420 4463 in
1454 4416 1541 4475 (3).

768 4496 821 4556 2)
859 4495 1085 4544 Extrema
1120 4500 1404 4560 repetuntur
1438 4498 1487 4546 in
1523 4495 1673 4545 Gloss.
1714 4493 1755 4542 V
1788 4493 2005 4546 masa.

770 4579 825 4642 3)
860 4578 1007 4627 Codd.
1038 4577 1218 4634 ,habent
1253 4579 1325 4628 si.
1368 4578 1616 4629 Dziatzkoz
1662 4580 1800 4628 ..Est
1835 4576 2003 4628 adeo”.
2041 4576 2195 4627 Fleck.
2236 4574 2397 4642 Umpf.
2438 4574 2548 4625 Fab.
2589 4573 2718 4626 nSic
2752 4568 2916 4621 adeo”.
