3392 5384
649 411 740 477 ’32
1690 425 2000 476 nonnus.

651 599 763 674 (sc.
827 597 895 656 in
960 590 997 657 7
1065 592 1262 677 „quid
1311 592 1418 656 hic
1465 589 1757 656 stabas?'’
1815 613 1907 675 sq.
1958 597 2021 654 et
2068 591 2109 655 8
2160 591 2353 675 „quid
2400 585 2699 673 taces?”).
2778 593 2864 672 (4)
2911 593 3037 660 8611

650 699 808 763 bene
853 697 1197 783 intelligit,
1248 699 1359 782 qui
1405 698 1522 762 hoc
1571 719 1607 762 a
1653 700 1984 762 meretrice
2030 697 2275 762 ridente
2320 697 2603 762 molliter
2640 705 2704 763 et
2742 699 3031 765 osculum

615 806 1018 888 ‚porrigente
1066 803 1191 867 dici
1238 805 1466 888 accipit
1514 802 1673 881 (scil.
1724 803 1971 867 Probus
1992 851 2007 880 ,
2058 805 2260 887 Asper
2304 803 2554 868 aliusve
2600 809 2865 886 auctor).

655 910 863 973 Ambo
912 930 1119 974 unum
1170 907 1406 972 Donati
1453 908 1770 973 scholium
1817 908 2132 986 efficiunt,
2182 910 2317 973 hoc·
2345 929 2567 973 sensu:
2617 909 2734 973 Est
2779 911 3037 994 quidem

656 1013 1088 1078 dissimulatio
1137 1013 1374 1090 durior,
1425 1014 1530 1078 sed
1580 1015 1925 1098 mitigatur
1970 1012 2185 1078 osculo
2234 1020 2298 1078 et
2346 1013 2574 1090 vultu,
2625 1021 2701 1078 ut
2746 1016 2904 1080 bene
2948 1019 3041 1079 in-

652 1120 930 1206 telligit,
980 1122 1092 1204 qui
1139 1125 1289 1184 cett.
2166 1118 2232 1184 8.
2287 1118 2383 1200 (4)
2430 1141 2481 1184 6.
2533 1141 2866 1204 perperam
2898 1120 2944 1201 ¹)

740 1225 907 1290 Ibid.
962 1224 1044 1289 18
1093 1222 1297 1290 Credo
1344 1229 1418 1289 ut
1461 1224 1536 1288 fit
1584 1226 1817 1288 misera
1861 1245 2010 1309 prae
2056 1244 2272 1288 amore
2312 1223 2586 1289 exclusti
2623 1225 2794 1289 hunc
2827 1225 2993 1289 foras

742 1331 904 1396 Don.
956 1329 1050 1411 (1)
1099 1328 1269 1396 Cum
1315 1329 1430 1394 illa
1480 1350 1515 1394 a
1562 1330 1956 1395 derivatione
1996 1349 2219 1394 causae
2258 1335 2835 1415 argumentaretur,
2874 1333 3041 1395 mire

653 1458 689 1501 a
735 1436 1133 1499 Parmenone
1180 1441 1468 1521 correpta
1517 1441 1648 1511 est,
1697 1433 2051 1499 verisimile
2098 1457 2226 1499 non
2276 1455 2448 1512 esse,
2503 1439 2609 1513 ut,
2658 1455 2849 1519 quem
2899 1437 3043 1519 quis

652 1546 862 1622 amat,
918 1540 1193 1605 eundem
1249 1542 1452 1624 possit
1510 1539 1845 1604 excludere
1874 1537 1944 1619 ²).
2061 1537 2287 1604 Differt
2338 1541 2415 1605 ab
2470 1539 2587 1604 hac
2644 1542 3041 1604 enarratione

652 1645 888 1722 altera,
952 1646 1158 1709 forma
1220 1647 1416 1709 etiam
1477 1637 1845 1729 inelegans,
1892 1647 1961 1708 in
2007 1643 2138 1725 (3):
2190 1647 2362 1724 παρὰ
2412 1645 2765 1723 προςὸοκίαν
2809 1643 3037 1709 intulit

648 1753 904 1814 intuens
963 1749 1246 1835 puellam
1302 1757 1367 1814 et
1413 1753 1472 1816 ei
1520 1750 1855 1814 ostendens
1901 1750 2283 1815 Phaedriam
2331 1750 2666 1830 („hunc''),
2713 1764 2789 1815 ut
2835 1756 3039 1815 osten-

655 1840 812 1932 dat,
845 1875 1039 1939 quam
1088 1855 1245 1919 falsa
1292 1861 1356 1919 et
1404 1857 1833 1940 repugnantia
1878 1854 2185 1939 loquatur
2229 1858 2553 1920 meretrix,
2650 1855 2788 1919 Hoc
2832 1857 3041 1940 igitur

653 1959 754 2023 IP
800 1962 867 2024 in
915 1960 1067 2024 edit.
1117 1959 1368 2024 Donato
1416 1963 1732 2044 opposuit.
2774 1959 2841 2024 8.
2890 1980 2943 2025 6.

745 2065 904 2130 Ibid.
956 2064 1043 2128 22
1070 2064 1167 2144 (1)
1215 2066 1447 2130 Astute
1495 2086 1719 2130 servus
1765 2067 2015 2149 reponit
2062 2064 2293 2130 Thaidi
2338 2069 2584 2142 vicem,
2625 2087 2773 2130 nam
2811 2065 2926 2129 illa
2963 2071 3039 2129 ut

655 2191 969 2256 magnum
1034 2169 1245 2235 voluit
1314 2173 1668 2255 exspectari
1728 2170 1897 2255 quod
1961 2171 2211 2235 dictura
2270 2177 2365 2236 est
2382 2193 2399 2248 ,·
2469 2174 2593 2236 1616
2661 2177 2737 2236 111
2803 2169 3037 2235 falsum

654 2279 1028 2341 contemnit.
1108 2322 1115 2329 -
2775 2276 2839 2342 S.
2888 2297 2941 2342 6.

745 2382 849 2446 816
889 2382 987 2446 IP
1027 2380 1344 2447 scholium
1383 2381 1619 2446 Donati
1656 2383 1897 2465 partim
1930 2384 2224 2467 corrigit,
2266 2384 2504 2466 partim
2530 2384 2841 2466 sequitur.
2911 2380 3038 2445 Hic

655 2492 829 2552 enim
870 2487 956 2552 23
984 2488 1112 2567 (l):
1163 2489 1333 2552 Mire
1369 2490 1577 2553 vicem
1617 2488 1932 2551 Parmeno
1970 2487 2281 2576 reddidit,
2322 2508 2471 2551 nam
2513 2494 2587 2550 ut
2626 2507 2884 2551 servum
2920 2486 3037 2549 dif-

655 2592 820 2657 ficile
860 2599 956 2657 661
995 2598 1200 2657 tacere
1241 2595 1614 2669 commissa,
1652 2593 1749 2655 ita
1788 2594 2192 2656 meretricem
2231 2612 2446 2656 rarum
2489 2597 2585 2656 est
2623 2611 2772 2656 vera
2810 2591 3035 2655 dicere.

727 2699 971 2762 Editor
1017 2717 1201 2781 saepe
1248 2695 1472 2760 infelix
1519 2703 1616 2762 est
1659 2700 1731 2760 in
1776 2697 2120 2761 verborum
2168 2718 2325 2774 11611,
2376 2717 2535 2780 quae
2575 2696 2830 2760 adhibet
2863 2698 3035 2762 iusto

654 2806 952 2890 graviora
1014 2809 1077 2866 et
1137 2822 1235 2865 res
1297 2804 1363 2865 in
1409 2803 1620 2865 maius
1666 2804 1991 2886 augentia.
2024 2801 2235 2866 Velut
2279 2803 2341 2866 h.
2370 2800 2415 2865 l.
2465 2823 2577 2866 nec
2624 2801 2817 2866 Thais
2866 2799 3036 2884 quod

656 2909 905 2972 dictura
967 2911 1064 2970 est
1117 2909 1472 2991 exspectari
1515 2906 1728 2971 voluit
1775 2914 1863 2971 ut
1911 2927 2331 2992 magnum,
2378 2929 2492 2972 nec
2538 2907 2851 2971 Parmeno
2893 2926 3034 2970 eam

655 3022 746 3078 ut
793 3011 1101 3077 fals-um
1146 3014 1635 3076 contemnit.

744 3119 776 3182 I
824 3117 888 3183 2.
915 3117 1001 3181 28
1051 3117 1268 3182 Samia
1314 3118 1483 3181 mihi
1528 3122 1734 3182 mater
1778 3118 1905 3181 fuit
1946 3165 1959 3181 .
1991 3165 2005 3182 .
2037 3165 2050 3180 .
2100 3117 2358 3182 Parm.
2422 3118 2645 3181 Potest
2684 3117 2880 3180 taceri
2918 3116 3037 3179 hoc

747 3224 908 3288 Don.
959 3221 1055 3303 (3)
1110 3228 1280 3308 ‚,pot.
1322 3228 1368 3287 t.
1394 3221 1505 3288 h.”
1544 3223 1610 3286 id
1652 3228 1751 3287 est
1789 3221 2143 3287 verisimile
2183 3228 2311 3301 est;
2352 3243 2467 3287 nec
2507 3222 2624 3286 hoc
2662 3221 2741 3284 ad
2777 3220 3037 3285 laudem

655 3329 905 3414 proficit
951 3328 1060 3393 sed
1107 3328 1184 3391 ad
1230 3326 1499 3393 dedecus
1545 3330 1920 3396 meretricis.
2014 3327 2155 3392 Hoc
2202 3327 2304 3391 IP
2350 3330 2419 3391 in
2465 3327 2559 3391 ed.
2602 3347 2717 3390 sua
2756 3328 2847 3390 sic
2886 3325 3041 3390 dila·

655 3437 856 3498 tavit:
923 3433 1019 3511 (2)
1075 3481 1135 3509 „.
1162 3440 1210 3497 t.
1235 3432 1344 3496 h.”
1403 3436 1810 3519 peregrinam
1866 3434 2037 3497 nasci
2080 3434 2483 3498 meretricem
2532 3438 2596 3496 et
2641 3431 2783 3495 ideo
2829 3434 3041 3515 potest

654 3541 872 3602 taceri.
2775 3535 2839 3600 8.
2889 3558 2941 3601 6.

745 3641 906 3705 Ibid.
966 3640 1052 3705 43
1077 3641 1172 3721 (2)
1239 3641 1518 3718 „Bonam
1567 3663 1997 3727 magnamque
2045 3647 2289 3727 partem
2341 3642 2419 3706 ad
2464 3639 2835 3706 te'attulit''
2882 3641 3038 3704 haec

600 3753 605 3758 “
657 3747 960 3810 111611111111·
1006 3746 1489 3820 ἰσοδυναμοῦντα
1542 3754 1660 3823 ,,111
1707 3748 1816 3810 abs
1862 3754 1925 3812 te
1973 3753 2185 3832 petere
2230 3752 2297 3811 et
2344 3746 2641 3832 poscere''
2693 3743 3038 3826 (Heaut.V

661 3851 720 3916 1.
751 3851 885 3932 53).
979 3851 1084 3917 Sic
1145 3851 1306 3917 Don.
1469 3851 1568 3916 IP
1630 3859 1817 3938 rogat
1880 3852 1977 3932 (3)
2039 3853 2136 3917 An
2198 3855 2415 3936 potius
2464 3850 2781 3928 „bonam”
2834 3852 3042 3935 specie

661 3957 1052 4043 „magnam”
1095 3955 1493 4042 quantitate?
1602 3957 1789 4022 Alius
1836 3957 2043 4022 denuo
2082 3959 2393 4041 magister
2428 3957 2497 4020 id
2535 3959 2624 4020 sic
2664 3955 3041 4020 affirmavit:

657 4063 752 4143 (4)
814 4063 998 4127 Ν11116
1060 4062 1396 4126 discretive
1459 4062 1705 4127 dictum
1771 4067 1899 4139 est,
1948 4084 2096 4127 nam
2145 4061 2301 4126 alias
2352 4061 2599 4138 „bona”
2645 4081 2760 4145 pro
2805 4079 3044 4144 magna

655 4170 1004 4252 accipimus
1049 4173 1116 4231 et
1161 4166 1387 4231 multa.
1931 4209 1945 4222 ,
2380 4165 2447 4230 8.
2498 4173 2847 4250 utrumque
2893 4186 2946 4229 6.

724 4347 779 4408 1)
824 4347 982 4394 Etiam
1017 4346 1164 4394 schol.
1203 4348 1263 4394 15
1284 4348 1356 4409 (2)
1391 4348 1439 4394 et
1471 4347 1540 4406 (3)
1577 4348 1719 4409 atque
1758 4347 1848 4393 111
1871 4345 1957 4407 (2),
1994 4347 2189 4397 eandem
2224 4362 2326 4396 rem
2359 4347 2613 4396 tractantia
2644 4346 2764 4395 falso
2798 4345 3044 4395 damnavit

655 4424 922 4473 Sabbadini.

724 4507 778 4570 2)
817 4509 884 4555 De
917 4507 1006 4556 hoo
1039 4508 1218 4556 scholio
1260 4508 1436 4556 Donati
1470 4507 1711 4557 rhetorico
1746 4508 1853 4556 vide
1894 4507 2075 4556 Mnem.
2110 4509 2320 4558 XXXIII
2355 4525 2404 4574 p.
2441 4510 2561 4566 145.
