3392 5384
681 421 814 492 254
1722 437 2013 491 rmus.

677 627 804 676 non
842 608 1070 674 habuit
1110 607 1575 686 Reitzenstein,
1620 645 1706 656 -
1746 627 1897 673 nam
1938 607 2160 693 fugere
2201 627 2351 672 eum
2392 629 2516 672 non
2560 610 2803 694 potuit,
2842 647 2928 657 —
2972 609 3069 674 dei

674 736 904 782 nomen
943 718 1007 781 in
1051 713 1280 780 Lexioo
1322 714 1712 801 Segueriano
1747 720 1843 779 est
1882 717 1951 778 ‘H
1978 715 2057 779 λΙ
2076 738 2176 791 ου,
2219 719 2437 800 aperto
2462 717 2653 794 vitio,
2681 736 2824 780 nam
2853 718 3070 802 agitur

677 823 809 898 περὶ
877 827 990 886 τῶν
1053 823 1284 898 άγυιῶν
1349 825 1414 886 et
1479 843 1707 888 verum
1759 821 2017 906 praebet
2062 820 2559 905 Harpocration.
2605 820 2785 900 Quod
2834 824 3067 886 vitium

675 931 948 994 correxit
988 927 1147 993 olim
1189 927 1387 994 Cobet
1411 927 1556 993 Var.
1600 925 1809 992 Leet.⁸
1836 927 2029 1012 praef.
2059 949 2121 1012 p.
2150 945 2284 1004 ΧΠ,
2319 926 2517 992 simul
2539 927 2820 993 indicato
2842 927 3061 993 eodem

677 1055 889 1100 errore
922 1034 1157 1100 Aneod.
1193 1034 1396 1100 Bekk.
1437 1033 1588 1112 344,
1620 1033 1705 1098 10
1746 1036 2115 1099 commisso:
2151 1032 2439 1106 άδιούνιος
2468 1036 2779 1098 -immo
2813 1034 3073 1100 άΡιού-

692 1144 899 1214 νιος]
929 1140 974 1222 ¹)
1015 1178 1100 1191 —
1142 1146 1398 1220 τοιῦρος·
1450 1141 1476 1205 ὃ
1521 1141 1693 1219 iimo
1720 1164 1749 1212 ς
1794 1142 1908 1207 ὑπὸ
1951 1147 2068 1204 τῶν
2111 1145 2350 1219 Κρητῶν
2390 1138 2581 1211 οὕτως
2616 1141 2918 1220 λέγεται,
2962 1141 3073 1206 ubi

669 1249 831 1312 item
894 1247 990 1327 id,
1060 1247 1224 1333 quod
1293 1249 1659 1313 coniectura
1706 1245 1862 1312 olim
1911 1254 2240 1312 assecutus
2287 1253 2382 1312 est
2429 1246 2890 1325 Ruhnkenius,
2941 1248 3067 1312 iam

671 1355 934 1440 praebet
980 1356 1204 1420 Photii
1249 1354 1529 1420 lexicon:
1577 1355 1604 1420 ὃ
1652 1355 2089 1419 Ἀπόλλων.
2138 1353 2431 1418 Tertium
2482 1353 2770 1418 eiusdem
2819 1355 3071 1439 generis

672 1461 964 1547 sphalma
1025 1461 1265 1526 ibidem
1329 1464 1607 1527 correxit
1655 1457 1887 1526 Cobet:
1939 1460 2175 1525 Aneod.
2227 1460 2429 1525 Bekk.
2482 1459 2633 1537 443,
2664 1459 2745 1524 31
2802 1467 2961 1539 τρεῖς
3010 1460 3071 1524 δὲ

672 1566 838 1642 θεοὺς
887 1567 1132 1644 ὤμνυον,
1186 1568 1345 1646 Διόι,
1400 1568 1798 1650 Δήμητρά[ν]
1849 1565 1952 1630 καὶ
2002 1564 2305 1643 Ἥλιον,
2354 1565 2401 1631 l.
2454 1565 2958 1631 Ἀπόλλωνά.

766 1785 872 1868 33,
900 1786 986 1852 22
1024 1813 1104 1838 =
1143 1787 1376 1853 Aneod.
1420 1787 1622 1853 Bekk.
1671 1787 1825 1868 342,
1855 1787 1917 1854 8.
1961 1761 2465 1868 -,Ἀδράστειά
2501 1788 2796 1853 Nemesis
2834 1809 3066 1853 nomen

673 1914 710 1959 a
767 1893 1093 1961 nonnullis
1152 1895 1558 1978 repetebatur
1604 1896 1730 1960 άπὸ
1783 1894 2125 1972 ’Λδράστου
2174 1901 2277 1961 τοῦ
2329 1899 2716 1959 παλαιοῦ.
2752 1892 3068 1980 ‚Legatur

673 2006 778 2066 τοῦ
826 2011 883 2066 Τ
904 2029 944 2066 οι
966 2017 1004 2065 λ
1025 2025 1067 2064 ά
1085 2025 1111 2066 ο
1133 2006 1165 2066 ὕ
1213 2023 1364 2067 eum
1408 2001 1698 2068 Dobraeo
1747 2002 1833 2083 (N
1836 2004 2032 2084 aber).

765 2205 873 2287 35,
901 2206 941 2270 4
987 2237 1066 2262 =
1113 2206 1350 2271 Anecd.
1394 2205 1596 2273 Bekk.
1643 2205 1795 2285 346,
1828 2206 1887 2273 1.
1932 2245 2015 2255 -
2060 2207 2427 2279 Ἀδώνιος
2470 2206 2853 2287 Φερεκράτης
2897 2203 3066 2271 εἶπεν

673 2315 810 2380 άντὶ
861 2319 967 2378 τοῦ
1015 2313 1350 2386 Ἀδώνιδος.
1402 2315 1574 2391 λέγει
1625 2314 1690 2378 δὲ
1740 2316 1843 2380 καὶ
1893 2316 2003 2387 τὴν
2056 2314 2405 2386 αἰτιατικὴν
2457 2315 2557 2378 τὸν
2605 2314 2997 2379 Ἀδώνιον.

763 2419 1077 2506 Corrupta
1134 2421 1291 2486 haec
1352 2441 1521 2500 esse,
1585 2424 1810 2506 utpote
1874 2421 1997 2485 sibi
2056 2422 2449 2506 pugnantia,
2512 2419 2782 2507 legenda
2842 2424 3065 2484 autem

664 2521 1004 2599 ’Λδὼνος
1067 2533 1132 2591 et
1188 2525 1535 2604 Ἄδωνις,
1601 2528 1823 2592 docuit
1888 2525 2088 2594 Cobet
2138 2525 2281 2592 Var.
2349 2526 2525 2592 Leot.
2592 2549 2650 2613 p.
2722 2525 2852 2591 182
2921 2525 3064 2592 coll.

668 2633 988 2720 Hesyeh.:
1031 2633 1316 2699 ’Ἄδων
1367 2633 1468 2698 τὸν
1510 2634 1789 2699 Ἄδωνιν.
1842 2630 1964 2699 Cui
2002 2637 2367 2719 praeiverat
2406 2633 2705 2699 Meineke
2744 2632 2848 2698 Fr.
2872 2624 3060 2699 Com.

666 2739 729 2804 ΙΙ
771 2738 902 2804 694
935 2738 1182 2804 ’‘ABwvoe
1225 2739 1620 2819 coniciendO,
1659 2743 2030 2827 genitivum
2069 2747 2283 2806 tamen
2326 2762 2451 2804 non
2497 2745 2786 2827 tangens.
2834 2739 3062 2804 Fidem

669 2850 887 2911 autem
932 2846 1035 2911 his
1078 2849 1318 2911 criticis
1364 2868 1570 2932 neque
1617 2847 1943 2913 Kookium
1989 2848 2290 2913 habuisse
2339 2847 2443 2927 (ad
2493 2846 2741 2914 Cratini
2779 2847 2856 2911 fr.
2904 2843 3063 2927 376)
3174 2879 3178 2884 ·

669 2973 873 3038 neque
915 2989 998 3000 —-
1039 2954 1166 3018 nisi
1212 2975 1362 3018 eum
1400 2953 1646 3040 fugerit
1683 2958 1989 3020 correctio
2033 2992 2113 3004 —
2159 2954 2755 3033 Reitzensteinium,
2795 2974 3065 3040 magno·

668 3078 816 3143 pere
866 3080 1083 3124 miror.

761 3248 1010 3316 Ultima
1047 3251 1244 3315 huius
1281 3248 1532 3337 glossae
1573 3251 1799 3316 verba:
1842 3251 2018 3314 άλλά
2060 3250 2161 3313 καὶ
2206 3249 2657 3330 Ἀριστοφάνης
2700 3250 2803 3314 καὶ
2854 3246 3060 3330 ἕτεροι.

669 3356 921 3436 λέγουσι
971 3356 1032 3422 δὲ
1084 3357 1189 3423 καὶ
1229 3355 1489 3421 ’Ἄδωνιν
1537 3357 1724 3422 αὐτὸν
1771 3357 2075 3427 πολλάκις
2127 3355 2337 3422 deleta
2383 3356 2699 3441 particula
2747 3355 2811 3422 δέ
2856 3359 2947 3421 sio
2993 3359 3060 3420 in

665 3485 872 3530 unum
918 3463 1245 3550 iungenda
1291 3485 1426 3529 esse
1475 3465 1797 3548 suspicor:
1848 3463 2022 3527 άλλά
2072 3463 2174 3525 καὶ
2228 3463 2683 3542 Ἀριστοφάνης
2723 3463 2827 3527 καὶ
2870 3461 3057 3539 ἕτεροι

667 3572 918 3648 λέγουσι
961 3572 1064 3636 καὶ
1098 3570 1358 3634 ’Λδωνιν
1400 3570 1586 3634 αὐτὸν
1627 3568 1955 3640 πολλάκις.
2002 3568 2365 3634 Delendum
2404 3571 2614 3656 igitur
2649 3590 2786 3635 esse
2819 3569 3059 3635 Aristo·

663 3678 894 3763 phanis
955 3677 1395 3762 fragmentum
1447 3673 1612 3742 737:
1680 3676 1977 3754 Ἀδώνιον,
2029 3675 2287 3760 perinde
2335 3682 2526 3760 atque
2575 3695 2843 3760 sequens
2890 3677 3058 3761 frag-

666 3789 996 3848 mentum:
1071 3783 1555 3865 ά[ε]ἰ’”τοιν·.τὸν
1618 3784 1873 3862 ἑταῖρον,
1938 3783 2394 3860 Ἀριστοφάνης
2466 3782 2525 3846 δὲ
2597 3783 2698 3846 τὸν
2770 3782 3054 3861 ἐρώμενον

666 3889 927 3970 (Anecd.
991 3889 1196 3954 Bekk.
1248 3888 1400 3967 348,
1429 3889 1518 3970 2),
1579 3891 1647 3955 in
1696 3909 1823 3974 quo
1872 3911 2039 3955 nuno
2085 3888 2255 3976 apud
2303 3889 2618 3954 Photium
2665 3911 2780 3974 pro
2829 3890 3055 3954 Aristo-

661 3995 887 4078 phani-s·
947 3998 1206 4062 nomine
1266 3996 1513 4082 legitur
1573 3997 1996 4073 Aristarchus,
2061 4016 2210 4081 pag.
2277 3992 2385 4072 37,
2418 3992 2476 4060 7.
2557 3995 3052 4081 Aristophanem

663 4099 880 4167 autem
897 4102 1344 4183 qrammaticum
1373 4105 1598 4188 utique
1623 4122 1760 4168 esse
1784 4101 2296 4187 intellegendum
2325 4100 2483 4167 olim
2507 4099 2726 4167 docuit
2748 4102 2959 4167 Naber
2977 4102 3050 4182 ²),

733 4334 788 4397 1)
823 4332 948 4382 Nam
982 4329 1310 4394 άριοῦνιος
1347 4331 1465 4395 quin
1501 4331 1656 4380 altera
1688 4331 1752 4381 sit
1786 4329 1989 4396 epitheti
2020 4330 2142 4396 epici
2175 4327 2482 4392 ἐριούνιος
2509 4331 2665 4396 forma
2695 4331 2855 4381 nullus
2872 4329 3047 4380 dubito.

665 4415 859 4466 Mehler
894 4417 1128 4464 Mnemon.
1167 4414 1298 4464 1855
1334 4429 1382 4478 p.
1418 4415 1485 4463 49
1523 4407 1741 4463 tentabat
1776 4410 2021 4470 Ἀδώνιος.

729 4499 785 4562 2)
820 4495 980 4546 Naber
1014 4497 1156 4547 Phot.
1194 4512 1242 4561 p.
1279 4497 1403 4546 138:
1443 4496 1574 4546 »noli
1604 4496 1876 4561 intelligere
1907 4496 2278 4561 Aristophanem
2308 4499 2497 4563 poetam
2525 4497 2607 4545 sed
2636 4492 3048 4561 grammaticum.”

659 4579 785 4630 Item
822 4595 945 4628 nune
980 4579 1327 4628 Reitzenstein:
1371 4579 1485 4628 ‚An
1522 4579 1582 4628 fr.
1620 4577 1718 4630 738
1753 4577 1819 4628 ist
1851 4593 1907 4627 zu
1945 4577 2236 4629 streichen”.
