3392 5384
1455 397 1707 446 numus.
2639 381 2770 447 343

381 564 562 630 affert
593 563 659 646 ¹).
724 563 850 632 Eos
896 569 1112 628 tamen
1159 563 1442 629 diversos
1489 583 1659 641 esse,
1710 565 1765 626 si
1813 562 2108 648 paullum
2156 565 2536 644 attenderis,
2587 564 2771 632 facile

376 677 675 757 apparet,
725 693 876 736 nam
921 674 988 734 in
1035 673 1115 735 iis
1154 677 1305 736 sunt
1345 670 1678 753 impunitae
1719 676 1785 735 et
1821 671 2138 753 impunita,
2181 671 2419 754 impune
2453 693 2604 738 vero
2646 693 2771 738 nou

373 780 559 844 inest.
629 777 854 863 Neque
917 799 1104 855 ver0,
1167 781 1423 843 etiamsi
1489 775 1737 843 similes
1802 784 2040 856 essent,
2107 779 2279 863 quod
2342 779 2419 844 de
2471 777 2771 846 Cicerone

372 886 739 971 probarent,
779 885 845 949 id
888 887 1086 950 etiam
1128 885 1470 969 probarent
1511 884 1587 950 de
1626 884 1857 950 Ennio.
1908 884 2078 951 Nam
2118 884 2346 971 lingua
2386 907 2534 951 suos
2576 887 2771 952 habet

374 1012 745 1078 progressus
807 996 871 1056 et·
932 994 986 1056 si
1050 990 1439 1056 vocabulum
1503 989 2043 1077 significationem
2105 992 2383 1076 quodam
2440 993 2628 1059 modo
2676 997 2771 1059 in-

373 1098 605 1163 flexam
674 1097 949 1163 ostendit
1021 1100 1423 1182 temporibus
1494 1096 1855 1177 CiceroniS,
1925 1099 2073 1163 inde
2140 1121 2268 1164 non
2337 1103 2630 1186 sequitur
2696 1107 2771 1166 ut

373 1205 597 1271 eodem
643 1205 836 1270 modo
883 1205 1076 1269 Ennii
1121 1207 1254 1270 iam
1301 1205 1699 1290 temporibus
1748 1226 1823 1270 ea
1868 1205 2100 1270 inflexa
2147 1206 2363 1272 fuerit.

464 1310 633 1375 Tum
696 1313 859 1375 ratio
921 1312 1349 1398 grammatica
1409 1311 1659 1376 obstare
1724 1309 1999 1390 videtur,
2065 1333 2191 1398 quo
2256 1315 2471 1378 minus
2532 1313 2773 1395 impune

373 1439 522 1482 cum
589 1416 888 1481 animatus
948 1420 1432 1503 coniungamus.
1512 1416 1680 1482 Nam
1746 1439 2077 1503 nunquam
2144 1419 2407 1502 impunis
2470 1420 2771 1485 adiectivi

361 1511 512 1588 loco
559 1525 847 1608 ponitur;
892 1522 1221 1589 vocabulis
1269 1544 1451 1601 vero,
1503 1522 1689 1608 quale
1739 1529 1836 1588 est
1881 1525 2202 1603 animatus,
2254 1525 2633 1591 adverbium
2678 1528 2772 1592 ita

371 1629 639 1715 adiungi
702 1628 901 1708 solet,
967 1637 1041 1695 ut
1103 1630 1496 1696 adiectivum
1559 1652 1811 1716 quoque
1876 1635 2017 1697 eius
2079 1632 2364 1698 adverbii
2428 1655 2577 1698 cum
2628 1635 2773 1699 sub-

370 1737 685 1814 stantiv0,
756 1757 792 1802 a
864 1757 990 1822 quo
1058 1737 1264 1802 forma
1328 1736 1621 1803 desinens
1683 1741 1751 1802 in
1814 1727 2007 1802 -atus'
2045 1739 2394 1817 derivatur,
2462 1742 2770 1828 coniungi

369 1845 603 1928 possit,
667 1841 850 1908 velut
910 1844 1102 1925 probe
1175 1843 1514 1909 animatus:
1574 1845 1803 1926 probus
1865 1844 2136 1923 animae,
2206 1852 2410 1910 sancte
2472 1853 2769 1911 moratus.-

371 1957 616 2014 8anctue
659 1972 798 2014 moe.

461 2056 660 2122 Porro
720 2058 914 2122 nimis
967 2058 1238 2122 obscure
1301 2057 1548 2122 dictum
1609 2059 1876 2124 fortasse
1938 2059 2165 2136 fuerit,
2230 2060 2284 2125 si
2346 2061 2765 2126 sententiam:

374 2185 577 2241 „nemo
643 2165 924 2246 superbia
983 2165 1268 2228 inductus
1324 2165 1532 2248 faciet
1593 2166 1741 2228 ἦσθ’
1809 2163 2229 2231 occultaveris
2288 2166 2460 2232 hisce
2517 2167 2765 2233 verbis:

374 2292 576 2348 „nemo
609 2271 820 2356 faciet
863 2272 1102 2354 impune
1142 2271 1446 2335 animatus
1489 2271 1658 2336 hoc'’.
2536 2285 2541 2290 '

461 2377 694 2442 Versus
733 2379 941 2464 igitur
977 2379 1265 2463 corrupti
1305 2377 1627 2456 videntur,
1672 2376 1785 2443 sed
1816 2397 1971 2462 quas
1995 2377 2429 2442 adhibuerunt
2453 2376 2762 2458 medelas,

373 2505 482 2550 eae
529 2485 693 2549 mihi
739 2507 866 2550 non
915 2490 1066 2549 sunt
1114 2486 1434 2570 probat-ae.

463 2589 718 2657 Merula
762 2592 828 2655 in
877 2593 1229 2677 posteriore
1275 2611 1468 2658 versu
1511 2591 1636 2655 nisi
1684 2611 1836 2655 cum
1882 2613 2071 2677 neque
2117 2593 2565 2659 commutavit.
2629 2592 2762 2671 En,

369 2699 667 2765 videmur
730 2720 808 2764 ex
869 2701 1185 2785 angustiis
1246 2700 1553 2764 evasisse:
1621 2719 1844 2764 sensus
1906 2696 2227 2784 liquidus,
2291 2701 2569 2765 mutatio
2632 2720 2765 2765 non

368 2808 564 2871 nimis
613 2826 867 2892 magna.
914 2805 1137 2891 Itaque
1181 2805 1557 2892 adstipulati
1604 2811 1757 2870 sunt
1805 2807 1865 2870 ei
1903 2804 1976 2871 L.
2016 2804 2261 2872 Miiller
2299 2811 2365 2871 et
2392 2804 2761 2894 Valmaggi.

370 2912 770 2979 Molestusne
840 2914 1047 2998 igitur
1107 2934 1286 2991 sum,
1351 2914 1408 2977 si
1467 2915 1535 2977 in
1597 2933 1726 2977 una
1786 2933 1855 2977 re
1917 2909 2189 2979 haereo?
2252 2911 2411 2978 Tam
2471 2918 2763 2979 accurate

371 3022 580 3098 enim,
643 3027 777 3085 tam
841 3019 1130 3085 absolute
1190 3022 1375 3099 irati,
1441 3022 1568 3084 nisi
1631 3018 1839 3099 fallor,
1888 3041 2013 3086 non
2060 3020 2447 3106 loquuntur3
2499 3041 2623 3086 non
2672 3022 2762 3086 sic

369 3125 609 3192 solent:
656 3149 839 3212 neque
882 3127 1194 3212 quisquam
1227 3126 1433 3212 faciet
1478 3148 1664 3211 neque
1711 3133 1797 3204 tu,
1849 3126 1957 3191 sed
1995 3149 2183 3212 neque
2221 3127 2531 3213 quiequam
2558 3127 2764 3212 faciet

367 3235 525 3299 satis
585 3235 666 3298 iis
728 3240 859 3313 est,
923 3239 1131 3298 cetera
1192 3233 1438 3319 agendo
1499 3230 2000 3297 absolventibus.
2063 3231 2358 3298 Forsitan
2413 3232 2762 3298 Reichardt

366 3341 540 3406 idem
603 3342 904 3419 senserit,
969 3361 1119 3405 nam
1183 3339 1544 3424 improbata
1605 3336 1900 3403 Merulae
1948 3340 2312 3404 coniectura
2359 3338 2571 3404 dedit:
2631 3340 2765 3404 Hoc

354 3450 546 3533 fastu
607 3469 744 3511 nam
803 3447 888 3510 mi
947 3467 1080 3533 sqq.
1147 3445 1251 3511 Sic
1313 3466 1464 3511 vero
1527 3443 1827 3508 animatus
1884 3441 2211 3510 molestias
2260 3444 2539 3529 praebet.
2611 3443 2761 3510 Sive

369 3557 543 3620 enim
614 3552 1036 3639 explicaveris
1103 3552 1212 3616 hoc
1260 3553 1456 3637 fastu
1530 3550 1833 3614 animatus
1890 3548 2107 3618 valere
2167 3550 2342 3616 idem
2408 3549 2577 3636 quod
2641 3558 2762 3614 tam

355 3659 698 3747 fastidioso
737 3658 934 3722 animo
961 3658 1305 3741 praeditus,
1347 3659 1484 3723 sive
1523 3656 1822 3720 animatus
1860 3657 2021 3722 hanc
2054 3658 2192 3722 vim
2232 3657 2466 3722 habere
2492 3657 2761 3736 dixeriS,

369 3773 446 3832 ut
493 3768 577 3829 sit
620 3787 788 3828 suam
832 3765 1091 3828 animam
1136 3785 1413 3839 servans,
1460 3761 1804 3827 difficultas
1853 3783 2053 3848 aeque
2098 3764 2319 3848 gravis
2370 3768 2485 3828 est.
2537 3763 2763 3848 Neque

279 3866 286 3873 ’
367 3875 438 3938 in
476 3869 770 3935 Merulae
810 3891 1015 3955 neque
1054 3872 1121 3933 in
1161 3867 1554 3934 Reichardtii
1579 3869 2022 3934 emendatione
2045 3871 2197 3935 vitii
2222 3872 2403 3956 origo
2427 3872 2763 3955 perspicua

370 3977 473 4054 fit,
516 3975 683 4060 quod
725 3997 873 4041 cum
913 3979 981 4040 in
1014 3977 1312 4041 omnibus
1345 3977 1726 4041 coniecturis
1756 3975 2039 4061 flagitari
2069 3977 2325 4062 nequit,
2363 3982 2504 4040 tum
2529 3997 2766 4063 magna

371 4082 839 4148 commendatio
887 4089 1003 4148 est.

439 4284 494 4348 1)
543 4285 680 4333 Brut.
717 4283 845 4344 XCI,
883 4284 979 4332 316
1016 4286 1071 4333 Is
1103 4283 1236 4332 dedit
1269 4299 1454 4348 operam
1496 4320 1506 4332 .
1529 4319 1540 4332 .
1562 4319 1573 4330 .
1607 4286 1660 4332 ut
1696 4281 1841 4332 nimis
1876 4282 2200 4331 redundantes
2231 4297 2315 4330 nos
2350 4285 2397 4331 et
2430 4284 2770 4347 superfluentes

366 4366 561 4416 iuvenili
607 4368 814 4431 quadam
863 4367 1051 4416 dicendi
1101 4366 1393 4429 impunitate
1437 4370 1487 4415 et
1534 4365 1733 4414 licentia
1776 4365 2070 4428 reprimeret.
2131 4365 2227 4412 Pro
2266 4363 2453 4413 Milone
2488 4364 2665 4422 XXXI,
2699 4367 2767 4414 84

365 4465 499 4514 quem
542 4450 587 4499 si
631 4449 836 4509 vicisset,
889 4449 1142 4498 habitum
1174 4452 1294 4498 esset
1328 4449 1660 4512 impunitatem
1696 4454 1749 4497 et
1785 4447 2023 4497 licentiam
2056 4446 2406 4512 sempiternam.
2456 4447 2553 4496 Pro
2587 4448 2767 4497 Scauro

367 4533 508 4595 VIII,
547 4535 606 4584 15
643 4533 860 4584 dominus
894 4536 963 4584 eat
998 4532 1098 4598 ipse
1130 4532 1394 4583 voluntatis
1429 4547 1560 4592 suae,
1593 4532 1643 4580 ira
1677 4547 1769 4596 quo
1802 4536 1875 4582 est
1910 4530 2148 4596 impunita
2179 4528 2439 4580 mentiendi
2475 4529 2685 4581 lieentia.
