3392 5384
705 406 793 474 73
1559 427 1818 475 uncus
1865 427 2243 476 imommrs.

715 594 1046 675 tamquam
1106 589 1265 655 falsa
1324 594 1713 675 arguuntur,
1765 590 2052 655 eiusdem
2098 597 2314 655 tamen
2361 597 2511 656 sunt
2557 594 2797 660 farinae
2830 595 2898 675 ¹),
2946 604 3098 661 sunt

710 702 932 761 autem
998 694 1126 760 loci
1186 696 1315 761 fere
1376 696 1839 781 quadraginta:
1889 696 1995 760 IV.
2053 696 2157 761 16.
2208 696 2315 763 21.
2369 697 2454 762 32
2479 700 2577 764 bis
2624 701 2763 777 (ubi
2810 700 3097 767 tollenda

704 822 828 866 vox
900 801 1374 879 παιδιοτροφεῒν,
1447 821 1607 886 quae
1677 808 2011 886 tamquam
2084 799 2267 877 ἅπαξ
2338 805 2674 881 λεγόμενον
2745 808 2813 870 in
2873 806 3098 872 lexicis

703 912 1124 985 memoratur)
1174 905 1279 971 33.
1311 904 1394 971 39
1443 907 1581 987 (ubi
1627 909 1874 972 iterum
1917 907 1979 972 αἱ.
2022 923 2083 972 λ.
2120 906 2286 972 illud
2327 908 2596 988 ἓτέρωσις
2638 912 3099 992 amovendum)

713 1010 821 1077 49.
885 1011 958 1077 v,
1013 1014 1044 1076 1
1077 1018 1354 1098 (quater)
1401 1013 1463 1077 4.
1521 1013 1624 1077 14.
1674 1012 1783 1078 20.
1847 1013 1953 1077 VI.
2007 1014 2109 1077 14.
2165 1012 2444 1096 3o(t01·).
2508 1016 2644 1082 vn.
2698 1016 2759 1081 4.
2812 1017 2873 1083 9.
2922 1018 3094 1084 vm.

707 1116 766 1183 7.
819 1117 903 1181 25
930 1118 1081 1199 (bis)
1129 1118 1235 1183 45.
1290 1116 1394 1183 50.
1449 1116 1556 1183 58.
1628 1118 1743 1185 IX.
1796 1118 1858 1184 9.
1915 1117 2017 1185 1¹7.
2068 1119 2177 1208 32.
2241 1120 2322 1185 X.
2378 1122 2435 1186 1.
2488 1120 2548 1187 3.
2601 1122 2662 1187 9.
2712 1123 2825 1189 xl.
2877 1123 3096 1206 6<bis>

708 1221 815 1287 33.
867 1223 973 1288 34.
1022 1223 1168 1288 ΧΠ.
1222 1223 1284 1288 3.
1337 1223 1397 1289 5.
1450 1224 1555 1289 14.
1606 1224 1714 1290 35.
1765 1223 1875 1289 36.

1687 1472 2078 1483 -—-——

1840 1648 1953 1714 111.

791 1850 980 1917 Ratio
1038 1854 1182 1937 ipsa
1243 1850 1866 1917 Commentariorum
1886 1900 1902 1929 ‚
1963 1854 2073 1936 qui
2119 1853 2377 1929 breves,
2448 1872 2633 1937 saepe
2678 1853 3091 1917 brevissimas

703 1958 1183 2035 meditationes,
1227 1958 1736 2035 exhortationes,
1779 1956 2271 2023 declamationes
2308 1960 2662 2035 continent,
2699 1963 3090 2043 quantopere

701 2063 1057 2127 confusioni
1103 2064 1317 2127 faveat
1363 2073 1428 2127 et
1470 2062 1765 2127 librarios
1814 2064 1996 2148 quasi
2033 2066 2269 2128 invitet
2304 2063 2381 2128 ad
2421 2063 2706 2128 ordinem
2746 2069 2810 2128 et
2847 2083 3088 2128 nexum

699 2168 1151 2233 invertendum
1198 2167 1303 2233 vel
1348 2168 1857 2233 conturbandum
1879 2215 1895 2244 ‚
1943 2190 2059 2253 per
2095 2190 2161 2233 se
2199 2171 2611 2254 perspicuum
2650 2174 2765 2233 est.
2814 2168 2901 2233 Et
2922 2189 3090 2259 ,sane

701 2272 976 2357 singulis
1038 2274 1168 2338 fere
1229 2276 1482 2360 paginis
1541 2273 1787 2338 codices
1833 2276 2080 2338 variare
2129 2278 2426 2358 apparet,
2476 2274 2664 2339 modo
2710 2296 2788 2339 ex
2835 2274 3085 2338 duobus

701 2378 808 2444 vel
852 2377 1176 2463 pluribus,
1225 2381 1563 2464 praecipue
1611 2379 2045 2455 brevioribus,
2096 2380 2411 2464 capitibus
2456 2401 2662 2444 unum
2706 2378 3047 2444 conflantes
3067 2427 3083 2456 ‚

698 2484 888 2549 modo
938 2484 1195 2571 singula
1240 2486 1450 2569 capita
1491 2488 1560 2549 in
1605 2484 1793 2569 plura
1838 2484 2235 2550 divellentes.
2281 2485 2507 2570 Itaque
2554 2492 2619 2549 et
2663 2487 2904 2569 priores
2958 2485 3091 2549 edi-

697 2597 867 2657 tores
915 2590 1202 2657 ordinem
1246 2597 1309 2655 et
1357 2591 1705 2655 divisiones
1751 2596 1953 2655 rectas
1996 2594 2333 2656 restituere
2378 2593 2634 2676 saepius
2680 2592 2891 2655 conati
2930 2596 3087 2654 sunt

698 2703 762 2762 et
825 2696 1108 2762 Stichius
1170 2697 1342 2762 haud
1403 2716 1544 2761 raro
1602 2699 1739 2761 sive
1784 2698 2037 2780 proprio
2084 2696 2294 2761 Marte
2342 2698 2479 2761 sive
2525 2697 2693 2761 hunc
2739 2693 2845 2761 vel
2887 2694 3086 2759 illum

698 2803 980 2868 codicem
1045 2808 1234 2886 atque
1290 2802 1615 2886 imprimis
1663 2801 1799 2865 cod.
1846 2803 1905 2866 A
1952 2808 2241 2879 secutus,
2292 2803 2403 2885 qui
2446 2804 2514 2865 in
2560 2802 2679 2866 hac
2719 2822 2973 2886 quoque
3015 2820 3085 2865 re

697 2908 1094 2993 singularem
1156 2908 1399 2972 obtinet
1457 2908 1672 2971 locum
1692 2953 1709 2983 ,
1772 2905 1897 2971 alia
1964 2908 2171 2991 capita
2232 2909 2599 2984 coniunxit,
2649 2905 2773 2971 alia
2820 2905 3085 2984 divisit,

698 3013 900 3079 semel
945 3014 1124 3079 bisve
1171 3012 1368 3077 verba
1413 3012 1753 3077 manifesto
1798 3012 2082 3076 ordinem
2125 3012 2584 3077 sermocinandi
2620 3015 3092 3096 interrumpen-

696 3122 789 3184 tia
833 3125 1170 3203 tamquam
1211 3116 1469 3183 aliunde
1514 3120 1768 3183 invecta
1813 3120 2063 3183 notavit
2087 3118 2159 3198 ²).
2208 3119 2421 3183 Pauca
2466 3118 2692 3184 eodem
2733 3120 3087 3203 spectantia

697 3225 1040 3312 subiungo.

766 3469 820 3532 1)
856 3468 915 3516 In
949 3470 1085 3516 tanta
1117 3466 1252 3531 copia
1286 3465 1392 3515 fleri
1423 3466 1524 3514 fere
1557 3481 1652 3514 non
1687 3464 1864 3530 potnit,
1890 3465 2007 3529 quin
2034 3464 2179 3514 semel
2209 3467 2352 3528 atque
2379 3464 2555 3514 iterum
2584 3462 2766 3527 aliquid
2796 3463 2917 3512 utile
2933 3463 3011 3512 vel
3029 3463 3083 3513 in

695 3549 812 3614 ipsis
838 3548 1080 3598 erroribus
1103 3548 1427 3606 inveniretur;
1459 3548 1517 3595 cf.
1537 3546 1606 3595 VI
1641 3548 1722 3607 30,
1752 3546 1834 3596 ubi
1862 3548 1913 3596 in
1944 3548 2141 3597 molesta
2166 3547 2380 3596 codicum
2411 3546 2735 3611 dittographia
2763 3546 2885 3601 τοὺς
2900 3542 3084 3603 ἀδίκως

696 3628 849 3679 αὐτὸν
895 3628 1242 3691 μεμφομένους
1276 3629 1345 3689 μῆ
1381 3628 1816 3691 ἀντιμεμφόμενος
1854 3645 1995 3679 senex
2028 3645 2114 3695 per
2146 3628 2556 3695 haplegrapffiam,
2592 3632 2647 3676 ut
2681 3627 2751 3675 ita
2786 3627 2955 3685 dicam,
2988 3623 3083 3674 αὗ-

697 3713 783 3759 τόν
827 3712 988 3760 omisit
1030 3716 1078 3759 et
1123 3711 1281 3760 locum
1323 3711 1373 3759 in
1417 3711 1658 3775 integrum
1693 3710 1932 3769 restituit;
1976 3725 2118 3776 porro
2155 3709 2267 3758 XII.
2304 3712 2383 3769 35,
2420 3709 2499 3758 ubi
2534 3725 2622 3774 pro
2657 3709 2827 3758 vitiosa
2864 3708 3081 3758 codicum

696 3793 897 3841 lectione
930 3790 1101 3841 πλέονι
1134 3795 1301 3857 sponte
1334 3791 1521 3839 πλείονι
1558 3792 1856 3841 substituisse
1892 3792 2095 3840 videtur.

765 3877 817 3936 2)
866 3873 936 3923 11.
974 3875 1005 3923 2
1051 3872 1081 3921 ὅ
1123 3873 1185 3920 τί
1222 3890 1349 3922 ποτε
1382 3875 1540 3921 τοῦτό
1573 3871 1692 3933 εἰμι,
1732 3872 1912 3934 σαρκία
1947 3870 2063 3920 ἐστὶ
2098 3870 2183 3921 καὶ
2218 3870 2523 3932 πνευμάτων
2558 3870 2642 3920 καὶ
2675 3872 2736 3920 τὸ
2776 3869 3082 3932 ἧγεμονικόν.

700 3954 863 4017 ’Ἀφες
915 3956 985 4003 τὰ
1035 3955 1241 4016 βιβλία·
1294 3953 1474 4015 μηκέτι
1520 3958 1650 4004 σοί-ὥ.
1696 3952 1769 4001 Οὐ
1818 3951 2047 4002 δίδοται·
2094 3952 2219 4002 ἀλλ’
2266 3952 2329 4011 ὡς
2364 3951 2453 4010 ἤδη
2490 3951 2821 4011 ἀποθνήσκων,
2856 3958 2955 4001 τῶν
2989 3951 3086 4012 μὶν

698 4036 905 4098 σαρκίων
950 4038 1344 4098 καταφρόνησον·
1395 4034 1565 4097 λύθρος
1599 4033 1681 4083 καὶ
1718 4033 1929 4095 ὀστάρια
1964 4052 2006 4083 κ.
2026 4052 2077 4085 τ.
2098 4032 2135 4083 ἱ.
2176 4034 2327 4085 Verba
2361 4034 2528 4095 ’Ἄφες
2550 4036 2620 4083 τὰ
2656 4034 2860 4095 βιβλία·
2898 4030 3083 4093 μηκέτι

697 4122 828 4169 σοι-ὤ.
873 4116 945 4167 Οὐ
995 4116 1195 4167 δέδοται
1241 4117 1364 4167 ἀλλ’
1410 4118 1557 4166 etiam
1591 4116 1773 4165 Stichio
1819 4117 1919 4166 visa
1951 4121 2063 4165 sunt
2097 4116 2289 4165 aliunde
2323 4116 2416 4165 huc
2449 4116 2719 4181 irrepsisse;
2756 4115 2973 4179 equidem
3010 4129 3083 4163 se-

696 4202 893 4265 quentia
937 4217 1124 4265 quoque
1157 4199 1220 4257 ὦς
1255 4198 1345 4257 ἥδη
1377 4196 1690 4252 ἀποθνήσκων
1726 4198 1968 4247 abicienda
2003 4198 2238 4257 existimo,
2274 4214 2381 4247 cum
2416 4213 2527 4246 caro
2549 4213 2635 4262 per
2662 4213 2711 4246 se
2737 4200 2787 4245 et
2818 4197 2870 4245 in
2898 4211 2947 4245 se
2975 4211 3087 4244 con·

579 4297 590 4303 ³
691 4284 946 4332 temnenda
978 4282 1148 4331 Stoicis
1181 4282 1280 4330 visa
1311 4282 1404 4340 ait,
1437 4295 1590 4344 neque
1623 4282 1815 4328 tantum
1850 4279 1901 4328 in
1939 4279 2144 4328 articulo
2171 4279 2360 4328 mortis.
2400 4279 2581 4327 Contra
2610 4277 2753 4327 verba
2779 4277 2866 4326 illa
2898 4276 3082 4341 optime

695 4364 951 4413 cohaerent
991 4380 1100 4413 cum
1149 4362 1532 4431 antecedentibus
1586 4360 1638 4410 οὐ
1685 4358 1915 4409 δέδοταιε
1952 4376 2045 4409 non
2078 4360 2284 4423 amplius
2318 4360 2446 4418 licet,
2480 4361 2564 4409 ced
2593 4359 2813 4423 quoniam
2846 4361 2897 4406 in
2928 4373 2982 4407 oo
3016 4373 3086 4418 es,

693 4448 749 4492 ut
780 4445 1012 4493 moriaris.
1047 4446 1169 4492 Cum
1203 4444 1306 4492 loco
1340 4443 1444 4506 ipso
1477 4446 1638 4492 autem
1681 4441 1955 4490 conferatur
2003 4441 2087 4491 VI.
2121 4442 2184 4491 32
2235 4444 2292 4489 ἐκ
2336 4440 2596 4500 σωματίου
2632 4438 2737 4500 alfa?
2770 4437 2856 4487 καὶ
2888 4436 3084 4500 ψυχῆς.

696 4529 768 4587 τῷ
802 4524 892 4585 μὲν
927 4519 1008 4572 οὖν
1045 4523 1284 4584 σωματίῳ
1320 4520 1490 4571 πάντα
1522 4520 1770 4584 ἀδιάφορα
1805 4538 1916 4572 ιτ.
1936 4518 1975 4570 δ.
