3392 5384
660 404 792 470 348
1717 421 1971 470 numus.

666 597 912 659 iterum
973 593 1276 678 scriptam
1294 613 1310 671 ;
1369 592 1832 658 restituendam
1893 612 2029 656 esse
2082 593 2355 655 formam
2412 582 2768 655 archaicam
2814 613 2900 652 em
2948 587 3057 655 vel

652 691 762 777 ἶνα,
812 721 964 764 113111
1011 705 1283 785 utraque
1332 705 1747 776 memoratur,
1790 703 1853 764 et
1890 700 1955 763 in
1991 719 2085 764 ve.
2128 697 2258 762 251
2299 698 2455 760 bunc
2492 696 2878 762 mutandum
2916 718 3057 762 esse

657 809 729 871 in
774 829 934 870 nunc

1389 936 1472 977 cm
1520 935 1710 977 mores
1756 920 2089 997 veteresque
2133 933 2424 996 novosque
2469 917 2755 974 tenentem
2801 931 2935 994 sqq.

931 1022 1111 1085 Nunc
1155 1021 1314 1084 inter
1350 1042 1593 1103 puqnas
1639 1019 1931 1083 Servilius
1975 1020 2064 1082 sic
2108 1018 2441 1101 compellat.

747 1234 860 1300 Vs.
909 1233 1044 1300 ,260

935 1342 1306 1424 sulphureas
1344 1341 1559 1425 posuit
1603 1340 1941 1424 spiramina
1986 1341 2181 1405 Naris
2227 1343 2309 1405 ad
2350 1343 2567 1406 undas.

755 1448 888 1514 Alii
929 1449 1114 1514 aliter
1153 1451 1278 1515 viri
1319 1448 1488 1514 docti
1529 1448 1701 1513 hunc
1745 1469 2003 1514 versum
2040 1450 2446 1533 interpretati
2483 1453 2655 1513 sunt.
2696 1448 2768 1513 L.
2812 1446 3061 1512 Miiller

665 1555 819 1641 quid
868 1555 1024 1620 velit
1071 1576 1196 1619 non
1236 1555 1550 1642 explicat,
1589 1555 1697 1620 sed
1740 1554 2035 1620 adnotat:
2082 1555 2280 1634 „haec
2320 1577 2444 1640 quo
2486 1560 2775 1641 spectent
2820 1575 3057 1640 parum

665 1663 984 1740 constat'';
1029 1661 1228 1727 simul
1268 1661 1475 1740 addit,
1517 1661 1801 1748 Bergkio
1833 1662 2039 1727 videri
2078 1662 2235 1726 haec
2274 1664 2591 1746 pertinere
2633 1660 2711 1726 ad
2749 1681 2852 1739 ea,
2891 1681 3058 1744 quae

665 1768 844 1833 affert
889 1767 1065 1833 Serv.
1114 1770 1180 1832 in
1232 1768 1387 1832 Aen.
1437 1766 1556 1831 VII
1600 1765 1760 1832 563:
1809 1789 2003 1853 prope
2054 1769 2433 1853 Ampsancti
2473 1767 2716 1832 fontem
2762 1768 3059 1832 victimas

663 1897 789 1940 non
850 1873 1177 1939 immolari
1237 1874 1347 1939 sed
1409 1874 1599 1939 odore
1665 1877 1871 1959 perire
1932 1873 2009 1938 ad
2073 1894 2309 1959 aquam
2374 1873 2744 1959 applicatas.
2808 1872 3061 1938 Vahlen

664 1987 919 2046 tantum
983 1981 1170 2058 dicit,
1237 1980 1505 2066 Bergkii
1550 1983 2147 2066 interpretationem
2194 1982 2340 2065 qui,
2390 1987 2604 2059 ratus,
2651 1980 3057 2045 Priscianum

665 2087 744 2152 ad
806 2086 1043 2151 flumen
1090 2086 1260 2152 hunc
1306 2086 1520 2152 locum
1570 2087 1952 2152 referentem
2000 2089 2343 2164 erravisse,
2395 2086 2674 2152 voluerit
2718 2087 3060 2168 spiramina

665 2192 866 2270 naris,
930 2195 974 2256 i.
1002 2214 1055 2257 e.
1120 2193 1410 2275 spiritus,
1476 2195 1598 2258 sibi
1662 2194 2031 2279 improbari.
2087 2192 2404 2258 Similiter
2447 2193 2661 2259 locum
2711 2193 3065 2280 explicavit

667 2299 859 2386 Hug,
920 2302 1029 2384 qui
1080 2299 1220 2365 coll.
1273 2299 1409 2365 Val.
1460 2300 1636 2364 Max·
1679 2299 1845 2379 (VII,
1889 2301 1951 2378 8,
1980 2299 2047 2379 8)
2085 2299 2421 2381 spiramina
2445 2323 2673 2382 ponere
2709 2299 2884 2365 idem
2924 2321 3063 2366 esse

669 2407 835 2472 dixit
883 2407 1050 2493 quod
1095 2407 1355 2470 animam
1402 2406 1728 2488 exspirare.
1779 2407 1855 2470 Ei
1909 2403 2252 2492 Valmaggi
2298 2406 2745 2492 adstipulatur.

761 2511 885 2578 Sed
946 2515 1014 2577 in
1061 2513 1268 2578 Ennio
1316 2513 1791 2599 interpretando
1839 2512 2131 2578 Valerius
2178 2513 2509 2580 Maximus
2557 2518 2778 2581 auctor
2825 2536 3063 2601 parum

667 2618 967 2697 idoneus,
1018 2641 1142 2704 quo
1187 2620 1418 2686 melior
1463 2641 1606 2685 mea
1652 2623 1970 2685 sententia
2017 2621 2280 2704 reperiri
2321 2626 2552 2706 potest.
2602 2620 2694 2685 Hi
2732 2627 2884 2686 sunt
2925 2643 3067 2689 ver-

669 2747 777 2790 sus
826 2725 1098 2812 Vergilii
1144 2728 1326 2808 (Aen.
1382 2726 1495 2792 VII
1544 2725 1674 2790 568
1701 2733 1863 2812 sqq.)

944 2833 1068 2896 Hic
1112 2856 1318 2914 specus
1365 2835 1719 2897 horrendum
1767 2840 1823 2896 et
1868 2834 2035 2896 saevi
2078 2833 2387 2915 spiracula
2430 2834 2603 2898 Ditis

942 2946 1350 3002 monstrantur
1395 2946 1684 3024 ruptoque
1730 2939 1935 3020 inqens
1983 2941 2309 3004 Acheronte
2355 2962 2569 3022 vorayo

931 3045 1277 3138 pestifera-8
1325 3047 1526 3128 aperit
1560 3046 1787 3130 fauces

667 3153 734 3215 in
799 3152 1030 3236 quibus
1089 3153 1398 3234 spiracula
1457 3152 1630 3216 Ditis
1691 3154 1938 3229 fauces,
2004 3156 2247 3219 ostium
2305 3152 2657 3219 inferorum
2723 3175 2855 3219 esse
2903 3159 3065 3221 satis

669 3256 944 3322 dilucide
985 3264 1265 3344 apparet.
1309 3259 1479 3324 Hinc
1519 3262 1718 3325 etiam
1758 3259 1933 3325 locus
1975 3259 2306 3326 Ennianus
2346 3281 2530 3326 suam
2562 3259 2774 3326 lucem
2800 3263 3061 3347 accipit,-

668 3365 858 3430 Naris
930 3366 1009 3429 ad
1077 3365 1277 3430 undas
1344 3367 1698 3432 inferorum
1763 3369 2148 3453 spiramina,
2222 3368 2435 3432 fauces
2496 3369 2728 3452 quibus
2790 3367 3064 3434 nebulae

667 3471 1053 3556 sulphureae
1117 3475 1548 3558 exspirarent,
1617 3474 1769 3538 deus
1834 3476 2122 3558 posuisse
2186 3474 2451 3539 dicitur:
2517 3495 2713 3560 quam
2774 3474 2854 3539 ob
2921 3495 3062 3539 rem

671 3582 866 3645 etiam
914 3578 1065 3644 illae
1114 3579 1320 3645 undae
1369 3579 1749 3664 sulphureae
1797 3585 1967 3645 sunt.

764 3791 870 3857 Vs.
921 3791 1053 3856 282

944 3898 1188 3983 Iamque
1220 3898 1368 3982 fere
1402 3898 1615 3983 pulvis
1662 3901 1745 3962 ad
1790 3899 2010 3962 caelum
2060 3906 2232 3962 vasta
2278 3899 2532 3963 videtur.

762 4007 832 4071 In
899 4005 1296 4070 Praefatione
1360 3991 1657 4070 editionis
1722 4027 1872 4070 suae
1920 4004 2167 4070 Vahlen
2231 4027 2379 4071 cum
2445 4027 2595 4071 cura
2639 4008 2984 4091 inquisivit
3012 4009 3064 4088 ¹)

671 4133 832 4199 quae
877 4114 1184 4196 cuiusque
1234 4114 1562 4196 scriptoris
1601 4114 1668 4176 in
1712 4111 1981 4177 citandis
2019 4112 2212 4177 Ennii
2252 4112 2630 4198 fragmentis
2670 4115 2834 4178 ratio
2870 4120 3061 4179 esset.

670 4218 854 4284 Nihil
917 4218 1196 4304 profecto
1258 4220 1474 4282 sanius
1537 4225 1602 4283 et
1647 4219 1818 4303 quod
1865 4226 2049 4305 putes
2097 4222 2164 4283 in
2212 4218 2604 4284 emendando
2651 4217 2799 4305 plus
2848 4221 3064 4304 profu-

737 4479 789 4542 1)
825 4480 1134 4543 Quantopere
1168 4477 1215 4526 id
1252 4492 1437 4525 11000880
1475 4479 1610 4535 esset,
1645 4475 1742 4524 ism
1782 4475 1968 4525 monuit
2001 4477 2056 4527 L.
2094 4476 2281 4526 Miiner
2315 4475 2365 4525 in
2394 4475 2603 4526 editione
2638 4492 2723 4526 sua
2754 4478 2896 4540 (Δάν.
2932 4477 3061 4529 Eun.

672 4561 786 4625 Cap.
824 4559 882 4622 Ι).
