3392 5384
669 391 760 457 46
1668 411 2023 460 nonaxon.

760 573 1020 660 Ergone
1074 574 1476 661 grandaevus
1529 576 1760 642 Nestor
1813 581 1877 641 et
1938 577 2119 640 annis
2178 597 2300 640 non
2349 575 2589 640 fractus
2632 573 2893 660 quidem
2940 575 3057 640 sed

668 686 960 746 onustus·
999 680 1222 759 ἠράσθη
1276 729 1291 746 .
1321 731 1336 747 .
1367 731 1383 748 .
1429 703 1553 746 non
1614 681 1843 759 ὡραίας
1906 687 2074 759 σοροῦ
2136 680 2245 746 sed
2307 680 2641 759 Εὐρυδίκης
2714 680 3054 756 Κλυμένοιο

672 785 1008 865 θυγατρός,
1057 807 1094 851 a
1140 791 1318 872 patre
1364 807 1505 852 eam
1551 789 1620 851 in
1665 789 2156 852 matrimonium
2202 788 2474 873 accepit,
2524 780 2846 857 dein'vfoeq
2885 786 3060 851 ἀνολ-

671 893 822 963 abac
868 913 1017 956 cum
1065 913 1138 957 ea
1182 890 1454 978 genuit?

762 996 1114 1083 Odysseam
1185 1005 1403 1062 autem
1471 1019 1621 1062 cum
1689 997 2116 1083 perlegimus,
2187 1003 2447 1082 apparet
2516 1017 2667 1062 eum
2735 998 3057 1082 vigesimo

671 1125 833 1169 anno
894 1111 1236 1189 postquam
1305 1125 1454 1169 cum
1515 1103 1664 1168 filiis
1725 1105 1791 1167 in
1857 1103 2101 1168 bellum
2166 1103 2513 1168 Troianum
2576 1108 2674 1168 est
2732 1104 3057 1188 profectus

672 1213 869 1274 etiam
935 1208 1089 1295 Pyli
1146 1224 1480 1294 regnasse,
1527 1215 1781 1294 quartae
1825 1211 2032 1294 igitur
2076 1211 2291 1294 potius
2338 1229 2533 1293 quam
2577 1210 2805 1273 tertiae
2849 1208 3059 1271 homi-

671 1336 831 1380 num
874 1317 1070 1380 aetati
1111 1319 1262 1380 tunc
1299 1318 1742 1400 imperantem.
1791 1315 2005 1380 Laetis
2042 1320 2257 1379 tamen
2299 1313 2507 1398 epulis
2547 1316 2898 1379 etiamtunc
2920 1310 3060 1376 illic

671 1421 952 1507 praefuit
996 1423 1165 1486 inter
1209 1419 1446 1487 liberos
1492 1443 1640 1486 suos
1685 1420 1963 1486 assidens
2003 1421 2242 1505 partim
2278 1422 2641 1486 iuventutis
2679 1439 2871 1484 annos
2907 1438 3061 1482 non-'

672 1527 827 1591 dum
876 1547 1163 1612 egressos
1193 1529 1263 1608 ¹).

759 1632 1007 1697 Satisne
1066 1634 1219 1698 haec
1277 1629 1690 1698 inconcinna?
1751 1633 1987 1717 Aptius
2049 1633 2161 1698 vix
2221 1633 2509 1698 invenias
2554 1629 2923 1717 exemplum
2968 1628 3052 1694 ad

670 1738 1231 1803 demonstrandum
1277 1739 1343 1803 id
1389 1738 1557 1824 quod
1600 1740 1795 1802 nimis
1843 1759 2029 1822 saepe
2076 1738 2203 1803 dici
2250 1738 2750 1804 demonstrarive
2791 1737 3049 1832 nequit,

670 1846 972 1928 quoniam
1026 1837 1118 1908 'ne
1187 1844 1254 1907 id
1317 1843 1773 1909 obliviscamur
1836 1843 2003 1908 dum-
2054 1846 2335 1910 carmina
2366 1847 2571 1931 -epica
2617 1843 3014 1928 perlegimus
3033 1888 3049 1918 ‚

669 1950 1032 2012 maximum
1094 1969 1343 2032 semper
1403 1955 1498 2013 est
1559 1949 1959 2036 periculum,
2021 1949 2173 2014 licet
2233 1951 2426 2036 probe
2471 1953 2749 2014 sciamus
2794 1965 3050 2013 omnes:

671 2058 850 2139 poesi
916 2060 1207 2119 vetustae
1279 2057 1812 2138 perniciosissima
1879 2057 2075 2120 fuisse
2143 2056 2355 2120 studia
2424 2055 2839 2142 genealogica
2916 2055 3051 2118 sive

671 2158 1136 2244 chronologica.
1200 2160 1386 2226 Nunc
1446 2182 1694 2245 quoque
1758 2164 1933 2246 patet
1992 2159 2072 2225 ad
2132 2182 2327 2246 quam
2372 2164 2592 2247 inepta
2640 2162 3049 2226 deveniamus

671 2264 829 2329 dum
873 2272 1239 2351 temporum
1287 2265 1635 2332 habeamus
1683 2269 2017 2332 rationem.

761 2371 1013 2456 Ergone
1073 2373 1363 2456 ipsorum
1409 2378 1739 2457 poetarum
1791 2380 1905 2437 aut
1950 2371 2139 2457 culpa
2183 2373 2336 2438 haec
2384 2374 2511 2437 fuit
2556 2377 2669 2438 aut
2715 2370 3051 2458 neglegen-

670 2473 821 2540 tia?¹
869 2472 973 2540 An
1035 2497 1147 2540 nos
1209 2477 1508 2562 culpandi
1571 2500 1831 2555 sumus,
1893 2485 2119 2563 utpote
2183 2481 2389 2563 poetis
2436 2479 2819 2564 denegantes
2864 2476 3048 2541 illam

672 2580 953 2667 fingendi
1000 2587 1066 2646 et
1111 2585 1167 2645 si
1212 2605 1311 2648 res
1358 2585 1519 2649 ferat
1565 2606 1691 2650 non
1738 2585 1861 2650 sibi
1906 2585 2234 2650 constandi
2277 2585 2643 2651 libertatem
2664 2633 2681 2663 ,
2746 2588 2881 2652 sine
2925 2604 3051 2669 qua

668 2670 976 2772 langueat
1022 2708 1243 2752 eorum
1294 2709 1394 2753 ars
1440 2695 1503 2754 et
1549 2687 1833 2776 torpeat?

763 2789 975 2858 Grave
1015 2796 1258 2859 crimen
1295 2799 1361 2858 et
1397 2815 1582 2880 saepe
1620 2797 1918 2861 auditum
1938 2843 1954 2872 ,
1983 2834 2067 2844 —
2096 2799 2328 2882 quippe
2368 2797 2624 2883 prolatu
2662 2795 3049 2863 facillimum

671 2903 1022 2982 aptumque
1068 2899 1147 2962 ad
1196 2899 1644 2966 nodosissimas
1691 2922 1974 2987 quasque
2036 2901 2511 2986 disquisitiones
2569 2897 3049 2989 praecidendas!

672 3004 759 3067 At
805 3006 1369 3087 persuasissimum
1414 3012 1512 3070 est
1556 3028 1681 3071 non
1728 3028 1841 3072 nos
1887 3006 1963 3073 de
2003 3011 2227 3092 priscis
2265 3011 2521 3074 vatibus
2560 3011 2847 3093 iniquius
2884 3028 3052 3072 nunc

669 3109 985 3189 iudicare,
1049 3111 1158 3175 sed
1219 3110 1367 3176 illos
1419 3150 1502 3161 —
1551 3115 1607 3178 si
1669 3117 1783 3199 qui
1844 3116 1970 3178 sint
2033 3118 2232 3179 etiam
2278 3153 2365 3162 —-
2413 3118 2525 3200 qui
2584 3121 2721 3180 tam
2782 3113 3053 3180 absurda

672 3215 750 3279 ab
796 3217 878 3280 iis
924 3215 1071 3281 ficta
1117 3238 1251 3282 esse
1295 3220 1362 3282 in
1409 3221 1704 3284 animum
1750 3221 1871 3284 sibi
1916 3219 2240 3285 inducant.
2288 3219 2643 3305 Corruptus
2680 3242 2717 3285 a
2753 3223 3052 3286 recentio-

671 3323 848 3386 ribus
903 3329 998 3388 est
1043 3327 1278 3389 veteris
1325 3327 1626 3390 carminis
1669 3329 1861 3404 nitor,
1910 3326 2016 3393 vel
2058 3328 2309 3412 potius,
2359 3348 2483 3391 non
2528 3326 2855 3392 intellecta
2902 3332 3053 3391 sunt

673 3447 834 3511 quae
882 3431 1246 3495 cecinerunt
1291 3431 1448 3496 olim
1495 3439 1737 3516 poetae.
2511 3442 2515 3446 '

762 3533 1162 3617 Reputemus
1223 3536 1411 3601 modo
1474 3557 1635 3621 quae
1697 3538 1773 3602 de
1833 3537 2103 3602 Nestore
2163 3539 2377 3602 ferunt
2436 3537 2588 3602 Ilias
2634 3543 2698 3602 et
2746 3536 3045 3624 Odyssea.

670 3637 814 3702 Non
857 3645 1120 3723 apparet
1154 3639 1290 3704 illic
1329 3640 1726 3705 silicernium
1767 3662 1804 3705 a
1847 3641 2057 3706 Morte
2103 3640 2312 3708 veluti
2348 3643 2760 3721 derelictum,
2804 3644 2915 3708 sed
2950 3645 3053 3709 vir

673 3746 882 3808 senior
927 3746 1094 3808 inter
1137 3747 1449 3824 iuniores,
1491 3752 1671 3830 pater
1709 3748 1879 3811 inter
1914 3746 2116 3824 filios,
2158 3747 2443 3834 aequalis
2482 3747 2661 3813 Pelei
2700 3755 2765 3814 et
2802 3749 3048 3813 Priami

673 3855 737 3914 et
805 3851 1120 3935 Agenoris
1191 3857 1670 3937 ceterorumque
1738 3857 2109 3918 senatorum
2177 3852 2630 3931 Troianorum,
2709 3875 2851 3919 eam
2916 3857 3050 3918 iam

672 3975 868 4040 agens
916 3958 1087 4021 vitae
1134 3962 1383 4040 partem
1421 3979 1545 4042 qua
1583 3960 1799 4038 animo
1837 3958 2212 4024 mortalium
2255 3960 2322 4024 τὸ
2363 3967 2561 4037 γῆροις
2602 3961 2857 4032 ἐντίθησι
2901 3964 3051 4036 νοῦν,

673 4081 798 4145 qua
844 4059 1156 4125 deferbuit
1205 4068 1377 4126 aetas
1419 4061 1727 4129 iuvenilis
1750 4113 1763 4139 ,
1814 4064 2181 4129 confirmata
2218 4071 2316 4129 est
2353 4085 2535 4129 mens
2546 4085 2563 4143 ;
2619 4085 2743 4149 qua
2781 4063 3054 4129 vixdum

674 4166 1026 4230 decrescere
1065 4175 1410 4252 coeperunt
1449 4172 1619 4234 vires
1659 4173 1969 4255 corporis,
2010 4174 2346 4234 creverunt
2383 4173 2601 4234 autem
2642 4172 2842 4234 animi
2864 4172 3055 4255 vigor

672 4278 737 4335 et
781 4271 1137 4355 prudentia.
1186 4273 1406 4339 Minus
1453 4276 1585 4340 iam
1631 4275 1866 4342 Nestor
1913 4280 2010 4340 est
2053 4275 2243 4361 agilis
2291 4296 2486 4361 quam
2530 4276 2656 4340 fuit
2703 4275 2862 4340 olim
2911 4274 3055 4340 ado·

739 4497 794 4560 1)
828 4496 1134 4546 Pisistratum
1165 4497 1269 4546 dico
1305 4501 1354 4547 et
1389 4499 1683 4562 Polycasten.
