<?xml version="1.0" encoding="UTF-8"?>
<!DOCTYPE html PUBLIC "-//W3C//DTD XHTML 1.0 Transitional//EN"
    "http://www.w3.org/TR/xhtml1/DTD/xhtml1-transitional.dtd">
<html xmlns="http://www.w3.org/1999/xhtml" xml:lang="en" lang="en">
 <head>
  <title>
</title>
<meta http-equiv="Content-Type" content="text/html;charset=utf-8" />
  <meta name='ocr-system' content='tesseract 3.04.00' />
  <meta name='ocr-capabilities' content='ocr_page ocr_carea ocr_par ocr_line ocrx_word'/>
</head>
<body>
  <div class='ocr_page' id='page_1' title='image "./mnemosynebiblio13servgoog_0131.png"; bbox 0 0 3392 5384; ppageno 0'>
   <div class='ocr_carea' id='block_1_1' title="bbox 1145 1064 1983 1156">
    <p class='ocr_par' dir='ltr' id='par_1_1' title="bbox 1145 1064 1983 1156">
     <span class='ocr_line' id='line_1_1' title="bbox 1145 1064 1983 1156; baseline 0 -2"><span class='ocrx_word' id='word_1_1' title='bbox 1145 1064 1983 1156; x_wconf 86' lang='lat' dir='ltr'><strong>PLATONICA.</strong></span> 
     </span>
    </p>
   </div>
   <div class='ocr_carea' id='block_1_2' title="bbox 1437 1303 1684 1345">
    <p class='ocr_par' dir='ltr' id='par_1_2' title="bbox 1437 1303 1684 1345">
     <span class='ocr_line' id='line_1_2' title="bbox 1437 1303 1684 1345; baseline -0.008 0"><span class='ocrx_word' id='word_1_2' title='bbox 1437 1303 1684 1345; x_wconf 74' lang='lat' dir='ltr'><strong>sempsl&#39;r</strong></span> 
     </span>
    </p>
   </div>
   <div class='ocr_carea' id='block_1_3' title="bbox 790 1454 2319 1689">
    <p class='ocr_par' dir='ltr' id='par_1_3' title="bbox 790 1454 2319 1689">
     <span class='ocr_line' id='line_1_3' title="bbox 1001 1454 2113 1520; baseline 0.001 -2"><span class='ocrx_word' id='word_1_3' title='bbox 1001 1455 1087 1519; x_wconf 91' lang='grc' dir='ltr'><strong>Η.</strong></span> <span class='ocrx_word' id='word_1_4' title='bbox 1152 1454 1355 1520; x_wconf 88' lang='lat' dir='ltr'><strong>VAN</strong></span> <span class='ocrx_word' id='word_1_5' title='bbox 1418 1454 2113 1520; x_wconf 78' lang='lat' dir='ltr'><strong>HERWERDEN.</strong></span> 
     </span>
     <span class='ocr_line' id='line_1_4' title="bbox 790 1604 2319 1689; baseline 0.001 -20"><span class='ocrx_word' id='word_1_6' title='bbox 790 1607 1267 1686; x_wconf 76' lang='lat' dir='ltr'><strong>(Continuantur</strong></span> <span class='ocrx_word' id='word_1_7' title='bbox 1313 1630 1384 1672; x_wconf 70' lang='lat' dir='ltr'><strong>ea·</strong></span> <span class='ocrx_word' id='word_1_8' title='bbox 1443 1608 1500 1672; x_wconf 85' lang='lat' dir='ltr'><em>V</em></span> <span class='ocrx_word' id='word_1_9' title='bbox 1494 1609 1576 1672; x_wconf 79' lang='lat' dir='ltr'><strong>ol.</strong></span> <span class='ocrx_word' id='word_1_10' title='bbox 1624 1607 1913 1674; x_wconf 86' lang='lat' dir='ltr'><em>XXXIV</em></span> <span class='ocrx_word' id='word_1_11' title='bbox 1938 1629 2087 1689; x_wconf 73' lang='lat' dir='ltr'><strong>pay.</strong></span> <span class='ocrx_word' id='word_1_12' title='bbox 2138 1604 2319 1686; x_wconf 86' lang='lat'><strong>330.)</strong></span> 
     </span>
    </p>
   </div>
   <div class='ocr_carea' id='block_1_4' title="bbox 1334 1909 1760 1953">
    <p class='ocr_par' dir='ltr' id='par_1_4' title="bbox 1334 1909 1760 1953">
     <span class='ocr_line' id='line_1_5' title="bbox 1334 1909 1760 1953; baseline 0 -2"><span class='ocrx_word' id='word_1_13' title='bbox 1334 1909 1760 1953; x_wconf 48' lang='lat' dir='ltr'><strong>*Q*</strong></span> 
     </span>
    </p>
   </div>
   <div class='ocr_carea' id='block_1_5' title="bbox 352 2163 2746 2660">
    <p class='ocr_par' dir='ltr' id='par_1_5' title="bbox 352 2163 2746 2660">
     <span class='ocr_line' id='line_1_6' title="bbox 452 2163 2746 2253; baseline -0.002 -20"><span class='ocrx_word' id='word_1_14' title='bbox 452 2168 792 2247; x_wconf 73' lang='lat' dir='ltr'>TERAGRS,</span> <span class='ocrx_word' id='word_1_15' title='bbox 836 2190 896 2253; x_wconf 89' lang='lat' dir='ltr'><strong>p.</strong></span> <span class='ocrx_word' id='word_1_16' title='bbox 951 2166 1076 2233; x_wconf 90' lang='lat'><strong>121</strong></span> <span class='ocrx_word' id='word_1_17' title='bbox 1104 2167 1161 2232; x_wconf 95' lang='lat' dir='ltr'><strong>D</strong></span> <span class='ocrx_word' id='word_1_18' title='bbox 1201 2172 1362 2233; x_wconf 86' lang='lat' dir='ltr'><strong>extr.</strong></span> <span class='ocrx_word' id='word_1_19' title='bbox 1413 2167 1543 2242; x_wconf 78' lang='grc' dir='ltr'><strong>ἐμοὶ</strong></span> <span class='ocrx_word' id='word_1_20' title='bbox 1589 2167 1649 2232; x_wconf 76' lang='grc' dir='ltr'><strong>δὲ</strong></span> <span class='ocrx_word' id='word_1_21' title='bbox 1689 2173 1809 2231; x_wconf 82' lang='grc' dir='ltr'><strong>τῶν</strong></span> <span class='ocrx_word' id='word_1_22' title='bbox 1847 2166 1960 2243; x_wconf 78' lang='grc' dir='ltr'><strong>μὲν</strong></span> <span class='ocrx_word' id='word_1_23' title='bbox 1980 2165 2327 2246; x_wconf 69' lang='grc' dir='ltr'><strong><em>χρημάτων</em></strong></span> <span class='ocrx_word' id='word_1_24' title='bbox 2354 2165 2455 2228; x_wconf 71' lang='grc' dir='ltr'><strong>καὶ</strong></span> <span class='ocrx_word' id='word_1_25' title='bbox 2486 2163 2746 2229; x_wconf 78' lang='grc' dir='ltr'><strong><em>ἔλαττον</em></strong></span> 
     </span>
     <span class='ocr_line' id='line_1_7' title="bbox 360 2266 2744 2352; baseline -0.001 -14"><span class='ocrx_word' id='word_1_26' title='bbox 360 2273 578 2352; x_wconf 80' lang='grc' dir='ltr'><strong><em>μέλει,</em></strong></span> <span class='ocrx_word' id='word_1_27' title='bbox 631 2276 906 2351; x_wconf 72' lang='grc' dir='ltr'><strong><em>ἠγοῦμαι</em></strong></span> <span class='ocrx_word' id='word_1_28' title='bbox 956 2275 1017 2339; x_wconf 76' lang='grc' dir='ltr'><strong>δὲ</strong></span> <span class='ocrx_word' id='word_1_29' title='bbox 1066 2278 1276 2338; x_wconf 83' lang='grc' dir='ltr'><strong><em>τοῦτον</em></strong></span> <span class='ocrx_word' id='word_1_30' title='bbox 1326 2275 1431 2337; x_wconf 78' lang='grc' dir='ltr'><strong>οὐκ</strong></span> <span class='ocrx_word' id='word_1_31' title='bbox 1481 2273 1567 2344; x_wconf 77' lang='grc' dir='ltr'><strong>εἷς</strong></span> <span class='ocrx_word' id='word_1_32' title='bbox 1615 2271 1822 2352; x_wconf 79' lang='grc' dir='ltr'><strong><em>μικρὸν</em></strong></span> <span class='ocrx_word' id='word_1_33' title='bbox 1872 2271 2134 2336; x_wconf 78' lang='grc' dir='ltr'><strong><em>κίνδυνον</em></strong></span> <span class='ocrx_word' id='word_1_34' title='bbox 2181 2272 2334 2336; x_wconf 78' lang='grc' dir='ltr'><strong><em>ἱέναι</em></strong></span> <span class='ocrx_word' id='word_1_35' title='bbox 2384 2266 2443 2335; x_wconf 77' lang='grc' dir='ltr'><strong>οἶ</strong></span> <span class='ocrx_word' id='word_1_36' title='bbox 2473 2270 2744 2336; x_wconf 77' lang='grc' dir='ltr'><strong><em>σπεύδει.</em></strong></span> 
     </span>
     <span class='ocr_line' id='line_1_8' title="bbox 356 2377 2744 2464; baseline -0.002 -18"><span class='ocrx_word' id='word_1_37' title='bbox 356 2379 516 2446; x_wconf 81' lang='lat' dir='ltr'><strong>Hiat</strong></span> <span class='ocrx_word' id='word_1_38' title='bbox 557 2382 784 2445; x_wconf 78' lang='lat' dir='ltr'><strong>oratic.</strong></span> <span class='ocrx_word' id='word_1_39' title='bbox 823 2379 1150 2445; x_wconf 82' lang='lat' dir='ltr'><strong>Incertum</strong></span> <span class='ocrx_word' id='word_1_40' title='bbox 1189 2386 1284 2445; x_wconf 91' lang='lat' dir='ltr'><strong>est</strong></span> <span class='ocrx_word' id='word_1_41' title='bbox 1321 2385 1548 2445; x_wconf 84' lang='lat' dir='ltr'><strong>utrum</strong></span> <span class='ocrx_word' id='word_1_42' title='bbox 1587 2384 1735 2464; x_wconf 90' lang='lat' dir='ltr'><strong>post</strong></span> <span class='ocrx_word' id='word_1_43' title='bbox 1768 2377 2016 2442; x_wconf 76' lang='grc' dir='ltr'><strong><em>σπεύδει</em></strong></span> <span class='ocrx_word' id='word_1_44' title='bbox 2045 2378 2355 2444; x_wconf 80' lang='lat' dir='ltr'><strong>exciderit</strong></span> <span class='ocrx_word' id='word_1_45' title='bbox 2378 2377 2744 2454; x_wconf 78' lang='grc' dir='ltr'><strong><em>σπεύδοντα,</em></strong></span> 
     </span>
     <span class='ocr_line' id='line_1_9' title="bbox 358 2483 2746 2571; baseline -0.002 -20"><span class='ocrx_word' id='word_1_46' title='bbox 358 2485 528 2570; x_wconf 90' lang='lat' dir='ltr'><strong>quod</strong></span> <span class='ocrx_word' id='word_1_47' title='bbox 569 2487 833 2553; x_wconf 83' lang='lat' dir='ltr'><strong>coniecit</strong></span> <span class='ocrx_word' id='word_1_48' title='bbox 872 2484 1148 2564; x_wconf 81' lang='lat' dir='ltr'><strong>Sohanz,</strong></span> <span class='ocrx_word' id='word_1_49' title='bbox 1189 2506 1269 2553; x_wconf 85' lang='lat' dir='ltr'><strong>an</strong></span> <span class='ocrx_word' id='word_1_50' title='bbox 1308 2487 1527 2571; x_wconf 88' lang='lat' dir='ltr'><strong>potius</strong></span> <span class='ocrx_word' id='word_1_51' title='bbox 1569 2484 1707 2549; x_wconf 79' lang='grc' dir='ltr'><strong><em>ἰόνθ’</em></strong></span> <span class='ocrx_word' id='word_1_52' title='bbox 1748 2489 1892 2568; x_wconf 91' lang='lat' dir='ltr'><strong>post</strong></span> <span class='ocrx_word' id='word_1_53' title='bbox 1928 2484 2112 2563; x_wconf 78' lang='grc' dir='ltr'><strong><em>ἰέναι,</em></strong></span> <span class='ocrx_word' id='word_1_54' title='bbox 2155 2483 2321 2569; x_wconf 87' lang='lat' dir='ltr'><strong>quod</strong></span> <span class='ocrx_word' id='word_1_55' title='bbox 2358 2484 2524 2547; x_wconf 87' lang='lat' dir='ltr'><strong>mihi</strong></span> <span class='ocrx_word' id='word_1_56' title='bbox 2564 2485 2746 2549; x_wconf 86' lang='lat' dir='ltr'><strong>venit</strong></span> 
     </span>
     <span class='ocr_line' id='line_1_10' title="bbox 352 2594 774 2660; baseline -0.002 0"><span class='ocrx_word' id='word_1_57' title='bbox 352 2594 424 2660; x_wconf 85' lang='lat' dir='ltr'><strong>in</strong></span> <span class='ocrx_word' id='word_1_58' title='bbox 469 2597 774 2659; x_wconf 78' lang='lat' dir='ltr'><strong>mentem.</strong></span> 
     </span>
    </p>
   </div>
   <div class='ocr_carea' id='block_1_6' title="bbox 353 2807 2740 3210">
    <p class='ocr_par' dir='ltr' id='par_1_6' title="bbox 353 2807 2736 2996">
     <span class='ocr_line' id='line_1_11' title="bbox 445 2807 2736 2890; baseline -0.003 -13"><span class='ocrx_word' id='word_1_59' title='bbox 445 2813 522 2878; x_wconf 91' lang='lat' dir='ltr'><strong>P.</strong></span> <span class='ocrx_word' id='word_1_60' title='bbox 577 2811 800 2877; x_wconf 85' lang='lat' dir='ltr'>122E.</span> <span class='ocrx_word' id='word_1_61' title='bbox 865 2820 1017 2876; x_wconf 86' lang='grc' dir='ltr'><strong>ΣΩ.</strong></span> <span class='ocrx_word' id='word_1_62' title='bbox 1069 2809 1315 2890; x_wconf 83' lang='grc' dir='ltr'><strong><em>Σοφοὺς</em></strong></span> <span class='ocrx_word' id='word_1_63' title='bbox 1381 2809 1442 2875; x_wconf 77' lang='grc' dir='ltr'><strong>δὲ</strong></span> <span class='ocrx_word' id='word_1_64' title='bbox 1507 2817 1724 2881; x_wconf 74' lang='grc' dir='ltr'><strong><em>καλεῖς</em></strong></span> <span class='ocrx_word' id='word_1_65' title='bbox 1790 2810 2036 2888; x_wconf 78' lang='grc' dir='ltr'><strong><em>πότερον</em></strong></span> <span class='ocrx_word' id='word_1_66' title='bbox 2093 2808 2236 2880; x_wconf 83' lang='grc' dir='ltr'><strong>τοὺς</strong></span> <span class='ocrx_word' id='word_1_67' title='bbox 2284 2807 2736 2886; x_wconf 73' lang='grc' dir='ltr'><strong><em>ἐπιστήμονας,</em></strong></span> 
     </span>
     <span class='ocr_line' id='line_1_12' title="bbox 353 2912 1953 2996; baseline -0.001 -14"><span class='ocrx_word' id='word_1_68' title='bbox 353 2917 487 2996; x_wconf 78' lang='grc' dir='ltr'><strong><em>περὶ</em></strong></span> <span class='ocrx_word' id='word_1_69' title='bbox 537 2914 676 2983; x_wconf 73' lang='grc' dir='ltr'><strong><em>ὅτου</em></strong></span> <span class='ocrx_word' id='word_1_70' title='bbox 725 2915 801 2982; x_wconf 72' lang='grc' dir='ltr'><strong>ἂν</strong></span> <span class='ocrx_word' id='word_1_71' title='bbox 849 2917 1253 2992; x_wconf 71' lang='grc' dir='ltr'><strong><em>ἐπιστήμονες</em></strong></span> <span class='ocrx_word' id='word_1_72' title='bbox 1300 2912 1504 2993; x_wconf 82' lang='grc' dir='ltr'><strong><em>ὦσιν,</em></strong></span> <span class='ocrx_word' id='word_1_73' title='bbox 1557 2916 1589 2990; x_wconf 78' lang='grc' dir='ltr'>ἢ</span> <span class='ocrx_word' id='word_1_74' title='bbox 1639 2917 1781 2987; x_wconf 84' lang='grc' dir='ltr'><strong><em>τοὺς</em></strong></span> <span class='ocrx_word' id='word_1_75' title='bbox 1829 2917 1953 2993; x_wconf 74' lang='grc' dir='ltr'><strong>μής</strong></span> 
     </span>
    </p>

    <p class='ocr_par' dir='ltr' id='par_1_7' title="bbox 353 3017 2740 3210">
     <span class='ocr_line' id='line_1_13' title="bbox 443 3017 2740 3107; baseline -0.001 -19"><span class='ocrx_word' id='word_1_76' title='bbox 443 3023 649 3089; x_wconf 83' lang='lat' dir='ltr'><strong>Verba</strong></span> <span class='ocrx_word' id='word_1_77' title='bbox 711 3021 843 3101; x_wconf 78' lang='grc' dir='ltr'><strong><em>περὶ</em></strong></span> <span class='ocrx_word' id='word_1_78' title='bbox 871 3019 1123 3086; x_wconf 77' lang='grc' dir='ltr'><strong><em>-ὦσιν</em></strong></span> <span class='ocrx_word' id='word_1_79' title='bbox 1181 3025 1336 3086; x_wconf 87' lang='lat' dir='ltr'><strong>satis</strong></span> <span class='ocrx_word' id='word_1_80' title='bbox 1399 3021 1757 3107; x_wconf 87' lang='lat' dir='ltr'><strong>superflua,</strong></span> <span class='ocrx_word' id='word_1_81' title='bbox 1806 3024 1930 3086; x_wconf 89' lang='lat' dir='ltr'><strong>nisi</strong></span> <span class='ocrx_word' id='word_1_82' title='bbox 1978 3023 2373 3107; x_wconf 81' lang='lat' dir='ltr'><strong>rescripseris</strong></span> <span class='ocrx_word' id='word_1_83' title='bbox 2421 3021 2552 3101; x_wconf 78' lang='grc' dir='ltr'><strong><em>περὶ</em></strong></span> <span class='ocrx_word' id='word_1_84' title='bbox 2603 3017 2740 3086; x_wconf 79' lang='grc' dir='ltr'><strong><em>ὅτου</em></strong></span> 
     </span>
     <span class='ocr_line' id='line_1_14' title="bbox 353 3125 1561 3210; baseline -0.002 -15"><span class='ocrx_word' id='word_1_85' title='bbox 353 3129 427 3196; x_wconf 78' lang='grc' dir='ltr'><strong>ἂν</strong></span> <span class='ocrx_word' id='word_1_86' title='bbox 477 3129 880 3207; x_wconf 76' lang='grc' dir='ltr'><strong><em>ἐπιστήμονες</em></strong></span> <span class='ocrx_word' id='word_1_87' title='bbox 929 3125 1199 3208; x_wconf 73' lang='grc' dir='ltr'><strong><em>(εἶναι</em></strong></span> <span class='ocrx_word' id='word_1_88' title='bbox 1246 3134 1561 3210; x_wconf 82' lang='grc' dir='ltr'><strong><em>Φ&gt;ῶσιν.</em></strong></span> 
     </span>
    </p>
   </div>
   <div class='ocr_carea' id='block_1_7' title="bbox 351 3328 2745 4058">
    <p class='ocr_par' dir='ltr' id='par_1_8' title="bbox 351 3328 2740 3623">
     <span class='ocr_line' id='line_1_15' title="bbox 444 3328 2740 3412; baseline -0.003 -13"><span class='ocrx_word' id='word_1_89' title='bbox 444 3333 518 3399; x_wconf 88' lang='grc' dir='ltr'><strong>Ρ.</strong></span> <span class='ocrx_word' id='word_1_90' title='bbox 571 3332 699 3398; x_wconf 88' lang='grc'><strong>124</strong></span> <span class='ocrx_word' id='word_1_91' title='bbox 721 3333 789 3400; x_wconf 90' lang='grc' dir='ltr'><strong>Β.</strong></span> <span class='ocrx_word' id='word_1_92' title='bbox 841 3342 993 3398; x_wconf 86' lang='grc' dir='ltr'><strong>ΣΩ.</strong></span> <span class='ocrx_word' id='word_1_93' title='bbox 1045 3331 1208 3398; x_wconf 78' lang='grc' dir='ltr'>Οὐδέ</span> <span class='ocrx_word' id='word_1_94' title='bbox 1255 3334 1321 3410; x_wconf 72' lang='grc' dir='ltr'><strong>γ’</strong></span> <span class='ocrx_word' id='word_1_95' title='bbox 1370 3328 1542 3407; x_wconf 74' lang='grc' dir='ltr'><strong><em>οἶμαι</em></strong></span> <span class='ocrx_word' id='word_1_96' title='bbox 1592 3328 1630 3412; x_wconf 71' lang='grc' dir='ltr'><em>ᾗ</em></span> <span class='ocrx_word' id='word_1_97' title='bbox 1675 3337 1792 3395; x_wconf 82' lang='grc' dir='ltr'><strong>τῶν</strong></span> <span class='ocrx_word' id='word_1_98' title='bbox 1841 3329 2284 3411; x_wconf 78' lang='grc' dir='ltr'><strong><em>πριζόντων</em></strong></span> <span class='ocrx_word' id='word_1_99' title='bbox 2331 3330 2434 3393; x_wconf 78' lang='grc' dir='ltr'><strong>καὶ</strong></span> <span class='ocrx_word' id='word_1_100' title='bbox 2476 3329 2740 3409; x_wconf 78' lang='grc' dir='ltr'><strong><em>τρυπών-</em></strong></span> 
     </span>
     <span class='ocr_line' id='line_1_16' title="bbox 352 3434 2740 3518; baseline -0.002 -14"><span class='ocrx_word' id='word_1_101' title='bbox 352 3463 468 3504; x_wconf 81' lang='grc' dir='ltr'><strong>των</strong></span> <span class='ocrx_word' id='word_1_102' title='bbox 517 3440 620 3504; x_wconf 68' lang='grc' dir='ltr'><strong>καὶ</strong></span> <span class='ocrx_word' id='word_1_103' title='bbox 668 3439 1014 3515; x_wconf 77' lang='grc' dir='ltr'><strong><em>ξεόντων</em></strong></span> <span class='ocrx_word' id='word_1_104' title='bbox 1062 3439 1166 3503; x_wconf 74' lang='grc' dir='ltr'><strong>καὶ</strong></span> <span class='ocrx_word' id='word_1_105' title='bbox 1217 3437 1601 3518; x_wconf 84' lang='grc' dir='ltr'><strong><em>τορνευόντων</em></strong></span> <span class='ocrx_word' id='word_1_106' title='bbox 1648 3437 2030 3513; x_wconf 68' lang='grc' dir='ltr'><strong><em>συμπάντων</em></strong></span> <span class='ocrx_word' id='word_1_107' title='bbox 2070 3436 2460 3514; x_wconf 70' lang='grc' dir='ltr'><strong><em>ἐπιστάμεθα</em></strong></span> <span class='ocrx_word' id='word_1_108' title='bbox 2503 3434 2740 3518; x_wconf 69' lang='grc' dir='ltr'><strong><em>ἄρχειν,</em></strong></span> 
     </span>
     <span class='ocr_line' id='line_1_17' title="bbox 351 3546 986 3623; baseline 0.003 -13"><span class='ocrx_word' id='word_1_109' title='bbox 351 3547 417 3610; x_wconf 80' lang='grc' dir='ltr'><strong>οὐ</strong></span> <span class='ocrx_word' id='word_1_110' title='bbox 464 3546 701 3622; x_wconf 71' lang='grc' dir='ltr'><strong><em>ταύτην</em></strong></span> <span class='ocrx_word' id='word_1_111' title='bbox 753 3546 986 3623; x_wconf 72' lang='grc' dir='ltr'><strong>λέγεις.</strong></span> 
     </span>
    </p>

    <p class='ocr_par' dir='ltr' id='par_1_9' title="bbox 351 3650 2745 4058">
     <span class='ocr_line' id='line_1_18' title="bbox 443 3650 2741 3729; baseline -0.003 -10"><span class='ocrx_word' id='word_1_112' title='bbox 443 3653 590 3720; x_wconf 91' lang='lat' dir='ltr'><strong>Non</strong></span> <span class='ocrx_word' id='word_1_113' title='bbox 653 3653 863 3719; x_wconf 90' lang='lat' dir='ltr'><strong>solum</strong></span> <span class='ocrx_word' id='word_1_114' title='bbox 928 3673 1078 3717; x_wconf 83' lang='lat' dir='ltr'><strong>eum</strong></span> <span class='ocrx_word' id='word_1_115' title='bbox 1141 3651 1380 3719; x_wconf 85' lang='lat' dir='ltr'><strong>Cobeto</strong></span> <span class='ocrx_word' id='word_1_116' title='bbox 1441 3651 1699 3716; x_wconf 82' lang='lat' dir='ltr'><strong>Platoni</strong></span> <span class='ocrx_word' id='word_1_117' title='bbox 1745 3651 2142 3716; x_wconf 88' lang='lat' dir='ltr'><strong>reddendum</strong></span> <span class='ocrx_word' id='word_1_118' title='bbox 2188 3656 2285 3716; x_wconf 88' lang='lat' dir='ltr'><strong>est</strong></span> <span class='ocrx_word' id='word_1_119' title='bbox 2333 3650 2741 3729; x_wconf 81' lang='grc' dir='ltr'><strong><em>πριόντων,</em></strong></span> 
     </span>
     <span class='ocr_line' id='line_1_19' title="bbox 353 3756 2745 3844; baseline -0.002 -20"><span class='ocrx_word' id='word_1_120' title='bbox 353 3759 462 3824; x_wconf 85' lang='lat' dir='ltr'><strong>sed</strong></span> <span class='ocrx_word' id='word_1_121' title='bbox 525 3761 723 3824; x_wconf 84' lang='lat' dir='ltr'><strong>etiam</strong></span> <span class='ocrx_word' id='word_1_122' title='bbox 784 3761 1053 3844; x_wconf 74' lang='lat' dir='ltr'><strong>requirit</strong></span> <span class='ocrx_word' id='word_1_123' title='bbox 1115 3761 1442 3844; x_wconf 78' lang='lat' dir='ltr'><strong>antiquior</strong></span> <span class='ocrx_word' id='word_1_124' title='bbox 1505 3756 1835 3823; x_wconf 83' lang='lat' dir='ltr'><strong>Graecitas</strong></span> <span class='ocrx_word' id='word_1_125' title='bbox 1899 3759 2173 3823; x_wconf 82' lang='lat' dir='ltr'><strong>formam</strong></span> <span class='ocrx_word' id='word_1_126' title='bbox 2232 3757 2601 3834; x_wconf 77' lang='grc' dir='ltr'><strong><em>ξούντων,</em></strong></span> <span class='ocrx_word' id='word_1_127' title='bbox 2668 3762 2745 3821; x_wconf 87' lang='lat' dir='ltr'><strong>ut</strong></span> 
     </span>
     <span class='ocr_line' id='line_1_20' title="bbox 353 3863 2743 3949; baseline -0.002 -19"><span class='ocrx_word' id='word_1_128' title='bbox 353 3865 576 3933; x_wconf 78' lang='lat' dir='ltr'><strong>docent</strong></span> <span class='ocrx_word' id='word_1_129' title='bbox 639 3865 982 3931; x_wconf 80' lang='lat' dir='ltr'><strong>titulorum</strong></span> <span class='ocrx_word' id='word_1_130' title='bbox 1055 3865 1419 3930; x_wconf 82' lang='lat' dir='ltr'><strong>Atticorum</strong></span> <span class='ocrx_word' id='word_1_131' title='bbox 1491 3863 1784 3949; x_wconf 83' lang='lat' dir='ltr'><strong>exempla</strong></span> <span class='ocrx_word' id='word_1_132' title='bbox 1847 3864 2017 3949; x_wconf 84' lang='lat' dir='ltr'><strong>apud</strong></span> <span class='ocrx_word' id='word_1_133' title='bbox 2079 3863 2743 3929; x_wconf 84' lang='lat' dir='ltr'><strong>Meisterhansium—</strong></span> 
     </span>
     <span class='ocr_line' id='line_1_21' title="bbox 351 3967 1120 4058; baseline 0 -22"><span class='ocrx_word' id='word_1_134' title='bbox 351 3970 807 4058; x_wconf 79' lang='lat' dir='ltr'><strong>Sehwyzerum</strong></span> <span class='ocrx_word' id='word_1_135' title='bbox 853 3993 917 4057; x_wconf 92' lang='lat' dir='ltr'><strong>p.</strong></span> <span class='ocrx_word' id='word_1_136' title='bbox 971 3967 1120 4036; x_wconf 83' lang='lat'><strong>176.</strong></span> 
     </span>
    </p>
   </div>
   <div class='ocr_carea' id='block_1_8' title="bbox 350 4186 2745 4594">
    <p class='ocr_par' dir='ltr' id='par_1_10' title="bbox 351 4186 2745 4375">
     <span class='ocr_line' id='line_1_22' title="bbox 439 4186 2745 4270; baseline -0 -18"><span class='ocrx_word' id='word_1_137' title='bbox 439 4189 510 4255; x_wconf 89' lang='lat' dir='ltr'><strong>P.</strong></span> <span class='ocrx_word' id='word_1_138' title='bbox 566 4187 694 4254; x_wconf 87' lang='lat'><strong>126</strong></span> <span class='ocrx_word' id='word_1_139' title='bbox 721 4188 796 4254; x_wconf 85' lang='lat' dir='ltr'><strong>E.</strong></span> <span class='ocrx_word' id='word_1_140' title='bbox 860 4188 1002 4262; x_wconf 78' lang='grc' dir='ltr'><strong>τοὺς</strong></span> <span class='ocrx_word' id='word_1_141' title='bbox 1065 4190 1126 4254; x_wconf 78' lang='grc' dir='ltr'><strong>δὲ</strong></span> <span class='ocrx_word' id='word_1_142' title='bbox 1193 4188 1596 4270; x_wconf 72' lang='grc' dir='ltr'><strong><em>δημιουργοὺς</em></strong></span> <span class='ocrx_word' id='word_1_143' title='bbox 1667 4191 1857 4255; x_wconf 71' lang='grc' dir='ltr'><strong><em>αὐτοῦ</em></strong></span> <span class='ocrx_word' id='word_1_144' title='bbox 1924 4188 2159 4266; x_wconf 84' lang='grc' dir='ltr'><strong><em>τούτου,</em></strong></span> <span class='ocrx_word' id='word_1_145' title='bbox 2209 4186 2395 4258; x_wconf 84' lang='grc' dir='ltr'><strong>τοὺς</strong></span> <span class='ocrx_word' id='word_1_146' title='bbox 2446 4186 2745 4268; x_wconf 71' lang='grc' dir='ltr'><strong><em>ζωγρά-</em></strong></span> 
     </span>
     <span class='ocr_line' id='line_1_23' title="bbox 351 4294 1114 4375; baseline 0.001 -17"><span class='ocrx_word' id='word_1_147' title='bbox 351 4300 591 4374; x_wconf 87' lang='grc' dir='ltr'><strong><em>φους,</em></strong></span> <span class='ocrx_word' id='word_1_148' title='bbox 640 4294 934 4375; x_wconf 72' lang='grc' dir='ltr'><strong><em>ἀτιμάζοι</em></strong></span> <span class='ocrx_word' id='word_1_149' title='bbox 985 4295 1114 4359; x_wconf 80' lang='grc' dir='ltr'><strong>κτὲ.</strong></span> 
     </span>
    </p>

    <p class='ocr_par' dir='ltr' id='par_1_11' title="bbox 350 4398 2745 4594">
     <span class='ocr_line' id='line_1_24' title="bbox 439 4398 2745 4486; baseline 0 -22"><span class='ocrx_word' id='word_1_150' title='bbox 439 4399 536 4464; x_wconf 87' lang='lat' dir='ltr'><strong>De</strong></span> <span class='ocrx_word' id='word_1_151' title='bbox 598 4421 774 4466; x_wconf 90' lang='lat' dir='ltr'><strong>more</strong></span> <span class='ocrx_word' id='word_1_152' title='bbox 837 4399 1114 4465; x_wconf 86' lang='lat' dir='ltr'><strong>formula</strong></span> <span class='ocrx_word' id='word_1_153' title='bbox 1177 4401 1328 4464; x_wconf 78' lang='grc' dir='ltr'><strong>αὐτὸ</strong></span> <span class='ocrx_word' id='word_1_154' title='bbox 1379 4404 1557 4466; x_wconf 81' lang='grc' dir='ltr'><strong><em>τοῦτο</em></strong></span> <span class='ocrx_word' id='word_1_155' title='bbox 1605 4403 1857 4486; x_wconf 87' lang='lat' dir='ltr'><strong>peperit</strong></span> <span class='ocrx_word' id='word_1_156' title='bbox 1900 4403 2568 4485; x_wconf 85' lang='lat' dir='ltr'><strong>interpretamentum.</strong></span> <span class='ocrx_word' id='word_1_157' title='bbox 2622 4398 2745 4465; x_wconf 87' lang='lat' dir='ltr'><strong>Vix</strong></span> 
     </span>
     <span class='ocr_line' id='line_1_25' title="bbox 350 4507 2295 4594; baseline 0.001 -22"><span class='ocrx_word' id='word_1_158' title='bbox 350 4509 521 4573; x_wconf 89' lang='lat' dir='ltr'><strong>enim</strong></span> <span class='ocrx_word' id='word_1_159' title='bbox 567 4509 923 4594; x_wconf 83' lang='lat' dir='ltr'><strong>genuinum</strong></span> <span class='ocrx_word' id='word_1_160' title='bbox 972 4508 1230 4575; x_wconf 83' lang='lat' dir='ltr'><strong>videtur</strong></span> <span class='ocrx_word' id='word_1_161' title='bbox 1276 4529 1666 4594; x_wconf 83' lang='lat' dir='ltr'><strong>epexegema</strong></span> <span class='ocrx_word' id='word_1_162' title='bbox 1713 4507 1856 4581; x_wconf 74' lang='grc' dir='ltr'><strong><em>τοὺς</em></strong></span> <span class='ocrx_word' id='word_1_163' title='bbox 1904 4507 2295 4588; x_wconf 71' lang='grc' dir='ltr'><strong>ζωγράφους.</strong></span> 
     </span>
    </p>
   </div>
  </div>
 </body>
</html>
