3392 5384
1419 436 1729 486 nonnus.
2642 420 2775 485 309

384 610 538 669 runt
610 605 930 690 magistri.
997 602 1287 689 Denique
1337 602 1424 669 30
1447 602 1542 685 (2)
1590 602 1696 669 vel
1742 602 2195 688 Interpolatori
2239 605 2434 669 nimis
2484 606 2780 691 ineptum

390 717 520 788 est,
583 712 709 775 nisi
770 710 1038 776 fortasse
1100 713 1424 797 scripserit
1469 712 1594 775 sic:
1647 710 2016 795 „Rescripsi
2062 707 2237 775 illis''
2292 710 2654 789 „dedidi,
2706 718 2782 777 ut

388 815 560 902 apud
610 816 849 903 Verg.’'
900 822 1071 896 cett„
1123 817 1237 881 ubi
1284 839 1397 903 pro
1451 816 1779 896 „diditur”
1828 814 1995 903 legit
2036 816 2399 897 „deditur”,
2450 817 2619 883 unde
2666 839 2781 904 pu-

387 925 556 988 tavit
607 925 944 1009 „rescripsi
988 922 1162 988 illis''
1214 922 1409 989 simul
1459 922 1851 1010 significare:
1898 926 2067 989 inter
2114 944 2221 989 eos
2272 925 2593 990 distribui.

370 1066 382 1072 ··
479 1029 553 1095 In
599 1035 961 1096 commento
1007 1033 1214 1117 igitur
1257 1030 1376 1095 hoc
1423 1037 1590 1095 erat:
1645 1029 2017 1108 „Rescribi”
2067 1030 2281 1110 reddi;
2334 1032 2634 1117 quoniam
2674 1030 2779 1095 ad-

392 1124 902 1202 numerationem
946 1186 960 1203 .
991 1185 1048 1203 ..
1093 1137 1323 1223 quibus
1372 1137 1565 1202 debui
1580 1134 1648 1201 ?''
1698 1135 1927 1201 Editor
1963 1140 2106 1201 tum
2146 1136 2509 1223 supplevit:
2561 1137 2782 1216 „Haec

258 1256 262 1261 ’
391 1249 487 1308 est
546 1264 698 1329 ergo
748 1291 762 1308 .
794 1292 808 1309 .
838 1291 853 1309 .
905 1244 1236 1322 sumunt”,
1300 1243 1718 1329 adiunxitque
1780 1242 1895 1324 (3).
2036 1242 2320 1338 Tandem
2381 1242 2781 1330 Compilator

390 1371 467 1414 ex
513 1352 805 1435 margine
850 1352 1123 1416 inseruit
1171 1349 1457 1429 „scilicet
1501 1372 1564 1436 p.
1606 1371 1694 1415 m.
1739 1371 1791 1415 s.
1833 1349 1998 1415 scr.’'
2049 1352 2116 1414 in
2158 1349 2273 1432 (1).
2414 1349 2514 1416 Ad
2554 1370 2650 1418 vs.
2694 1348 2781 1417 30
2892 1369 2909 1393 ‘

393 1454 679 1521 Donatus
725 1458 1012 1523 vacabat.

485 1561 643 1627 Ibid.
697 1561 783 1627 50
852 1561 1033 1652 Chr.
1083 1562 1319 1628 Nullus
1367 1584 1512 1628 sum
1565 1612 1579 1628 .
1611 1611 1624 1628 .
1656 1610 1671 1627 .
1722 1561 2030 1647 Sepultus
2076 1582 2224 1627 sum

486 1668 836 1755 „Sepultus
899 1670 1088 1735 sum’'
1141 1669 1418 1748 αὔξησις.
1555 1668 1661 1735 Sic
1707 1668 1870 1736 Don.
1921 1668 2188 1735 Addidit
2232 1668 2387 1735 Ea:
2438 1685 2588 1735 nam
2636 1669 2782 1755 plus

391 1780 487 1841 est
532 1797 726 1862 quam
772 1776 990 1869 nullus
1037 1798 1205 1843 sum.

481 1882 643 1950 Ibid.
697 1882 784 1949 60
809 1883 904 1966 (2)
975 1885 1239 1970 Proprie
1285 1882 1606 1949 militibus
1651 1882 2105 1949 adscribuntur
2152 1882 2427 1962 „facta''.
2565 1881 2778 1953 Schol-

391 1995 784 2075 suspectum.

439 2106 444 2111 ’
481 2095 642 2163 Ibid.
695 2094 778 2161 95
849 2096 993 2162 Nisi
1039 2098 1348 2182 sequitur,
1399 2116 1653 2181 pugnos
1699 2096 1767 2160 in
1814 2101 2105 2161 ventrem
2151 2098 2376 2182 ingere
2461 2167 2463 2169 ,

481 2204 576 2285 (1)
624 2201 879 2267 Urbane
929 2205 1035 2282 „in
1082 2201 1416 2269 ventrem''
1460 2204 1645 2296 quasi
1683 2204 1981 2288 parasito.
2120 2201 2213 2287 (2)
2240 2202 2352 2272 ‚An
2396 2201 2777 2280 „ventrem”

390 2313 602 2375 totum
649 2311 1005 2396 parasitum
1055 2308 1242 2387 dicit,
1293 2314 1368 2373 ut
1413 2307 1706 2373 Lucilius
1746 2306 2126 2373 insecundo
2172 2310 2421 2385 „vivite
2461 2307 2777 2387 lurcones,

390 2415 794 2493 comedones,
865 2417 1068 2481 vivite
1139 2419 1395 2482 ventres
1411 2410 1478 2477 2¹⁹
1637 2412 1733 2495 (3)
1804 2400 1927 2478 An'
1974 2406 2373 2499 simpliciter,
2444 2416 2595 2500 quia
2667 2417 2780 2501 qui

389 2524 628 2589 restitit
671 2543 786 2587 nec
831 2525 1124 2609 sequitur
1169 2520 1340 2587 collo
1388 2520 1749 2586 trahentem
1798 2520 2050 2585 obtorto
2068 2570 2085 2601 ,
2126 2520 2480 2605 repandum
2518 2542 2585 2587 se
2626 2521 2781 2587 facit

392 2636 458 2695 et
505 2636 797 2695 ventrem
842 2631 1107 2715 proicit,
1158 2650 1308 2695 cum
1353 2630 1422 2693 in
1470 2631 1765 2695 ventrem
1811 2626 2060 2719 feritur,
2110 2628 2309 2692 currit
2343 2632 2409 2693 et
2447 2625 2779 2713 sequitur?
2906 2676 2911 2684 .

480 2736 808 2803 Particula
857 2736 1043 2815 „An”
1092 2737 1169 2802 ab
1214 2737 1402 2802 initio
1445 2734 1640 2801 schol.
1683 2733 1780 2817 (2)
1817 2733 2039 2820 procul
2079 2733 2273 2799 dubio
2312 2754 2349 2799 a
2388 2733 2778 2801 dormitante

391 2844 820 2932 Compilatore
859 2844 992 2925 (vel
1028 2845 1290 2911 librario
1307 2841 1358 2925 2)
1395 2846 1634 2909 inserta
1673 2848 1770 2909 est
1808 2842 1886 2908 ad
1917 2841 2289 2928 exemplum
2313 2844 2637 2927 sequentis
2658 2840 2775 2924 (3).

389 2952 648 3017 Etenim
697 2951 793 3033 (2)
845 2972 972 3017 non
1021 2954 1362 3037 opponitur
1407 2948 1812 3035 praecedenti
1858 2948 2134 3028 scholio,
2184 2947 2294 3013 sed
2343 2947 2618 3033 explicat
2665 2970 2780 3014 cur

388 3063 681 3124 venter
743 3058 1063 3137 „urbane”
1106 3060 1172 3135 ¹i.
1200 3079 1254 3123 e.
1317 3056 1565 3141 lepide,
1631 3057 1708 3121 cf.
1775 3076 1968 3142 supra
2013 3078 2075 3141 p.
2127 3054 2260 3121 304
2308 3055 2387 3120 ad
2430 3054 2527 3121 III
2574 3054 2637 3121 2.
2666 3054 2785 3134 4οΪ

391 3170 738 3250 usurpatus
797 3185 931 3229 esse
996 3162 1264 3229 dicatur.
1405 3162 1478 3228 In
1527 3162 1625 3241 (3)
1671 3161 2207 3247 deprehendimus
2253 3160 2617 3239 Editorem,
2666 3164 2779 3247 qui

394 3274 630 3338 mentis
702 3273 872 3349 acie,
944 3291 1070 3355 qua
1137 3290 1263 3333 non
1327 3273 1531 3345 caret,
1597 3268 1911 3343 abutitur,
1978 3272 2054 3331 ut
2115 3287 2331 3352 saepe,
2397 3269 2467 3332 in
2514 3272 2813 3353 argutas·

391 3380 817 3444 enarrationes
865 3378 1058 3442 nimis
1104 3375 1300 3461 longe
1349 3375 1698 3439 arcessitas.

488 3592 542 3659 V
592 3592 654 3659 9.
685 3591 770 3657 59
843 3590 942 3655 'I'u
991 3596 1181 3655 tuum
1227 3607 1463 3653 nomen
1510 3585 1610 3651 dic
1659 3584 1815 3672 quid
1861 3586 1965 3650 sit.
2037 3584 2173 3650 Ph.
2218 3584 2524 3651 Phormio

489 3702 586 3783 (1)
649 3700 820 3764 Bene
885 3698 1050 3762 dixit
1111 3694 1309 3774 „tu'':
1371 3695 1636 3758 interim
1697 3694 2071 3779 pronomine
2131 3693 2359 3772 utitur,
2425 3692 2594 3778 quod
2654 3714 2781 3759 nou

394 3808 589 3874 habet
650 3825 902 3871 nomen.
1041 3801 1136 3883 (2)
1199 3802 1302 3867 An
1363 3802 1798 3886 potentiorum
1855 3798 2372 3865 blandimentum
2416 3800 2581 3865 circa
2626 3800 2781 3866 inse-

393 3916 591 3978 riores
638 3911 766 3976 fuit
812 3909 930 3973 hoc
952 3957 967 3986 ,
1017 3914 1091 3973 ut
1135 3909 1396 3973 nomina
1442 3927 1664 3972 eorum
1714 3912 2089 3992 quaererent
2134 3911 2198 3971 et
2244 3926 2393 3971 cum
2433 3904 2778 3986 audissent,

397 4020 555 4103 ipsis
603 4016 973 4081 nominibus
1021 4036 1126 4081 eos
1175 4012 1630 4100 compellarent
1675 4010 1943 4079 statim?
1990 4012 2095 4094 (cf.
2147 4033 2243 4078 vs.
2297 4011 2430 4093 61).
2486 4011 2638 4080 'Pale
2684 4019 2782 4080 est

335 4124 340 4129 “
393 4126 460 4188 in
522 4123 642 4189 Ad.
712 4125 866 4209 „qui
925 4119 1190 4188 vocare?
1257 4158 1338 4171 —
1393 4118 1653 4211 (Geta)
1707 4159 1791 4171 —
1857 4118 2055 4199 Geta,
2119 4118 2448 4184 hominem
2509 4122 2783 4185 maximi

438 4230 601 4295 reti”
654 4234 773 4295 etc.

391 4254 433 4317 p
485 4337 559 4403 In
609 4335 705 4417 (2)
750 4334 952 4400 lector
999 4334 1420 4400 admirabitur
1464 4335 1776 4397 nimirum
1824 4330 2109 4397 Editoris
2157 4352 2424 4396 acumen
2470 4336 2535 4397 et
2572 4332 2780 4398 erudi-

395 4447 669 4521 tionem,
720 4464 846 4507 non
895 4440 1061 4507 male
1110 4462 1277 4505 nunc
1325 4440 1434 4505 sed
1473 4439 1989 4505 commodissime
2030 4436 2348 4515 adhibita,
2390 4437 2499 4503 sed
2538 4437 2782 4505 desinet

396 4554 648 4630 mirari,
691 4551 745 4615 si
784 4547 1018 4635 legerit
1056 4550 1258 4633 ipsius
1299 4546 1533 4613 Donati
1573 4546 2043 4613 adnotationem
2086 4544 2164 4610 ad
2202 4543 2639 4630 Adelphorum
2662 4544 2777 4624 l.l.,
