3392 5384
641 386 774 455 2-'72
1054 472 1058 474 ‚
1589 406 2090 457 Ams‘rornsnns.

728 570 984 640 Codicis
1031 569 1162 655 V1)
1212 571 1532 649 scholion,
1583 572 1751 658 quod
1798 572 1877 637 ad
1925 594 2149 639 vocem
2195 573 2483 638 Αἰτναῖον
2524 576 2835 661 pertinet,
2878 576 3032 642 haec

639 679 867 746 habet:

733 784 1136 864 ὑπερμεγέθη.
1185 782 1483 863 μέγιστον
1535 784 1661 866 γάρ
1709 782 1835 865 ὅρος
1885 788 1918 861 ἦ
1966 783 2176 859 Αἴτνη.
2221 784 2256 860 ἢ
2295 782 2386 851 ὅτι
2437 784 2708 867 διάφοροι
2752 786 3036 868 κάνθαροι

640 892 770 956 ἐκεῖ
812 894 1212 971 εὑρίσκονται.
1293 940 1306 949 -

729 996 963 1071 ἄλλως.
1011 1000 1285 1076 μεγάλοι
1339 998 1630 1075 λε’γονται
1683 994 1836 1063 εἶναι
1884 999 2052 1062 κατα
2102 999 2211 1073 τὴν
2259 997 2485 1072 Αἴτνην
2539 998 2843 1080 κάνθαροι.
2884 1024 3045 1078 μαρ-

638 1110 878 1185 τυροῦσι
906 1104 960 1185 ²)
1021 1104 1082 1169 δὲ
1147 1105 1197 1170 οἱ
1264 1105 1596 1186 ἐπιχώριοι.
1660 1107 2062 1187 Ἐπίχαρμος
2130 1105 2187 1167 ἐν
2256 1108 2558 1186 Ἡρακλεῖ
2615 1108 2697 1186 τῷ
2764 1105 2866 1170 ἐπὶ
2935 1106 3041 1171 τὸν

641 1211 953 1294 ζωστῆρα·

821 1317 1201 1397 πυγμαρΓνι
1253 1318 1539 1398 λοχαγὸς
1591 1318 1656 1381 ἐκ
1708 1324 1823 1383 τῶν
1871 1316 2179 1398 κανθάρων

821 1429 936 1490 τῶν
982 1424 1294 1506 μειζόνων,
1344 1420 1446 1497 οὓς
1493 1425 1657 1509 Φασί
1710 1427 1819 1499 τὴν
1872 1423 2097 1499 Αἴτνην
2146 1423 2336 1506 ἔχειν.

729 1532 947 1613 τρόπον
993 1530 1056 1595 δέ
1103 1556 1240 1597 τινα
1291 1531 1394 1596 καί
1447 1531 1771 1612 Αἰσχύλος
1820 1532 2179 1615 ἐπιχώριος·
2246 1532 2423 1610 λέγει
2453 1530 2504 1614 ³)
2554 1532 2614 1597 δὲ
2666 1533 2725 1597 ἐν
2777 1532 3039 1616 Σισύφῳ

638 1648 1116 1722 πετροκυλιστῇ·
2104 1724 2113 1731 ·
2288 1640 2302 1656 ⁸
2362 1650 2369 1655 ’

819 1747 1110 1819 Αἰτναῖός
1158 1746 1288 1811 ἐστι
1335 1744 1630 1827 κάνθαρος
1675 1746 1794 1828 βία
1845 1754 2036 1812 πονῶν
2063 1744 2136 1829 ⁴).

642 1860 970 1935 Σοφοκλῆς
1019 1852 1356 1933 Δαιδάλῳ·

820 1961 971 2025 ἀλλ’
1020 1961 1152 2025 οὐδὲ
1200 1960 1312 2035 μὲν
1361 1957 1440 2024 ἂν
1488 1958 1784 2040 κάνθαρος
1832 1965 1947 2025 τῶν
1996 1961 2301 2026 Αἰτναίων
2352 1959 2617 2026 πάντων.

639 2067 816 2153 λέγει
866 2066 925 2132 δὲ
977 2067 1192 2132 πάντα
1241 2066 1494 2148 εἰκάζων
1543 2066 1632 2140 εἰς
1679 2065 1915 2144 μέγαν.
1964 2068 2234 2133 Πλάτων
2282 2068 2342 2131 ἐν
2390 2070 2706 2146 Ἑορταῒς·

820 2176 900 2246 ὥς
939 2172 1117 2252 με’γα
1155 2172 1363 2251 μέντοι
1405 2173 1570 2239 πάνυ
1596 2172 1649 2254 ⁵)
1689 2175 1798 2248 την
1838 2170 2064 2248 Αἴτνην
2106 2170 2230 2255 όρος
2273 2169 2431 2241 εἷναί
2452 2182 2637 2253 Φασι,
2664 2172 3029 2251 τεκμαίροιο·

820 2277 959 2345 ἔνθα
987 2278 1038 2361 ⁶)
1079 2280 1411 2359 τρέφεσθαι
1453 2281 1573 2353 τοὶς
1616 2280 1984 2363 κανθαρίδας
2025 2288 2141 2347 τῶν
2182 2282 2499 2361 άνθρώπων
2537 2280 2728 2358 λόγος
2772 2278 2939 2344 ε’στίν

819 2387 986 2452 οὐδὲν
1036 2388 1353 2457 ἐλάττους.

731 2492 764 2569 ἢ
829 2494 965 2559 άντί
1034 2498 1138 2558 τοῦ
1183 2492 1393 2571 μέγαν
1442 2496 1521 2566 ὥς
1569 2496 1679 2569 την
1731 2495 1973 2568 Αἴτνην.
2027 2494 2058 2569 ἢ
2112 2488 2202 2558 ὅτι
2248 2496 2300 2560 οἱ
2352 2494 2629 2559 Αἰτναῒοι
2673 2490 2848 2559 ἵπποι
2898 2492 3028 2556 δια-

638 2599 850 2678 βόητοι
900 2600 1004 2664 καὶ
1052 2600 1154 2665 τὸν
1203 2599 1416 2682 δρόμον
1464 2598 1814 2678 ἀξιόλογοι,
1865 2601 1969 2665 καί
2021 2601 2105 2665 τά
2149 2598 2337 2680 ζεύγη
2382 2602 2678 2673 ἐπαίνετα
2708 2598 2790 2679 ²)·
2821 2601 3023 2674 <ὦς>

638 2709 744 2772 καὶ
794 2705 1085 2787 Πίνδαρός
1135 2715 1326 2787 Φησι·

820 2812 968 2878 ἄλλ’
1018 2814 1143 2879 άπὸ
1189 2824 1303 2887 τῆς
1351 2813 1803 2894 άγλαοκάρπου
1855 2814 2152 2886 Σικελίας
2198 2811 2441 2893 ὄχημα.

725 2918 916 2986 Varia
975 2922 1181 3006 igitur
1241 2923 1311 2985 in
1371 2919 1614 2987 scholio
1677 2920 1870 2986 allata
1931 2925 2084 2986 sunt
2142 2921 2510 2986 testimonia
2528 2968 2545 2998 ‚
2600 2920 2913 2987 omissum
2961 2919 3029 2985 id

637 3026 805 3113 qnod
850 3048 999 3114 prae
1047 3030 1275 3093 ceteris
1321 3028 1399 3093 ad
1449 3050 1587 3094 rem
1633 3029 1820 3094 facit:
1868 3026 2059 3114 Soph.
2112 3026 2265 3093 Oed.
2308 3025 2379 3094 O.
2423 3022 2576 3105 312,
2616 3028 2731 3092 ubi
2769 3031 3027 3092 Aetnaeo

635 3133 892 3198 iumento
938 3134 1262 3221 Antigone
1309 3136 1459 3201 vehi
1507 3135 1765 3201 dicitur.
1822 3135 2028 3215 Quem
2078 3155 2340 3201 versum
2388 3133 2634 3199 dudum
2680 3131 3027 3201 laudarunt

635 3242 1014 3326 interpretes
1077 3244 1479 3308 recentiores,
1543 3239 1769 3327 Inepta
1830 3247 2050 3307 eutem
2114 3240 2490 3327 explicatio:
2553 3244 2916 3319 „Aemaeum
2960 3240 3029 3305 id

637 3348 805 3433 quod
851 3372 1123 3430 maynum
1167 3349 1528 3436 significare
1548 3398 1564 3429 ,
1612 3370 1929 3437 mag-num
1977 3351 2149 3414 enim
2198 3369 2333 3414 esse
2378 3348 2652 3414 Aetnam
2691 3347 3024 3414 montem''

704 3630 759 3695 1)
786 3628 1078 3679 Ravennatis
1111 3627 1324 3678 scholion
1360 3627 1475 3677 haec
1509 3626 1610 3677 sola
1642 3625 1785 3677 habet
1814 3626 1865 3676 in
1900 3624 2071 3675 ultima
2101 3608 2300 3692 paginae
2331 3626 2414 3674 94*
2430 3642 2516 3677 ors
2545 3624 2733 3677 attritu
2771 3622 3023 3675 υΑἰτναῗοι

635 3710 881 3775 κάνθαροι·
927 3709 1150 3768 (ἐπειδή
1187 3727 1364 3769 mvsa>
1409 3708 1630 3773 μεγάλοι
1669 3708 1911 3773 λέγονται
1950 3702 2075 3758 εἶναι
2116 3710 2253 3757 κατὰ
2294 3708 2386 3766 τῆν
2426 3707 2609 3767 ΑἸτνην
2636 3706 2877 3771 κάνθαροι.
2906 3726 3025 3771 μαρ-

635 3798 840 3859 τυροῦσι
889 3792 943 3844 δὲ
989 3795 1042 3843 οἱ
1070 3790 1364 3857 ἔπιχώριοι”
1399 3822 1466 3831 -
1500 3792 1686 3843 omissis
1723 3792 2011 3842 testimoniis
2045 3796 2315 3857 poetarum,
2347 3792 2523 3842 omissa
2556 3792 2703 3841 etiam
2735 3791 2941 3857 simplici
2976 3795 3025 3841 et

634 3895 750 3930 vera
781 3878 875 3928 loci
911 3878 1254 3943 explicatione,
1291 3892 1434 3943 quam
1471 3876 1568 3925 ism
1605 3875 1925 3927 laudavimus.
1960 3874 2120 3936 Quam
2157 3874 2304 3923 fallax
2340 3880 2501 3924 autem
2538 3874 2661 3923 foret
2696 3874 2815 3924 haec
2848 3874 3024 3924 mentio

632 3967 729 4010 τῶν
763 3959 1056 4024 ἐπιχωρίων,
1091 3960 1181 4009 nisi
1217 3960 1391 4009 collato
1425 3959 1605 4009 scholio
1639 3958 1815 4007 codicis
1854 3957 1893 4005 V
1927 3962 2083 4023 posset
2114 3957 2300 4006 ostendi
2328 3957 2441 4021 quid
2481 3956 2570 4007 sibi
2607 3955 2786 4006 vellent
2821 3956 2960 4007 verbs
2994 3973 3020 4007 e

629 4049 853 4096 contextu
889 4044 998 4094 rudi
1035 4058 1178 4094 manu
1212 4043 1396 4094 evulsaz
1434 4044 1491 4091 de
1526 4040 1699 4091 Siculis
1735 4041 1964 4091 nimirum
1994 4040 2153 4106 poetis
2187 4039 2466 4106 quibusdam
2502 4038 2603 4089 fleri
2639 4055 2921 4115 sermonem.

702 4136 758 4199 2)
792 4116 902 4197 μαῖ
932 4136 1094 4185 codex.

700 4220 757 4285 8)
792 4216 1005 4281 λέγεται
1039 4218 1199 4267 codex.

699 4302 757 4367 4)
791 4302 944 4350 πόνων
977 4302 1138 4352 codex.

701 4385 755 4448 5)
789 4383 866 4432 Sic
902 4383 1144 4443 Meineke,
1181 4380 1344 4433 πάλαι
1379 4382 1542 4433 codex.

699 4472 753 4533 e)
787 4472 865 4521 sic
882 4471 1030 4521 Cobet
1059 4493 1072 4531 ;
1110 4473 1254 4522 codex
1290 4471 1432 4521 habet
1467 4448 1722 4535 ὅδ’(νοεν).

699 4552 755 4621 7)
788 4554 865 4602 Sic
897 4553 1063 4619 scripsi
1097 4570 1184 4620 pro
1219 4550 1488 4603 ἔπαίνετοι.
