3392 5384
1474 409 1768 461 rno‘rms.
2679 392 2812 459 251

421 584 635 645 tamen
684 577 855 643 haud
904 576 1171 664 indigna
1216 597 1375 661 quae
1421 577 1525 642 hic
1575 581 2014 661 proponantur
2061 614 2144 625 -
2193 578 2364 663 grati
2403 581 2571 642 certe
2609 578 2846 645 animi·

418 687 885 751 testimonium.
1144 671 1149 678 ’

506 790 759 876 Scripto
796 810 957 875 quae
995 788 1450 855 mandaveram
1488 793 1832 875 postquam
1872 811 2021 855 cum
2059 789 2339 868 Nabero,
2382 792 2587 856 amico
2628 812 2813 857 vene·

415 895 639 973 rabili,
707 898 1211 970 communicavi,
1277 896 1383 960 hic
1430 898 1673 981 insigni
1723 902 1788 961 et
1835 916 1988 961 vere
2037 918 2151 962 sua
2197 898 2500 961 comitate
2549 897 2818 963 fruenda

414 1004 579 1068 mihi
644 1005 941 1088 permisit
1000 1023 1161 1087 quae
1223 1000 1417 1079 olim,
1482 1024 1631 1067 cum
1693 1004 1764 1067 in
1828 1001 2050 1071 Photii
2096 1001 2299 1068 lexico
2347 1002 2588 1069 edendo
2637 1009 2814 1069 totus

411 1115 582 1187 erat,
649 1109 728 1174 ad
794 1115 1052 1174 sextum
1117 1102 1399 1173 Bekkeri
1457 1107 1746 1187 lexicon,
1798 1111 1904 1174 cui
1949 1128 2190 1174 novum
2244 1108 2678 1196 fragmentum
2731 1112 2815 1175 si-

412 1214 769 1280 millimum
831 1220 962 1292 est,
1027 1216 1383 1281 annotavit.
1447 1213 1571 1281 Oui
1631 1230 1771 1300 pro¹
1813 1219 1990 1280 tanto
2038 1214 2343 1281 beneficio
2389 1215 2834 1289 libentissime,

414 1328 478 1387 et
526 1342 603 1387 ex
650 1322 851 1386 animi
900 1323 1216 1387 sententia
1265 1341 1388 1406 ago
1436 1323 1702 1407 gratias.

506 1425 739 1491 Multis
780 1432 998 1492 autem
1039 1425 1271 1513 glossis
1308 1426 1478 1492 locos
1519 1433 1856 1512 poetarum
1897 1430 2370 1513 scriptorumve
2394 1419 2811 1513 pedestrium,

417 1534 584 1599 unde
655 1534 986 1599 desumtae
1052 1538 1239 1610 sunt,
1314 1532 1650 1621 adscripsit
1710 1533 1944 1613 Naber,
2007 1533 2164 1599 alios
2228 1534 2456 1599 addere
2516 1542 2807 1619 poteram

412 1640 744 1726 equidem;
790 1640 900 1706 sed
948 1640 1100 1705 haec
1146 1661 1319 1705 nunc
1365 1643 1430 1704 in
1470 1643 1724 1729 scriniis
1764 1662 1981 1718 serv0,
2024 1643 2329 1726 quoniam
2369 1640 2804 1707 Reitzenstein

412 1746 705 1813 consulto
764 1749 832 1810 in
895 1746 1013 1811 hac
1078 1745 1421 1825 προεκδόσει
1484 1746 1651 1811 nihil
1713 1744 2031 1812 eiusmodi
2078 1751 2628 1814 commemoravit.
2679 1748 2804 1828 Qui

410 1856 607 1918 etiam
654 1852 899 1930 multa,
946 1874 1107 1938 quae
1152 1855 1221 1917 in
1268 1854 1649 1940 fragmentis
1696 1856 1829 1919 iam
1869 1855 2136 1919 antebac
2173 1857 2451 1941 cognitis
2491 1875 2528 1920 a
2567 1856 2806 1921 criticis

411 1966 563 2025 sunt
611 1959 979 2038 emendata,
1028 1981 1434 2045 quascunque
1482 1961 1560 2025 ob
1608 1982 1829 2027 causas
1874 1962 2076 2026 sciens
2124 1962 2362 2050 omisit.

504 2174 657 2263 6,1.
723 2213 807 2223 -—
870 2172 1109 2239 Vocem
1156 2171 1339 2249 ἄβιος
1387 2172 1697 2257 Antiphon
1747 2174 1953 2239 fertur
1999 2177 2092 2239 ita
2139 2173 2500 2241 adhibuisse
2546 2182 2621 2239 ut
2669 2178 2808 2253 „in-

415 2282 704 2348 tensiva”
770 2286 936 2347 esset
998 2282 1098 2346 vi's
1162 2280 1451 2368 syllabae
1498 2282 1588 2357 ἄη
1640 2280 2185 2366 quemadmodum
2234 2281 2624 2347 adiectivum
2674 2281 2810 2347 Ho-

409 2391 725 2453 mericum
787 2384 1011 2462 ἄξυλον
1069 2394 1249 2451 erant
1310 2389 1421 2472 qui
1484 2386 1828 2463 πολύξυλον
1891 2389 2483 2470 interpretarentur.
2555 2387 2798 2452 Eadem

402 2495 720 2582 ‘leguntur
756 2492 925 2579 apud
968 2494 1566 2577 Harpocrationem,
1612 2500 1676 2558 et
1713 2493 1882 2578 apud
1924 2494 2329 2580 Hesychium
2367 2494 2522 2559 haec
2546 2500 2797 2580 extant:

410 2600 626 2676 ἄβιος·
678 2599 1001 2677 πλούσιος,
1051 2601 1129 2670 ὥς
1178 2603 1577 2677 Ἀντιφῶν
1625 2598 1698 2663 ἐν
1749 2601 2146 2683 Ἀληθείᾳ.

498 2708 625 2771 Hic
671 2707 895 2772 haereo
916 2754 933 2785 ,
980 2708 1286 2791 quoniam
1326 2704 1629 2771 credibile
1666 2726 1794 2771 non
1833 2705 2094 2771 videtur
2135 2707 2598 2799 Antiphontem
2643 2728 2793 2773 voce

405 2818 538 2878 tam
588 2812 848 2878 insolita
893 2818 956 2877 et
1004 2834 1040 2877 a
1087 2812 1367 2878 dictione
1405 2813 1621 2878 Attica
1662 2812 1857 2899 longe
1896 2819 2145 2878 remota
2185 2833 2316 2879 esse
2352 2835 2566 2882 usum.
2615 2813 2797 2893 Quod

405 2925 623 2985 autem
684 2920 1009 2985 confertur
1069 2919 1464 2984 adiectivum
1522 2919 1750 3001 epicum
1796 2918 2063 2998 ἄξυλος,
2114 2941 2237 2984 non
2287 2920 2442 2985 sinit
2487 2920 2804 3009 vulgatis-

406 3023 569 3091 simo
634 3026 921 3090 adhibito
982 3026 1266 3090 remedio
1333 3027 1641 3091 substitui
1705 3025 1992 3102 εὔβιος
2055 3025 2161 3092 vel
2226 3024 2523 3105 ἔμβιος
2595 3027 2793 3113 (quod
2880 3076 2888 3083 -

405 3132 559 3197 alibi
626 3131 795 3216 apud
857 3130 1433 3216 Harpocrationem
1481 3154 1557 3196 ex
1606 3133 2005 3217 Antiphonte
2054 3132 2187 3209 περὶ
2239 3134 2570 3207 ’Λληθείας
2619 3134 2662 3198 οὶ
2711 3134 2798 3199 af-

402 3237 653 3316 fertur).
702 3235 924 3321 Itaque
968 3258 1089 3300 non
1139 3258 1401 3322 possum
1447 3259 1574 3301 non
1622 3240 1934 3322 suspicari
1982 3220 2214 3303 nomen
2257 3242 2587 3324 proprium
2636 3243 2798 3306 vitio

401 3342 689 3409 laborare
727 3346 1023 3419 vetusto,
1065 3363 1192 3407 non
1234 3344 1405 3408 enim
1449 3345 1906 3424 Ἀντιφ(ῶντ
1932 3350 2001 3423 α)
2051 3345 2125 3407 ἐν
2175 3346 2552 3427 Ἀληθείᾳ
2602 3346 2800 3411 fuisse

404 3471 552 3515 eum
602 3451 713 3534 qui
760 3449 1103 3516 Homerico
1151 3450 1402 3514 nomini
1450 3449 1610 3529 ἆβίῳ
1658 3452 1895 3514 miram
1942 3448 2124 3513 illam
2176 3451 2487 3515 tribueret
2528 3456 2801 3537 potesta·

402 3563 572 3633 tem,
636 3556 748 3621 sed
810 3554 1360 3637 Ἀντί·μ(αχον)
1424 3556 1498 3619 ἐν
1562 3570 1606 3618 ἃ
1668 3560 1808 3627 τῆς
1864 3543 2307 3633 Θηβαΐδοὶς.
2356 3556 2411 3621 Ε
2459 3579 2584 3643 quo
2625 3556 2791 3624 libro

399 3667 463 3727 et
525 3662 918 3739 βασιλεύτωρ
985 3668 1050 3727 et
1096 3661 1304 3735 Τύδης
1355 3668 1419 3726 et
1467 3662 1689 3733 Κάνθος
1738 3662 1910 3747 apud
1958 3664 2416 3748 grammaticos
2460 3662 2654 3729 allata
2701 3685 2793 3728 re-

400 3771 757 3854 periuntur.
827 3768 1205 3833 Homericam
1274 3774 1493 3833 autem
1567 3789 1790 3833 vocem
1861 3768 2030 3853 quod
2101 3768 2290 3834 modo
2360 3767 2648 3834 dicebam
2721 3771 2791 3835 τὸ

403 3873 603 3953 ἄβιον,
652 3896 777 3940 non
825 3882 923 3940 est
971 3874 1333 3960 periculum
1383 3894 1462 3939 ne
1508 3873 1795 3953 refellar3
1840 3896 1987 3939 nam
2030 3876 2224 3961 probe
2265 3877 2566 3941 novimus
2605 3895 2798 3960 quan-

404 3984 620 4065 topere
665 4001 889 4047 versus
932 3980 1034 4045 illi

674 4092 904 4151 Μυσῶν
950 4089 1006 4150 τ’
1054 4085 1458 4166 ἀγχιμαὶχων
1509 4086 1611 4149 xx>
1663 4088 1919 4163 ἀγαυῶν
1969 4089 2415 4163 Ἱππημολγῶν

671 4192 1153 4272 γλακτοφάγων
1204 4194 1435 4269 ’ΛβΙων
1475 4217 1545 4257 τε
1586 4193 1992 4257 δικαιοτάτων
2039 4195 2355 4271 ἀνθρώπων
2398 4200 2485 4273 (N
2517 4193 2555 4258 5
2583 4202 2704 4279 sq.)

394 4298 553 4365 olim
604 4301 901 4364 torserint
945 4302 1361 4384 interpretes;
1413 4300 1528 4364 ubi
1576 4306 1756 4365 erant
1804 4302 1915 4385 qui
1963 4306 2108 4366 ante
2155 4301 2472 4379 ἀνθρώπων
2525 4304 2794 4367 tertium

396 4431 465 4479 τε
506 4409 885 4484 insererent,
928 4428 1042 4491 pro
1082 4409 1339 4472 nomine
1379 4409 1634 4492 proprio
1675 4408 1978 4473 habentes
2014 4429 2238 4474 vocem
2272 4390 2580 4487 ΤΑγᾶυῶν,
2609 4430 2792 4475 voces

395 4519 613 4580 autem
664 4514 1079 4592 ἱππημολγῶν
1130 4520 1194 4580 et
1240 4513 1437 4593 ἀβίων
1480 4536 1593 4600 pro
1641 4514 1994 4583 adiectivis.
2067 4514 2275 4597 Quam
2321 4518 2783 4602 interpretandi
