<?xml version="1.0" encoding="UTF-8"?>
<!DOCTYPE html PUBLIC "-//W3C//DTD XHTML 1.0 Transitional//EN"
    "http://www.w3.org/TR/xhtml1/DTD/xhtml1-transitional.dtd">
<html xmlns="http://www.w3.org/1999/xhtml" xml:lang="en" lang="en">
 <head>
  <title>
</title>
<meta http-equiv="Content-Type" content="text/html;charset=utf-8" />
  <meta name='ocr-system' content='tesseract 3.04.00' />
  <meta name='ocr-capabilities' content='ocr_page ocr_carea ocr_par ocr_line ocrx_word'/>
</head>
<body>
  <div class='ocr_page' id='page_1' title='image "./mnemosynebiblio13servgoog_0351.png"; bbox 0 0 3392 5384; ppageno 0'>
   <div class='ocr_carea' id='block_1_1' title="bbox 1436 402 2750 475">
    <p class='ocr_par' dir='ltr' id='par_1_1' title="bbox 1436 402 2750 475">
     <span class='ocr_line' id='line_1_1' title="bbox 1436 402 2750 475; baseline -0.002 0"><span class='ocrx_word' id='word_1_1' title='bbox 1436 422 1690 475; x_wconf 72' lang='lat' dir='ltr'>numus.</span> <span class='ocrx_word' id='word_1_2' title='bbox 2617 402 2750 472; x_wconf 77' lang='lat'>339</span> 
     </span>
    </p>
   </div>
   <div class='ocr_carea' id='block_1_2' title="bbox 363 591 2774 3429">
    <p class='ocr_par' dir='ltr' id='par_1_2' title="bbox 363 591 2757 769">
     <span class='ocr_line' id='line_1_2' title="bbox 363 591 2757 677; baseline -0.001 -18"><span class='ocrx_word' id='word_1_3' title='bbox 363 596 486 673; x_wconf 87' lang='lat' dir='ltr'>sit,</span> <span class='ocrx_word' id='word_1_4' title='bbox 550 598 721 659; x_wconf 84' lang='lat' dir='ltr'>certo</span> <span class='ocrx_word' id='word_1_5' title='bbox 785 614 908 658; x_wconf 92' lang='lat' dir='ltr'>non</span> <span class='ocrx_word' id='word_1_6' title='bbox 968 592 1318 658; x_wconf 87' lang='lat' dir='ltr'>mutandus</span> <span class='ocrx_word' id='word_1_7' title='bbox 1381 597 1478 659; x_wconf 89' lang='lat' dir='ltr'>est</span> <span class='ocrx_word' id='word_1_8' title='bbox 1541 614 1614 658; x_wconf 93' lang='lat' dir='ltr'>eo</span> <span class='ocrx_word' id='word_1_9' title='bbox 1679 614 1986 671; x_wconf 88' lang='lat' dir='ltr'>numero,</span> <span class='ocrx_word' id='word_1_10' title='bbox 2056 593 2167 677; x_wconf 91' lang='lat' dir='ltr'>qui</span> <span class='ocrx_word' id='word_1_11' title='bbox 2231 591 2516 659; x_wconf 88' lang='lat' dir='ltr'>Vahleno</span> <span class='ocrx_word' id='word_1_12' title='bbox 2565 613 2757 660; x_wconf 86' lang='lat' dir='ltr'>verus</span> 
     </span>
     <span class='ocr_line' id='line_1_3' title="bbox 368 704 708 769; baseline -0.012 0"><span class='ocrx_word' id='word_1_13' title='bbox 368 704 546 769; x_wconf 85' lang='lat' dir='ltr'>visus</span> <span class='ocrx_word' id='word_1_14' title='bbox 593 706 708 766; x_wconf 87' lang='lat' dir='ltr'>est.</span> 
     </span>
    </p>

    <p class='ocr_par' dir='ltr' id='par_1_3' title="bbox 367 806 2769 1957">
     <span class='ocr_line' id='line_1_4' title="bbox 440 806 2759 873; baseline -0.001 0"><span class='ocrx_word' id='word_1_15' title='bbox 440 808 803 873; x_wconf 77' lang='lat' dir='ltr'>-Videamus</span> <span class='ocrx_word' id='word_1_16' title='bbox 856 812 1070 872; x_wconf 86' lang='lat' dir='ltr'>tamen</span> <span class='ocrx_word' id='word_1_17' title='bbox 1118 828 1278 871; x_wconf 91' lang='lat' dir='ltr'>num</span> <span class='ocrx_word' id='word_1_18' title='bbox 1329 828 1600 872; x_wconf 82' lang='lat' dir='ltr'>necesse</span> <span class='ocrx_word' id='word_1_19' title='bbox 1630 808 1717 871; x_wconf 91' lang='lat' dir='ltr'>sit</span> <span class='ocrx_word' id='word_1_20' title='bbox 1765 828 1910 871; x_wconf 90' lang='lat' dir='ltr'>eum</span> <span class='ocrx_word' id='word_1_21' title='bbox 1961 806 2198 871; x_wconf 89' lang='lat' dir='ltr'>falsum</span> <span class='ocrx_word' id='word_1_22' title='bbox 2248 827 2404 871; x_wconf 88' lang='lat' dir='ltr'>esse.</span> <span class='ocrx_word' id='word_1_23' title='bbox 2467 806 2759 871; x_wconf 78' lang='lat' dir='ltr'><strong>Fortasse</strong></span> 
     </span>
     <span class='ocr_line' id='line_1_5' title="bbox 367 912 2761 999; baseline -0.001 -20"><span class='ocrx_word' id='word_1_24' title='bbox 367 936 445 979; x_wconf 91' lang='lat' dir='ltr'>ne</span> <span class='ocrx_word' id='word_1_25' title='bbox 509 914 587 979; x_wconf 86' lang='lat' dir='ltr'>ad</span> <span class='ocrx_word' id='word_1_26' title='bbox 643 914 1072 988; x_wconf 82' lang='lat' dir='ltr'>defensionem</span> <span class='ocrx_word' id='word_1_27' title='bbox 1120 913 1380 999; x_wconf 89' lang='lat' dir='ltr'>quidem</span> <span class='ocrx_word' id='word_1_28' title='bbox 1429 914 1500 978; x_wconf 88' lang='lat' dir='ltr'>L.</span> <span class='ocrx_word' id='word_1_29' title='bbox 1554 912 1860 991; x_wconf 81' lang='lat' dir='ltr'>Miilleri,</span> <span class='ocrx_word' id='word_1_30' title='bbox 1911 915 2276 998; x_wconf 80' lang='lat' dir='ltr'>ceteroquin</span> <span class='ocrx_word' id='word_1_31' title='bbox 2322 919 2597 988; x_wconf 88' lang='lat' dir='ltr'>rectam,</span> <span class='ocrx_word' id='word_1_32' title='bbox 2648 933 2761 977; x_wconf 90' lang='lat' dir='ltr'>nos</span> 
     </span>
     <span class='ocr_line' id='line_1_6' title="bbox 373 1018 2761 1105; baseline -0.002 -19"><span class='ocrx_word' id='word_1_33' title='bbox 373 1022 448 1086; x_wconf 89' lang='lat' dir='ltr'>de</span> <span class='ocrx_word' id='word_1_34' title='bbox 510 1019 699 1085; x_wconf 88' lang='lat' dir='ltr'>bellis</span> <span class='ocrx_word' id='word_1_35' title='bbox 763 1018 1030 1085; x_wconf 80' lang='lat' dir='ltr'>Gallicis</span> <span class='ocrx_word' id='word_1_36' title='bbox 1092 1026 1226 1085; x_wconf 90' lang='lat' dir='ltr'>tam</span> <span class='ocrx_word' id='word_1_37' title='bbox 1289 1020 1501 1084; x_wconf 83' lang='lat' dir='ltr'>multa</span> <span class='ocrx_word' id='word_1_38' title='bbox 1559 1022 1890 1105; x_wconf 84' lang='lat' dir='ltr'>ignorare,</span> <span class='ocrx_word' id='word_1_39' title='bbox 1959 1023 2034 1083; x_wconf 90' lang='lat' dir='ltr'>ut</span> <span class='ocrx_word' id='word_1_40' title='bbox 2081 1040 2230 1084; x_wconf 87' lang='lat' dir='ltr'>casu</span> <span class='ocrx_word' id='word_1_41' title='bbox 2280 1040 2357 1083; x_wconf 89' lang='lat' dir='ltr'>ex</span> <span class='ocrx_word' id='word_1_42' title='bbox 2405 1018 2761 1084; x_wconf 82' lang='lat' dir='ltr'>Annalibus</span> 
     </span>
     <span class='ocr_line' id='line_1_7' title="bbox 374 1124 2765 1211; baseline -0.001 -20"><span class='ocrx_word' id='word_1_43' title='bbox 374 1126 682 1191; x_wconf 80' lang='lat' dir='ltr'>Ennianis</span> <span class='ocrx_word' id='word_1_44' title='bbox 731 1126 913 1190; x_wconf 89' lang='lat' dir='ltr'>nobis</span> <span class='ocrx_word' id='word_1_45' title='bbox 959 1146 1058 1190; x_wconf 88' lang='lat' dir='ltr'>res</span> <span class='ocrx_word' id='word_1_46' title='bbox 1104 1126 1272 1189; x_wconf 88' lang='lat' dir='ltr'>tradi</span> <span class='ocrx_word' id='word_1_47' title='bbox 1316 1128 1551 1211; x_wconf 89' lang='lat' dir='ltr'>possit,</span> <span class='ocrx_word' id='word_1_48' title='bbox 1603 1127 1931 1209; x_wconf 85' lang='lat' dir='ltr'>scriptoris</span> <span class='ocrx_word' id='word_1_49' title='bbox 1976 1124 2109 1189; x_wconf 88' lang='lat' dir='ltr'>illis</span> <span class='ocrx_word' id='word_1_50' title='bbox 2150 1124 2335 1189; x_wconf 92' lang='lat' dir='ltr'>bellis</span> <span class='ocrx_word' id='word_1_51' title='bbox 2374 1125 2503 1189; x_wconf 85' lang='lat' dir='ltr'>fere</span> <span class='ocrx_word' id='word_1_52' title='bbox 2541 1144 2765 1209; x_wconf 87' lang='lat' dir='ltr'>aequa-</span> 
     </span>
     <span class='ocr_line' id='line_1_8' title="bbox 372 1232 2767 1317; baseline -0.001 -19"><span class='ocrx_word' id='word_1_53' title='bbox 372 1233 485 1312; x_wconf 85' lang='lat' dir='ltr'>lis,</span> <span class='ocrx_word' id='word_1_54' title='bbox 552 1253 746 1317; x_wconf 90' lang='lat' dir='ltr'>quam</span> <span class='ocrx_word' id='word_1_55' title='bbox 802 1235 1180 1316; x_wconf 84' lang='lat' dir='ltr'>posteriores</span> <span class='ocrx_word' id='word_1_56' title='bbox 1227 1235 1595 1310; x_wconf 86' lang='lat' dir='ltr'>omiserint,</span> <span class='ocrx_word' id='word_1_57' title='bbox 1645 1232 2102 1297; x_wconf 87' lang='lat' dir='ltr'>recurrendum</span> <span class='ocrx_word' id='word_1_58' title='bbox 2151 1238 2267 1296; x_wconf 88' lang='lat' dir='ltr'>est.</span> <span class='ocrx_word' id='word_1_59' title='bbox 2318 1232 2544 1296; x_wconf 86' lang='lat' dir='ltr'>Livius</span> <span class='ocrx_word' id='word_1_60' title='bbox 2590 1252 2767 1295; x_wconf 91' lang='lat' dir='ltr'>nam-</span> 
     </span>
     <span class='ocr_line' id='line_1_9' title="bbox 374 1337 2765 1425; baseline -0.002 -21"><span class='ocrx_word' id='word_1_61' title='bbox 374 1361 496 1425; x_wconf 88' lang='lat' dir='ltr'>que</span> <span class='ocrx_word' id='word_1_62' title='bbox 555 1337 667 1403; x_wconf 93' lang='lat' dir='ltr'>lib.</span> <span class='ocrx_word' id='word_1_63' title='bbox 732 1337 893 1402; x_wconf 90' lang='lat' dir='ltr'>XXI</span> <span class='ocrx_word' id='word_1_64' title='bbox 953 1344 1118 1423; x_wconf 89' lang='lat' dir='ltr'>(cap.</span> <span class='ocrx_word' id='word_1_65' title='bbox 1170 1337 1283 1417; x_wconf 88' lang='grc'>48)</span> <span class='ocrx_word' id='word_1_66' title='bbox 1332 1339 1486 1404; x_wconf 86' lang='lat' dir='ltr'>haec</span> <span class='ocrx_word' id='word_1_67' title='bbox 1534 1340 1791 1403; x_wconf 83' lang='lat' dir='ltr'>scribit:</span> <span class='ocrx_word' id='word_1_68' title='bbox 1843 1338 2191 1423; x_wconf 72' lang='lat' dir='ltr'>Insequenti</span> <span class='ocrx_word' id='word_1_69' title='bbox 2235 1345 2403 1401; x_wconf 78' lang='lat' dir='ltr'>noete</span> <span class='ocrx_word' id='word_1_70' title='bbox 2449 1340 2653 1401; x_wconf 83' lang='lat' dir='ltr'>caedes</span> <span class='ocrx_word' id='word_1_71' title='bbox 2698 1338 2765 1400; x_wconf 91' lang='lat' dir='ltr'>in</span> 
     </span>
     <span class='ocr_line' id='line_1_10' title="bbox 373 1442 2768 1529; baseline -0.001 -21"><span class='ocrx_word' id='word_1_72' title='bbox 373 1444 587 1509; x_wconf 81' lang='lat' dir='ltr'>castris</span> <span class='ocrx_word' id='word_1_73' title='bbox 650 1444 967 1521; x_wconf 80' lang='lat' dir='ltr'>Romanis,</span> <span class='ocrx_word' id='word_1_74' title='bbox 1040 1444 1322 1524; x_wconf 23' lang='lat' dir='ltr'>tumulltu,</span> <span class='ocrx_word' id='word_1_75' title='bbox 1364 1452 1550 1509; x_wconf 83' lang='lat' dir='ltr'>tamen</span> <span class='ocrx_word' id='word_1_76' title='bbox 1618 1467 1790 1529; x_wconf 87' lang='lat' dir='ltr'>quam</span> <span class='ocrx_word' id='word_1_77' title='bbox 1851 1467 1917 1508; x_wconf 80' lang='lat' dir='ltr'>re</span> <span class='ocrx_word' id='word_1_78' title='bbox 1979 1444 2188 1523; x_wconf 85' lang='lat' dir='ltr'>maior,</span> <span class='ocrx_word' id='word_1_79' title='bbox 2238 1445 2309 1507; x_wconf 84' lang='lat' dir='ltr'>ab</span> <span class='ocrx_word' id='word_1_80' title='bbox 2359 1442 2768 1507; x_wconf 71' lang='lat' dir='ltr'>auxiliaribus</span> 
     </span>
     <span class='ocr_line' id='line_1_11' title="bbox 384 1550 2768 1635; baseline -0.001 -20"><span class='ocrx_word' id='word_1_81' title='bbox 384 1551 585 1615; x_wconf 82' lang='lat' dir='ltr'>Gallis</span> <span class='ocrx_word' id='word_1_82' title='bbox 616 1552 805 1635; x_wconf 87' lang='lat' dir='ltr'>faeta</span> <span class='ocrx_word' id='word_1_83' title='bbox 850 1557 953 1615; x_wconf 79' lang='lat' dir='ltr'>est.</span> <span class='ocrx_word' id='word_1_84' title='bbox 1004 1552 1108 1614; x_wconf 78' lang='lat' dir='ltr'>Ad</span> <span class='ocrx_word' id='word_1_85' title='bbox 1153 1553 1268 1614; x_wconf 82' lang='lat' dir='ltr'>cluo</span> <span class='ocrx_word' id='word_1_86' title='bbox 1314 1550 1488 1615; x_wconf 86' lang='lat' dir='ltr'>milia</span> <span class='ocrx_word' id='word_1_87' title='bbox 1513 1550 1791 1633; x_wconf 76' lang='lat' dir='ltr'>peditum</span> <span class='ocrx_word' id='word_1_88' title='bbox 1830 1558 1886 1614; x_wconf 85' lang='lat' dir='ltr'>et</span> <span class='ocrx_word' id='word_1_89' title='bbox 1925 1552 2166 1614; x_wconf 76' lang='lat' dir='ltr'>ducenti</span> <span class='ocrx_word' id='word_1_90' title='bbox 2200 1550 2443 1635; x_wconf 82' lang='lat' dir='ltr'>equites,</span> <span class='ocrx_word' id='word_1_91' title='bbox 2486 1550 2768 1631; x_wconf 71' lang='lat' dir='ltr'>uiqilibus</span> 
     </span>
     <span class='ocr_line' id='line_1_12' title="bbox 375 1657 2766 1743; baseline 0 -22"><span class='ocrx_word' id='word_1_92' title='bbox 375 1660 457 1721; x_wconf 87' lang='lat' dir='ltr'>ad</span> <span class='ocrx_word' id='word_1_93' title='bbox 473 1664 687 1739; x_wconf 74' lang='lat' dir='ltr'>portas</span> <span class='ocrx_word' id='word_1_94' title='bbox 727 1657 1068 1732; x_wconf 78' lang='lat' dir='ltr'>trucidatis,</span> <span class='ocrx_word' id='word_1_95' title='bbox 1110 1659 1194 1720; x_wconf 83' lang='lat' dir='ltr'>acl</span> <span class='ocrx_word' id='word_1_96' title='bbox 1231 1657 1634 1721; x_wconf 84' lang='lat' dir='ltr'>Hannibalem</span> <span class='ocrx_word' id='word_1_97' title='bbox 1676 1658 2125 1743; x_wconf 71' lang='lat' dir='ltr'>transfuqinnt.</span> <span class='ocrx_word' id='word_1_98' title='bbox 2173 1657 2347 1721; x_wconf 85' lang='lat' dir='ltr'>Haec</span> <span class='ocrx_word' id='word_1_99' title='bbox 2388 1658 2579 1722; x_wconf 86' lang='lat' dir='ltr'>verba</span> <span class='ocrx_word' id='word_1_100' title='bbox 2616 1678 2766 1721; x_wconf 90' lang='lat' dir='ltr'>cum</span> 
     </span>
     <span class='ocr_line' id='line_1_13' title="bbox 373 1748 2769 1849; baseline -0.001 -21"><span class='ocrx_word' id='word_1_101' title='bbox 373 1765 680 1829; x_wconf 79' lang='lat' dir='ltr'>Ennianis</span> <span class='ocrx_word' id='word_1_102' title='bbox 741 1763 899 1827; x_wconf 89' lang='lat' dir='ltr'>bene</span> <span class='ocrx_word' id='word_1_103' title='bbox 961 1766 1383 1828; x_wconf 86' lang='lat' dir='ltr'>conveniunt:</span> <span class='ocrx_word' id='word_1_104' title='bbox 1451 1763 1662 1828; x_wconf 89' lang='lat' dir='ltr'>media</span> <span class='ocrx_word' id='word_1_105' title='bbox 1725 1785 1887 1841; x_wconf 89' lang='lat' dir='ltr'>nox,</span> <span class='ocrx_word' id='word_1_106' title='bbox 1951 1748 2189 1849; x_wconf 78' lang='lat' dir='ltr'>vigiles</span> <span class='ocrx_word' id='word_1_107' title='bbox 2253 1763 2593 1837; x_wconf 88' lang='lat' dir='ltr'>trucidati,</span> <span class='ocrx_word' id='word_1_108' title='bbox 2656 1784 2769 1827; x_wconf 87' lang='lat' dir='ltr'>arx</span> 
     </span>
     <span class='ocr_line' id='line_1_14' title="bbox 375 1869 2767 1957; baseline -0.001 -21"><span class='ocrx_word' id='word_1_109' title='bbox 375 1891 657 1957; x_wconf 89' lang='lat' dir='ltr'>quoque;</span> <span class='ocrx_word' id='word_1_110' title='bbox 721 1872 864 1954; x_wconf 91' lang='lat' dir='ltr'>quis</span> <span class='ocrx_word' id='word_1_111' title='bbox 925 1872 1126 1934; x_wconf 84' lang='lat' dir='ltr'>enim·</span> <span class='ocrx_word' id='word_1_112' title='bbox 1159 1870 1448 1948; x_wconf 90' lang='lat' dir='ltr'>dubitat,</span> <span class='ocrx_word' id='word_1_113' title='bbox 1501 1872 1654 1954; x_wconf 90' lang='lat' dir='ltr'>quin</span> <span class='ocrx_word' id='word_1_114' title='bbox 1703 1875 1887 1955; x_wconf 84' lang='lat' dir='ltr'>port-a</span> <span class='ocrx_word' id='word_1_115' title='bbox 1935 1872 2187 1934; x_wconf 89' lang='lat' dir='ltr'>munita</span> <span class='ocrx_word' id='word_1_116' title='bbox 2232 1872 2326 1934; x_wconf 89' lang='lat' dir='ltr'>ita</span> <span class='ocrx_word' id='word_1_117' title='bbox 2373 1869 2500 1934; x_wconf 89' lang='lat' dir='ltr'>dici</span> <span class='ocrx_word' id='word_1_118' title='bbox 2546 1872 2767 1955; x_wconf 88' lang='lat' dir='ltr'>possit.</span> 
     </span>
    </p>

    <p class='ocr_par' dir='ltr' id='par_1_4' title="bbox 378 1974 2770 2362">
     <span class='ocr_line' id='line_1_15' title="bbox 468 1974 2767 2054; baseline -0.001 -12"><span class='ocrx_word' id='word_1_119' title='bbox 468 1978 554 2042; x_wconf 87' lang='lat' dir='ltr'>At</span> <span class='ocrx_word' id='word_1_120' title='bbox 612 1975 856 2042; x_wconf 90' lang='lat' dir='ltr'>bellum</span> <span class='ocrx_word' id='word_1_121' title='bbox 919 1975 1418 2041; x_wconf 88' lang='lat' dir='ltr'>Hannibalicum</span> <span class='ocrx_word' id='word_1_122' title='bbox 1481 1976 1767 2041; x_wconf 89' lang='lat' dir='ltr'>Ennium</span> <span class='ocrx_word' id='word_1_123' title='bbox 1827 1977 1904 2041; x_wconf 91' lang='lat' dir='ltr'>ab</span> <span class='ocrx_word' id='word_1_124' title='bbox 1968 1982 2189 2041; x_wconf 87' lang='lat' dir='ltr'>octavo</span> <span class='ocrx_word' id='word_1_125' title='bbox 2250 1974 2413 2041; x_wconf 93' lang='lat' dir='ltr'>libro</span> <span class='ocrx_word' id='word_1_126' title='bbox 2466 1976 2767 2054; x_wconf 90' lang='lat' dir='ltr'>demum,</span> 
     </span>
     <span class='ocr_line' id='line_1_16' title="bbox 378 2081 2765 2169; baseline -0 -21"><span class='ocrx_word' id='word_1_127' title='bbox 378 2083 662 2149; x_wconf 89' lang='lat' dir='ltr'>nondum</span> <span class='ocrx_word' id='word_1_128' title='bbox 714 2084 783 2146; x_wconf 92' lang='lat' dir='ltr'>in</span> <span class='ocrx_word' id='word_1_129' title='bbox 829 2085 1102 2168; x_wconf 88' lang='lat' dir='ltr'>septimo</span> <span class='ocrx_word' id='word_1_130' title='bbox 1149 2104 1221 2147; x_wconf 91' lang='lat' dir='ltr'>eo</span> <span class='ocrx_word' id='word_1_131' title='bbox 1270 2104 1717 2169; x_wconf 82' lang='lat' dir='ltr'>progressum,</span> <span class='ocrx_word' id='word_1_132' title='bbox 1768 2085 2174 2159; x_wconf 72' lang='lat' dir='ltr'>tractavisse,</span> <span class='ocrx_word' id='word_1_133' title='bbox 2224 2081 2469 2147; x_wconf 88' lang='lat' dir='ltr'>Vahlen</span> <span class='ocrx_word' id='word_1_134' title='bbox 2516 2086 2765 2147; x_wconf 79' lang='lat' dir='ltr'>statuit.</span> 
     </span>
     <span class='ocr_line' id='line_1_17' title="bbox 379 2188 2770 2276; baseline 0 -21"><span class='ocrx_word' id='word_1_135' title='bbox 379 2190 466 2255; x_wconf 88' lang='lat' dir='ltr'>Et</span> <span class='ocrx_word' id='word_1_136' title='bbox 511 2189 771 2274; x_wconf 89' lang='lat' dir='ltr'>quidem</span> <span class='ocrx_word' id='word_1_137' title='bbox 819 2188 993 2254; x_wconf 89' lang='lat' dir='ltr'>haud</span> <span class='ocrx_word' id='word_1_138' title='bbox 1029 2188 1281 2256; x_wconf 86' lang='lat' dir='ltr'>levibus</span> <span class='ocrx_word' id='word_1_139' title='bbox 1318 2192 1496 2254; x_wconf 90' lang='lat' dir='ltr'>nisus</span> <span class='ocrx_word' id='word_1_140' title='bbox 1535 2192 1960 2276; x_wconf 85' lang='lat' dir='ltr'>argumentis.</span> <span class='ocrx_word' id='word_1_141' title='bbox 2010 2190 2154 2254; x_wconf 90' lang='lat' dir='ltr'>Duo</span> <span class='ocrx_word' id='word_1_142' title='bbox 2189 2192 2370 2255; x_wconf 83' lang='lat' dir='ltr'>enim</span> <span class='ocrx_word' id='word_1_143' title='bbox 2409 2190 2770 2276; x_wconf 82' lang='lat' dir='ltr'>fragmenta</span> 
     </span>
     <span class='ocr_line' id='line_1_18' title="bbox 381 2293 1144 2362; baseline -0.003 0"><span class='ocrx_word' id='word_1_144' title='bbox 381 2318 456 2362; x_wconf 83' lang='lat' dir='ltr'>ex</span> <span class='ocrx_word' id='word_1_145' title='bbox 505 2302 727 2362; x_wconf 90' lang='lat' dir='ltr'>octavo</span> <span class='ocrx_word' id='word_1_146' title='bbox 772 2293 1144 2360; x_wconf 86' lang='lat' dir='ltr'>laudantur:</span> 
     </span>
    </p>

    <p class='ocr_par' dir='ltr' id='par_1_5' title="bbox 560 2399 2145 2485">
     <span class='ocr_line' id='line_1_19' title="bbox 560 2399 2145 2485; baseline -0.002 -17"><span class='ocrx_word' id='word_1_147' title='bbox 560 2399 692 2468; x_wconf 80' lang='lat'>279</span> <span class='ocrx_word' id='word_1_148' title='bbox 748 2402 987 2482; x_wconf 79' lang='lat' dir='ltr'>Certare</span> <span class='ocrx_word' id='word_1_149' title='bbox 1033 2404 1288 2465; x_wconf 80' lang='lat' dir='ltr'>abnueo:</span> <span class='ocrx_word' id='word_1_150' title='bbox 1337 2408 1526 2465; x_wconf 83' lang='lat' dir='ltr'>metuo</span> <span class='ocrx_word' id='word_1_151' title='bbox 1574 2402 1909 2485; x_wconf 71' lang='lat' dir='ltr'>leqionibus</span> <span class='ocrx_word' id='word_1_152' title='bbox 1956 2402 2145 2465; x_wconf 85' lang='lat' dir='ltr'>labem</span> 
     </span>
    </p>

    <p class='ocr_par' dir='ltr' id='par_1_6' title="bbox 561 2507 2219 2594">
     <span class='ocr_line' id='line_1_20' title="bbox 561 2507 2219 2594; baseline -0.002 -19"><span class='ocrx_word' id='word_1_153' title='bbox 561 2509 692 2576; x_wconf 77' lang='grc'>292</span> <span class='ocrx_word' id='word_1_154' title='bbox 741 2510 920 2573; x_wconf 88' lang='lat' dir='ltr'>Nune</span> <span class='ocrx_word' id='word_1_155' title='bbox 966 2510 1157 2573; x_wconf 74' lang='lat' dir='ltr'>hostes</span> <span class='ocrx_word' id='word_1_156' title='bbox 1201 2508 1336 2573; x_wconf 79' lang='lat' dir='ltr'>vino</span> <span class='ocrx_word' id='word_1_157' title='bbox 1385 2509 1594 2573; x_wconf 83' lang='lat' dir='ltr'>domiti</span> <span class='ocrx_word' id='word_1_158' title='bbox 1639 2531 1950 2594; x_wconf 74' lang='lat' dir='ltr'>somnoque</span> <span class='ocrx_word' id='word_1_159' title='bbox 1994 2507 2219 2592; x_wconf 76' lang='lat' dir='ltr'>sepulti</span> 
     </span>
    </p>

    <p class='ocr_par' dir='ltr' id='par_1_7' title="bbox 753 2616 1098 2680">
     <span class='ocr_line' id='line_1_21' title="bbox 753 2616 1098 2680; baseline 0.003 -1"><span class='ocrx_word' id='word_1_160' title='bbox 753 2616 1098 2680; x_wconf 76' lang='lat' dir='ltr'>Consiluere</span> 
     </span>
    </p>

    <p class='ocr_par' dir='ltr' id='par_1_8' title="bbox 378 2723 2774 3429">
     <span class='ocr_line' id='line_1_22' title="bbox 378 2723 2771 2810; baseline -0.001 -21"><span class='ocrx_word' id='word_1_161' title='bbox 378 2746 538 2810; x_wconf 89' lang='lat' dir='ltr'>quae</span> <span class='ocrx_word' id='word_1_162' title='bbox 585 2726 938 2788; x_wconf 87' lang='lat' dir='ltr'>certissime</span> <span class='ocrx_word' id='word_1_163' title='bbox 985 2723 1058 2788; x_wconf 87' lang='lat' dir='ltr'>ad</span> <span class='ocrx_word' id='word_1_164' title='bbox 1110 2723 1350 2788; x_wconf 89' lang='lat' dir='ltr'>bellum</span> <span class='ocrx_word' id='word_1_165' title='bbox 1395 2724 1716 2789; x_wconf 90' lang='lat' dir='ltr'>Punicum</span> <span class='ocrx_word' id='word_1_166' title='bbox 1760 2724 2111 2789; x_wconf 89' lang='lat' dir='ltr'>secundum</span> <span class='ocrx_word' id='word_1_167' title='bbox 2150 2725 2494 2809; x_wconf 88' lang='lat' dir='ltr'>pertinent.</span> <span class='ocrx_word' id='word_1_168' title='bbox 2538 2723 2771 2788; x_wconf 87' lang='lat' dir='ltr'>Versus</span> 
     </span>
     <span class='ocr_line' id='line_1_23' title="bbox 379 2829 2772 2916; baseline -0 -21"><span class='ocrx_word' id='word_1_169' title='bbox 379 2829 511 2896; x_wconf 78' lang='lat'>286</span> <span class='ocrx_word' id='word_1_170' title='bbox 535 2853 670 2916; x_wconf 87' lang='lat' dir='ltr'>sqq.</span> <span class='ocrx_word' id='word_1_171' title='bbox 701 2831 749 2911; x_wconf 93' lang='lat'>¹)</span> <span class='ocrx_word' id='word_1_172' title='bbox 795 2852 984 2916; x_wconf 92' lang='lat' dir='ltr'>porro</span> <span class='ocrx_word' id='word_1_173' title='bbox 1031 2830 1306 2896; x_wconf 87' lang='lat' dir='ltr'>reddunt</span> <span class='ocrx_word' id='word_1_174' title='bbox 1342 2834 1482 2895; x_wconf 84' lang='lat' dir='ltr'>veri</span> <span class='ocrx_word' id='word_1_175' title='bbox 1523 2831 1975 2909; x_wconf 91' lang='lat' dir='ltr'>simillimum,</span> <span class='ocrx_word' id='word_1_176' title='bbox 2019 2834 2212 2896; x_wconf 86' lang='lat' dir='ltr'>etiam</span> <span class='ocrx_word' id='word_1_177' title='bbox 2258 2831 2594 2896; x_wconf 87' lang='lat' dir='ltr'>exordium</span> <span class='ocrx_word' id='word_1_178' title='bbox 2634 2833 2772 2896; x_wconf 87' lang='lat' dir='ltr'>eius</span> 
     </span>
     <span class='ocr_line' id='line_1_24' title="bbox 379 2936 2769 3024; baseline -0.001 -21"><span class='ocrx_word' id='word_1_179' title='bbox 379 2937 531 3003; x_wconf 89' lang='lat' dir='ltr'>belli</span> <span class='ocrx_word' id='word_1_180' title='bbox 596 2940 662 3001; x_wconf 92' lang='lat' dir='ltr'>in</span> <span class='ocrx_word' id='word_1_181' title='bbox 735 2938 854 3002; x_wconf 90' lang='lat' dir='ltr'>hoc</span> <span class='ocrx_word' id='word_1_182' title='bbox 915 2937 1079 3003; x_wconf 89' lang='lat' dir='ltr'>libro</span> <span class='ocrx_word' id='word_1_183' title='bbox 1143 2940 1427 3023; x_wconf 89' lang='lat' dir='ltr'>positum</span> <span class='ocrx_word' id='word_1_184' title='bbox 1491 2938 1709 3003; x_wconf 89' lang='lat' dir='ltr'>fuisse.</span> <span class='ocrx_word' id='word_1_185' title='bbox 1774 2938 1998 3024; x_wconf 82' lang='lat' dir='ltr'>Itaque</span> <span class='ocrx_word' id='word_1_186' title='bbox 2060 2960 2136 3003; x_wconf 90' lang='lat' dir='ltr'>ex</span> <span class='ocrx_word' id='word_1_187' title='bbox 2200 2937 2448 3002; x_wconf 89' lang='lat' dir='ltr'>duobus</span> <span class='ocrx_word' id='word_1_188' title='bbox 2496 2936 2769 3002; x_wconf 87' lang='lat' dir='ltr'>alterum</span> 
     </span>
     <span class='ocr_line' id='line_1_25' title="bbox 383 3042 2770 3130; baseline -0.001 -21"><span class='ocrx_word' id='word_1_189' title='bbox 383 3044 790 3130; x_wconf 85' lang='lat' dir='ltr'>eligendum:</span> <span class='ocrx_word' id='word_1_190' title='bbox 853 3048 966 3108; x_wconf 88' lang='lat' dir='ltr'>aut</span> <span class='ocrx_word' id='word_1_191' title='bbox 1029 3042 1342 3108; x_wconf 87' lang='lat' dir='ltr'>Macrobii</span> <span class='ocrx_word' id='word_1_192' title='bbox 1404 3066 1751 3109; x_wconf 89' lang='lat' dir='ltr'>numerum</span> <span class='ocrx_word' id='word_1_193' title='bbox 1816 3066 1950 3109; x_wconf 91' lang='lat' dir='ltr'>esse</span> <span class='ocrx_word' id='word_1_194' title='bbox 2013 3052 2389 3130; x_wconf 88' lang='lat' dir='ltr'>corruptum</span> <span class='ocrx_word' id='word_1_195' title='bbox 2438 3049 2552 3109; x_wconf 88' lang='lat' dir='ltr'>aut</span> <span class='ocrx_word' id='word_1_196' title='bbox 2598 3065 2770 3121; x_wconf 90' lang='lat' dir='ltr'>rem,</span> 
     </span>
     <span class='ocr_line' id='line_1_26' title="bbox 384 3149 2774 3236; baseline -0 -21"><span class='ocrx_word' id='word_1_197' title='bbox 384 3170 545 3236; x_wconf 84' lang='lat' dir='ltr'>quae</span> <span class='ocrx_word' id='word_1_198' title='bbox 607 3151 900 3215; x_wconf 84' lang='lat' dir='ltr'>versibus</span> <span class='ocrx_word' id='word_1_199' title='bbox 946 3149 1250 3214; x_wconf 81' lang='lat' dir='ltr'>Ennianis</span> <span class='ocrx_word' id='word_1_200' title='bbox 1295 3152 1677 3227; x_wconf 89' lang='lat' dir='ltr'>continetur,</span> <span class='ocrx_word' id='word_1_201' title='bbox 1727 3153 1796 3214; x_wconf 91' lang='lat' dir='ltr'>in</span> <span class='ocrx_word' id='word_1_202' title='bbox 1842 3152 2152 3215; x_wconf 86' lang='lat' dir='ltr'>memoria</span> <span class='ocrx_word' id='word_1_203' title='bbox 2197 3170 2416 3214; x_wconf 89' lang='lat' dir='ltr'>rerum</span> <span class='ocrx_word' id='word_1_204' title='bbox 2463 3150 2774 3215; x_wconf 89' lang='lat' dir='ltr'>Romana·</span> 
     </span>
     <span class='ocr_line' id='line_1_27' title="bbox 383 3255 2771 3341; baseline 0 -20"><span class='ocrx_word' id='word_1_205' title='bbox 383 3279 566 3334; x_wconf 89' lang='lat' dir='ltr'>rum,</span> <span class='ocrx_word' id='word_1_206' title='bbox 632 3277 793 3341; x_wconf 88' lang='lat' dir='ltr'>quae</span> <span class='ocrx_word' id='word_1_207' title='bbox 857 3257 1040 3320; x_wconf 89' lang='lat' dir='ltr'>nobis</span> <span class='ocrx_word' id='word_1_208' title='bbox 1089 3255 1326 3320; x_wconf 88' lang='lat' dir='ltr'>tradita</span> <span class='ocrx_word' id='word_1_209' title='bbox 1373 3258 1493 3333; x_wconf 88' lang='lat' dir='ltr'>sit,</span> <span class='ocrx_word' id='word_1_210' title='bbox 1544 3278 1671 3320; x_wconf 92' lang='lat' dir='ltr'>non</span> <span class='ocrx_word' id='word_1_211' title='bbox 1720 3277 1855 3321; x_wconf 89' lang='lat' dir='ltr'>esse</span> <span class='ocrx_word' id='word_1_212' title='bbox 1905 3263 2249 3321; x_wconf 89' lang='lat' dir='ltr'>servatam.</span> <span class='ocrx_word' id='word_1_213' title='bbox 2299 3256 2617 3341; x_wconf 89' lang='lat' dir='ltr'>Equidem</span> <span class='ocrx_word' id='word_1_214' title='bbox 2666 3258 2771 3321; x_wconf 92' lang='lat' dir='ltr'>hic</span> 
     </span>
     <span class='ocr_line' id='line_1_28' title="bbox 383 3362 1126 3429; baseline -0.001 -2"><span class='ocrx_word' id='word_1_215' title='bbox 383 3364 736 3429; x_wconf 87' lang='lat' dir='ltr'>discernere</span> <span class='ocrx_word' id='word_1_216' title='bbox 783 3362 1126 3428; x_wconf 90' lang='lat' dir='ltr'>noluerim.</span> 
     </span>
    </p>
   </div>
   <div class='ocr_carea' id='block_1_3' title="bbox 382 3546 2773 4059">
    <p class='ocr_par' dir='ltr' id='par_1_9' title="bbox 473 3546 2371 3629">
     <span class='ocr_line' id='line_1_29' title="bbox 473 3546 2371 3629; baseline 0.001 -20"><span class='ocrx_word' id='word_1_217' title='bbox 473 3546 579 3612; x_wconf 77' lang='lat' dir='ltr'>Vs·</span> <span class='ocrx_word' id='word_1_218' title='bbox 629 3547 717 3613; x_wconf 82' lang='lat'>28</span> <span class='ocrx_word' id='word_1_219' title='bbox 773 3549 914 3610; x_wconf 87' lang='lat' dir='ltr'>Cum</span> <span class='ocrx_word' id='word_1_220' title='bbox 959 3569 1130 3611; x_wconf 88' lang='lat' dir='ltr'>saevo</span> <span class='ocrx_word' id='word_1_221' title='bbox 1179 3547 1406 3610; x_wconf 82' lang='lat' dir='ltr'>obsidio</span> <span class='ocrx_word' id='word_1_222' title='bbox 1452 3569 1701 3627; x_wconf 71' lang='lat' dir='ltr'>maynus</span> <span class='ocrx_word' id='word_1_223' title='bbox 1754 3546 2007 3610; x_wconf 77' lang='lat' dir='ltr'>Titanus</span> <span class='ocrx_word' id='word_1_224' title='bbox 2039 3546 2371 3629; x_wconf 80' lang='lat' dir='ltr'>premebat.</span> 
     </span>
    </p>

    <p class='ocr_par' dir='ltr' id='par_1_10' title="bbox 382 3652 2773 4059">
     <span class='ocr_line' id='line_1_30' title="bbox 472 3652 2771 3730; baseline -0 -12"><span class='ocrx_word' id='word_1_225' title='bbox 472 3653 665 3719; x_wconf 90' lang='lat' dir='ltr'>Hunc</span> <span class='ocrx_word' id='word_1_226' title='bbox 727 3674 1024 3730; x_wconf 87' lang='lat' dir='ltr'>versum,</span> <span class='ocrx_word' id='word_1_227' title='bbox 1093 3674 1130 3719; x_wconf 91' lang='lat' dir='ltr'>a</span> <span class='ocrx_word' id='word_1_228' title='bbox 1191 3653 1398 3717; x_wconf 88' lang='lat' dir='ltr'>Nonio</span> <span class='ocrx_word' id='word_1_229' title='bbox 1463 3658 1828 3730; x_wconf 87' lang='lat' dir='ltr'>servatum,</span> <span class='ocrx_word' id='word_1_230' title='bbox 1876 3653 2020 3718; x_wconf 89' lang='lat' dir='ltr'>ideo</span> <span class='ocrx_word' id='word_1_231' title='bbox 2069 3652 2147 3717; x_wconf 89' lang='lat' dir='ltr'>ad</span> <span class='ocrx_word' id='word_1_232' title='bbox 2194 3652 2631 3717; x_wconf 90' lang='lat' dir='ltr'>Euhemernm</span> <span class='ocrx_word' id='word_1_233' title='bbox 2682 3674 2771 3718; x_wconf 90' lang='lat' dir='ltr'>re-</span> 
     </span>
     <span class='ocr_line' id='line_1_31' title="bbox 383 3759 2773 3845; baseline -0.001 -19"><span class='ocrx_word' id='word_1_234' title='bbox 383 3760 533 3826; x_wconf 86' lang='lat' dir='ltr'>ferri</span> <span class='ocrx_word' id='word_1_235' title='bbox 579 3781 703 3825; x_wconf 89' lang='lat' dir='ltr'>non</span> <span class='ocrx_word' id='word_1_236' title='bbox 748 3781 964 3845; x_wconf 88' lang='lat' dir='ltr'>posse,</span> <span class='ocrx_word' id='word_1_237' title='bbox 1016 3759 1183 3844; x_wconf 87' lang='lat' dir='ltr'>quod</span> <span class='ocrx_word' id='word_1_238' title='bbox 1231 3780 1462 3845; x_wconf 90' lang='lat' dir='ltr'>parum</span> <span class='ocrx_word' id='word_1_239' title='bbox 1513 3762 1597 3824; x_wconf 89' lang='lat' dir='ltr'>sit</span> <span class='ocrx_word' id='word_1_240' title='bbox 1646 3762 1787 3825; x_wconf 85' lang='lat' dir='ltr'>veri</span> <span class='ocrx_word' id='word_1_241' title='bbox 1834 3759 2078 3837; x_wconf 88' lang='lat' dir='ltr'>simile,</span> <span class='ocrx_word' id='word_1_242' title='bbox 2126 3759 2410 3825; x_wconf 91' lang='lat' dir='ltr'>Nonium</span> <span class='ocrx_word' id='word_1_243' title='bbox 2459 3759 2773 3824; x_wconf 86' lang='lat' dir='ltr'>Euheme-</span> 
     </span>
     <span class='ocr_line' id='line_1_32' title="bbox 383 3864 2765 3953; baseline 0 -23"><span class='ocrx_word' id='word_1_244' title='bbox 383 3887 529 3931; x_wconf 90' lang='lat' dir='ltr'>rum</span> <span class='ocrx_word' id='word_1_245' title='bbox 578 3865 746 3930; x_wconf 90' lang='lat' dir='ltr'>Enni</span> <span class='ocrx_word' id='word_1_246' title='bbox 793 3868 1079 3944; x_wconf 87' lang='lat' dir='ltr'>novisse,</span> <span class='ocrx_word' id='word_1_247' title='bbox 1119 3864 1365 3930; x_wconf 88' lang='lat' dir='ltr'>Vahlen</span> <span class='ocrx_word' id='word_1_248' title='bbox 1405 3871 1575 3931; x_wconf 89' lang='lat' dir='ltr'>recte</span> <span class='ocrx_word' id='word_1_249' title='bbox 1615 3869 1931 3951; x_wconf 82' lang='lat' dir='ltr'>exposuit.</span> <span class='ocrx_word' id='word_1_250' title='bbox 1981 3866 2128 3930; x_wconf 87' lang='lat' dir='ltr'>Ideo</span> <span class='ocrx_word' id='word_1_251' title='bbox 2169 3866 2248 3931; x_wconf 88' lang='lat' dir='ltr'>ad</span> <span class='ocrx_word' id='word_1_252' title='bbox 2289 3868 2765 3953; x_wconf 86' lang='lat' dir='ltr'>cosmogoniam</span> 
     </span>
     <span class='ocr_line' id='line_1_33' title="bbox 382 3971 2472 4059; baseline -0 -21"><span class='ocrx_word' id='word_1_253' title='bbox 382 3994 418 4038; x_wconf 87' lang='lat' dir='ltr'>a</span> <span class='ocrx_word' id='word_1_254' title='bbox 468 3992 593 4058; x_wconf 89' lang='lat' dir='ltr'>qua</span> <span class='ocrx_word' id='word_1_255' title='bbox 638 3974 887 4059; x_wconf 89' lang='lat' dir='ltr'>primus</span> <span class='ocrx_word' id='word_1_256' title='bbox 933 3972 1286 4038; x_wconf 87' lang='lat' dir='ltr'>Annalium</span> <span class='ocrx_word' id='word_1_257' title='bbox 1330 3971 1493 4038; x_wconf 86' lang='lat' dir='ltr'>liber</span> <span class='ocrx_word' id='word_1_258' title='bbox 1536 3975 1767 4059; x_wconf 90' lang='lat' dir='ltr'>incipit</span> <span class='ocrx_word' id='word_1_259' title='bbox 1813 3994 2073 4038; x_wconf 86' lang='lat' dir='ltr'>versum</span> <span class='ocrx_word' id='word_1_260' title='bbox 2120 3972 2375 4038; x_wconf 87' lang='lat' dir='ltr'>rettulit</span> <span class='ocrx_word' id='word_1_261' title='bbox 2402 3972 2472 4053; x_wconf 74' lang='lat'>⁹).</span> 
     </span>
    </p>
   </div>
   <div class='ocr_carea' id='block_1_4' title="bbox 387 4110 774 4119">
    <p class='ocr_par' dir='ltr' id='par_1_11' title="bbox 387 4110 774 4119">
     <span class='ocr_line' id='line_1_34' title="bbox 387 4110 774 4119; baseline 0 0"><span class='ocrx_word' id='word_1_262' title='bbox 387 4110 774 4119; x_wconf 95' lang='lat' dir='ltr'> </span> 
     </span>
    </p>
   </div>
   <div class='ocr_carea' id='block_1_5' title="bbox 373 4159 2837 4637">
    <p class='ocr_par' dir='ltr' id='par_1_12' title="bbox 455 4159 2201 4307">
     <span class='ocr_line' id='line_1_35' title="bbox 455 4159 1958 4224; baseline -0.001 -15"><span class='ocrx_word' id='word_1_263' title='bbox 455 4162 503 4223; x_wconf 91' lang='grc'>1)</span> <span class='ocrx_word' id='word_1_264' title='bbox 790 4160 1002 4210; x_wconf 82' lang='lat' dir='ltr'>Pellitur</span> <span class='ocrx_word' id='word_1_265' title='bbox 1034 4176 1060 4209; x_wconf 85' lang='lat' dir='ltr'>e</span> <span class='ocrx_word' id='word_1_266' title='bbox 1092 4160 1243 4211; x_wconf 82' lang='lat' dir='ltr'>medio</span> <span class='ocrx_word' id='word_1_267' title='bbox 1276 4159 1531 4224; x_wconf 75' lang='lat' dir='ltr'>sapientia,</span> <span class='ocrx_word' id='word_1_268' title='bbox 1567 4159 1613 4208; x_wconf 85' lang='lat' dir='ltr'>vi</span> <span class='ocrx_word' id='word_1_269' title='bbox 1640 4160 1835 4224; x_wconf 74' lang='lat' dir='ltr'>qeritar</span> <span class='ocrx_word' id='word_1_270' title='bbox 1869 4175 1958 4218; x_wconf 87' lang='lat' dir='ltr'>res,</span> 
     </span>
     <span class='ocr_line' id='line_1_36' title="bbox 786 4240 2201 4307; baseline 0 -18"><span class='ocrx_word' id='word_1_271' title='bbox 786 4242 1038 4307; x_wconf 82' lang='lat' dir='ltr'>Spernitur</span> <span class='ocrx_word' id='word_1_272' title='bbox 1069 4245 1228 4291; x_wconf 83' lang='lat' dir='ltr'>orator</span> <span class='ocrx_word' id='word_1_273' title='bbox 1263 4243 1421 4300; x_wconf 75' lang='lat' dir='ltr'>tonus,</span> <span class='ocrx_word' id='word_1_274' title='bbox 1456 4241 1679 4291; x_wconf 80' lang='lat' dir='ltr'>horridus</span> <span class='ocrx_word' id='word_1_275' title='bbox 1714 4240 1847 4290; x_wconf 81' lang='lat' dir='ltr'>miles</span> <span class='ocrx_word' id='word_1_276' title='bbox 1878 4245 2073 4289; x_wconf 82' lang='lat' dir='ltr'>amatur</span> <span class='ocrx_word' id='word_1_277' title='bbox 2103 4256 2201 4304; x_wconf 82' lang='lat' dir='ltr'>sqq.</span> 
     </span>
    </p>

    <p class='ocr_par' dir='ltr' id='par_1_13' title="bbox 373 4322 2837 4637">
     <span class='ocr_line' id='line_1_37' title="bbox 453 4322 2774 4389; baseline 0 -17"><span class='ocrx_word' id='word_1_278' title='bbox 453 4324 508 4387; x_wconf 82' lang='lat'>2)</span> <span class='ocrx_word' id='word_1_279' title='bbox 545 4323 684 4373; x_wconf 87' lang='lat' dir='ltr'>Conf.</span> <span class='ocrx_word' id='word_1_280' title='bbox 718 4324 845 4373; x_wconf 79' lang='lat' dir='ltr'>Lact.</span> <span class='ocrx_word' id='word_1_281' title='bbox 881 4323 992 4373; x_wconf 85' lang='lat' dir='ltr'>Div.</span> <span class='ocrx_word' id='word_1_282' title='bbox 1029 4324 1138 4374; x_wconf 82' lang='lat' dir='ltr'>inst.</span> <span class='ocrx_word' id='word_1_283' title='bbox 1175 4324 1201 4373; x_wconf 94' lang='grc' dir='ltr'>Ι</span> <span class='ocrx_word' id='word_1_284' title='bbox 1238 4326 1298 4372; x_wconf 79' lang='grc'>14</span> <span class='ocrx_word' id='word_1_285' title='bbox 1337 4323 1522 4374; x_wconf 78' lang='lat' dir='ltr'>Deinde</span> <span class='ocrx_word' id='word_1_286' title='bbox 1561 4324 1722 4381; x_wconf 82' lang='lat' dir='ltr'>Titan,</span> <span class='ocrx_word' id='word_1_287' title='bbox 1751 4328 2003 4387; x_wconf 75' lang='lat' dir='ltr'>postquam</span> <span class='ocrx_word' id='word_1_288' title='bbox 2041 4322 2230 4372; x_wconf 76' lang='lat' dir='ltr'>rescivit</span> <span class='ocrx_word' id='word_1_289' title='bbox 2265 4324 2476 4372; x_wconf 83' lang='lat' dir='ltr'>Saturno</span> <span class='ocrx_word' id='word_1_290' title='bbox 2500 4323 2640 4389; x_wconf 81' lang='lat' dir='ltr'>filios</span> <span class='ocrx_word' id='word_1_291' title='bbox 2668 4340 2774 4387; x_wconf 84' lang='lat' dir='ltr'>pro-</span> 
     </span>
     <span class='ocr_line' id='line_1_38' title="bbox 385 4394 2837 4471; baseline 0 -16"><span class='ocrx_word' id='word_1_292' title='bbox 385 4412 568 4456; x_wconf 80' lang='lat' dir='ltr'>creatos</span> <span class='ocrx_word' id='word_1_293' title='bbox 617 4411 762 4470; x_wconf 77' lang='lat' dir='ltr'>atque</span> <span class='ocrx_word' id='word_1_294' title='bbox 809 4408 1033 4456; x_wconf 79' lang='lat' dir='ltr'>educatos</span> <span class='ocrx_word' id='word_1_295' title='bbox 1077 4422 1178 4456; x_wconf 90' lang='lat' dir='ltr'>esse</span> <span class='ocrx_word' id='word_1_296' title='bbox 1219 4409 1341 4455; x_wconf 87' lang='lat' dir='ltr'>clam</span> <span class='ocrx_word' id='word_1_297' title='bbox 1390 4422 1453 4466; x_wconf 85' lang='lat' dir='ltr'>se,</span> <span class='ocrx_word' id='word_1_298' title='bbox 1498 4406 1683 4456; x_wconf 80' lang='lat' dir='ltr'>seducit</span> <span class='ocrx_word' id='word_1_299' title='bbox 1728 4421 1880 4455; x_wconf 77' lang='lat' dir='ltr'>secum</span> <span class='ocrx_word' id='word_1_300' title='bbox 1907 4406 2041 4471; x_wconf 83' lang='lat' dir='ltr'>filios</span> <span class='ocrx_word' id='word_1_301' title='bbox 2074 4421 2179 4454; x_wconf 85' lang='lat' dir='ltr'>suos</span> <span class='ocrx_word' id='word_1_302' title='bbox 2212 4406 2295 4469; x_wconf 78' lang='lat' dir='ltr'>qui</span> <span class='ocrx_word' id='word_1_303' title='bbox 2332 4405 2496 4454; x_wconf 70' lang='lat' dir='ltr'>Titani</span> <span class='ocrx_word' id='word_1_304' title='bbox 2528 4412 2771 4467; x_wconf 81' lang='lat' dir='ltr'>vocantur,</span> <span class='ocrx_word' id='word_1_305' title='bbox 2817 4394 2837 4409; x_wconf 72' lang='lat'><em>⁶</em></span> 
     </span>
     <span class='ocr_line' id='line_1_39' title="bbox 373 4488 2771 4554; baseline 0 -16"><span class='ocrx_word' id='word_1_306' title='bbox 373 4490 684 4554; x_wconf 84' lang='lat' dir='ltr'>fratremque</span> <span class='ocrx_word' id='word_1_307' title='bbox 733 4505 865 4538; x_wconf 80' lang='lat' dir='ltr'>suum</span> <span class='ocrx_word' id='word_1_308' title='bbox 916 4490 1177 4538; x_wconf 78' lang='lat' dir='ltr'>Saturnum</span> <span class='ocrx_word' id='word_1_309' title='bbox 1228 4493 1373 4553; x_wconf 76' lang='lat' dir='ltr'>atque</span> <span class='ocrx_word' id='word_1_310' title='bbox 1430 4490 1572 4551; x_wconf 81' lang='lat' dir='ltr'>Opem</span> <span class='ocrx_word' id='word_1_311' title='bbox 1625 4488 1973 4552; x_wconf 80' lang='lat' dir='ltr'>comprehendit</span> <span class='ocrx_word' id='word_1_312' title='bbox 2022 4502 2185 4551; x_wconf 81' lang='lat' dir='ltr'>eosque</span> <span class='ocrx_word' id='word_1_313' title='bbox 2234 4503 2364 4536; x_wconf 82' lang='lat' dir='ltr'>muro</span> <span class='ocrx_word' id='word_1_314' title='bbox 2408 4488 2679 4553; x_wconf 76' lang='lat' dir='ltr'>circumeqit</span> <span class='ocrx_word' id='word_1_315' title='bbox 2721 4495 2771 4539; x_wconf 83' lang='lat' dir='ltr'>et</span> 
     </span>
     <span class='ocr_line' id='line_1_40' title="bbox 387 4571 1026 4637; baseline 0.002 -16"><span class='ocrx_word' id='word_1_316' title='bbox 387 4571 650 4621; x_wconf 70' lang='lat' dir='ltr'>custodiam</span> <span class='ocrx_word' id='word_1_317' title='bbox 685 4571 760 4621; x_wconf 74' lang='lat' dir='ltr'>his</span> <span class='ocrx_word' id='word_1_318' title='bbox 792 4572 1026 4637; x_wconf 61' lang='lat' dir='ltr'>apposuit.</span> 
     </span>
    </p>
   </div>
  </div>
 </body>
</html>
