3392 5384
695 394 829 460 322
1736 413 2046 478 nonnus.

689 578 1021 645 letatus
1081 579 1153 641 in
1215 598 1339 664 quo
1402 575 1608 643 scelus
1671 579 1759 644 sit
1822 580 2248 643 constitutum
2298 582 2413 643 aut
2457 578 2902 643 commissum.

689 684 786 767 (5)
855 682 1360 750 Scelerosus
1430 686 1750 749 accusatio
1822 704 2144 769 personae.
2288 682 2385 769 (6)
2456 681 2945 763 „Scelerosum”
3018 683 3093 751 in

688 789 1035 868 Thaidem,
1089 789 1453 876 „impium”
1507 792 1577 855 in
1629 792 1971 875 virginem,

777 898 992 965 Schol.
1057 896 1154 978 (3)
1220 897 1468 963 Donato
1536 919 1663 962 non
1726 897 2071 983 indignum
2136 901 2255 963 est.
2325 896 2698 982 Sequuntur
2746 898 3093 963 varietates

688 1008 1184 1091 magistrorum,
1243 1024 1277 1070 e
1325 1004 1560 1089 quibus
1606 1003 1702 1085 (4)
1749 1002 2004 1069 Editori
2053 1003 2374 1083 dederim,
2424 1006 2607 1069 cuius
2654 1002 2805 1070 vide
2852 1005 3095 1068 miram

685 1111 1099 1179 latinitatem.
1149 1109 1359 1177 Schol.
1409 1109 1508 1192 (6)
1556 1110 1786 1176 falsam
1834 1110 2255 1177 differentiam
2306 1110 2585 1177 exhibet.
2648 1174 2652 1179 .

778 1324 860 1393 IV
917 1325 976 1394 ¹7.
1005 1325 1092 1391 43
1165 1326 1336 1392 Bene
1381 1331 1572 1413 putas
2832 1414 2837 1419 ⁸

780 1432 878 1514 (3)
927 1433 1066 1499 Hoc
1115 1438 1213 1498 est
1252 1438 1478 1499 recte
1517 1436 1742 1518 putas,
1781 1433 2014 1518 sapis
2060 1431 2162 1501 vel
2198 1429 2667 1517 intelligis.
2711 1428 3087 1517 Vergilius:

691 1540 944 1618 „multa
1006 1545 1237 1627 putans
1284 1545 1664 1625 sortemque·
1695 1541 1911 1604 animo
1959 1540 2306 1604 miseratur
2350 1535 2695 1631 iniquam'[
2732 1536 2849 1621 (VI
2896 1534 3092 1618 332).

823 1646 919 1728 (4)
966 1644 1084 1712 Vel
1131 1666 1164 1711 c
1182 1668 1219 1712 ο
1236 1648 1318 1710 ni
1335 1646 1476 1711 cis.
1627 1643 1723 1726 (5)
1771 1644 1887 1711 Vel
1932 1643 2215 1730 „putas”
2263 1642 2304 1709 d
2322 1646 2347 1708 i
2364 1664 2451 1730 sp
2469 1665 2512 1709 u
2532 1649 2677 1709 tas.
2816 1642 2915 1724 (6)
2967 1640 3093 1708 Vel

691 1752 965 1839 „putas”
1015 1774 1048 1818 c
1066 1774 1102 1817 o
1119 1754 1207 1838 gi
1227 1759 1255 1817 t
1274 1773 1311 1818 a
1328 1774 1380 1817 s.

776 1856 1096 1924 Similiter
1141 1863 1285 1944 post
1330 1857 1491 1923 Don.
1538 1856 1634 1940 (3)
1681 1856 1897 1943 plures
1943 1858 2243 1944 magistri
2292 1876 2409 1923 sua
2455 1853 2891 1943 protulerunt.

1556 2108 1647 2174 In
1693 2107 2223 2173 Phormione.

780 2293 955 2362 Prol.
1006 2293 1093 2360 34
1163 2294 1554 2380 Bonitasque
1599 2299 1816 2359 nostra
1862 2293 2159 2358 adiutans
2206 2297 2400 2380 atque
2446 2294 2915 2379 aequanimitas

783 2403 878 2484 (l)
945 2402 1290 2480 „Bonitas”
1353 2404 1423 2466 in
1470 2402 1769 2466 omnibus
1816 2400 2204 2487 generaliter
2249 2400 2476 2479 rebus,
2531 2400 3093 2485 „aequanimitas”

688 2511 755 2574 in
805 2508 1164 2595 spectandO.
1280 2506 1383 2572 Sic
1423 2528 1572 2572 sana
1608 2509 1852 2572 ratione
1892 2508 2198 2573 Donatus.
2239 2505 2614 2592 Sequuntur
2635 2508 2818 2572 haec:
2862 2507 2960 2587 (2)
2989 2509 3096 2571 An

693 2615 1028 2694 „bonitas”
1095 2618 1163 2680 in
1224 2615 1582 2700 spectandis
1641 2615 1745 2679 his
1793 2636 1953 2699 quae
2002 2616 2163 2680 bona
2210 2612 2472 2697 sunt(1),
2532 2614 3094 2701 „aequanimitas”

689 2726 756 2787 in
801 2722 1208 2809 ignoscendis
1257 2723 1438 2787 vitiis
1485 2726 1675 2806 atque
1724 2718 2020 2787 delictis?
2158 2720 2253 2802 (3)
2304 2722 2401 2786 An
2451 2724 2835 2797 ταυτολογία
2883 2730 2999 2786 est.

689 2829 784 2910 (4)
825 2829 924 2893 An
969 2828 1302 2913 „bonitas”
1345 2831 1510 2893 circa
1552 2848 1803 2905 omnes,
1850 2826 2405 2912 „aequanimitas”
2434 2830 2600 2892 circa
2624 2824 3043 2893 Terentium?

780 2933 856 2998 In
919 2934 1014 3015 (2)
1075 2933 1612 3019 deprehendimus
1671 2932 1842 2999 male
1906 2955 2136 2999 sanum
2192 2954 2459 2999 acumen
2508 2938 2573 2999 et
2624 2934 3087 3001 verbositatem

687 3039 1004 3118 Editoris,
1052 3042 1236 3105 iuxta
1283 3061 1475 3125 quem
1523 3040 1731 3105 denuo
1779 3038 1906 3105 duo
1955 3042 2253 3127 magistri
2299 3039 2637 3125 prodeunt.

781 3254 811 3320 I
861 3257 921 3321 1.
955 3256 986 3319 1
1061 3255 1326 3320 Amicus
1374 3275 1670 3320 summus
1719 3274 1903 3319 meus
1951 3259 2016 3319 et
2064 3253 2395 3340 popularis
2443 3251 2611 3320 Geta

779 3363 957 3444 (6),
957 3360 1291 3439 ,Amicus'’
1351 3383 1388 3427 a
1433 3360 1769 3426 voluntate
1818 3360 2229 3447 „popularis”
2280 3382 2318 3426 a
2366 3360 2641 3427 fortuna.
2781 3360 2945 3441 (7),
2944 3360 3091 3439 ,-Ρο

690 3467 973 3553 pularis’'
1040 3467 1330 3532 eiusdem
1394 3466 1781 3532 condicionis
1845 3469 2213 3552 gregisque.
2296 3464 2646 3537 Sallustius
2718 3465 3089 3552 „popularis

691 3573 946 3640 sceleris
1006 3572 1367 3653 sui’'(Cat.
1421 3557 1647 3653 221).
1792 3571 1899 3638 Sic
1946 3572 2272 3649 Donatus,
2322 3592 2359 3637 a
2408 3575 2594 3637 cuius
2641 3592 2791 3637 sana
2838 3571 3087 3658 simpli-

691 3683 882 3745 citate
948 3679 1093 3747 vide
1161 3678 1369 3744 denuo
1442 3685 1835 3765 quantopere
1905 3679 2146 3744 distent
2214 3681 2680 3765 magistrorum
2748 3680 3083 3743 conamina

691 3807 851 3872 quae
889 3790 1279 3871 sequuntur:
1321 3786 1417 3867 (8)
1458 3786 1543 3850 Et
1574 3784 1986 3871 „popularis”
2034 3784 2271 3872 populo
2298 3791 2551 3850 amatus
2574 3790 2689 3850 est.
2785 3783 2941 3867 (9),
2939 3784 3084 3862 ,Ρο-

691 3892 974 3977 pularis''
1024 3895 1184 3958 civis
1231 3898 1348 3959 est.
1488 3892 1699 3973 (10),
1697 3891 2105 3978 ,Popularis’'
2155 3890 2426 3956 humilis
2474 3895 2592 3958 est.
2730 3890 2956 3972 (11),,

689 3998 973 4083 pularis''
1015 3999 1164 4065 vilis
1208 3996 1289 4085 <e
1307 3997 1380 4085 ?>
1424 3998 1790 4086 populoque
1834 4000 2043 4063 factus
2086 4003 2159 4063 ut
2190 4000 2247 4063 si
2272 4000 2415 4083 quis
2439 3997 2609 4063 dicat
2648 3996 3081 4063 sordidum

691 4104 1353 4192 popularemque
1401 4109 1694 4171 civem..
1836 4105 1935 4170 Ex
1983 4106 2084 4170 his
2132 4105 2414 4170 dubitari
2463 4106 2687 4189 nequit
2736 4105 2891 4189 quin
2937 4102 3085 4169 Edi-

692 4214 815 4276 tori
878 4211 1348 4299 adsignandum
1409 4215 1495 4277 sit
1555 4212 1623 4277 id
1688 4212 1859 4297 quod
1911 4212 2270 4277 doctrinam
2320 4210 2856 4297 qualemcumque
2902 4209 3084 4296 profi-

692 4322 882 4395 tetur,
929 4340 1162 4408 nempe
1213 4320 1374 4405 (11).
1469 4318 1684 4385 Schol.
1735 4319 1831 4400 (9)
1879 4321 2229 4404 repetitum
2272 4323 2369 4383 est
2410 4339 2487 4384 ex
2530 4317 2649 4383 Ad.
2690 4316 2751 4381 II
2796 4316 3078 4397 1.1(1):

692 4445 860 4489 nunc
906 4430 1122 4489 autem
1176 4424 1600 4511 „”populares
1648 4428 1881 4491 cives
1930 4424 2107 4490 dicit.

783 4530 880 4593 Ex
943 4530 1209 4616 reliquis
1270 4531 1530 4598 scholiis
1592 4530 1844 4597 Donato
1907 4532 2111 4597 danda
2158 4537 2309 4596 sunt
2356 4530 2684 4617 longiores
2730 4530 2825 4611 (l)
2874 4535 2939 4595 et
2987 4528 3081 4610 (2)
