3392 5384
651 383 782 452 346
1706 403 1959 452 munus.

657 573 825 659 quod
895 572 1138 640 Miiller
1195 573 1570 639 adverbium
1631 594 1745 657 quo
1805 592 1954 636 cum
2016 572 2306 658 genitivo
2353 572 2479 635 viai
2523 572 3039 659 coniungendnm

647 701 783 748 esse
831 681 1085 760 docuit,
1131 678 1376 746 Vahlen
1423 680 1825 764 comparavit
1873 699 2096 746 versus
2144 677 2526 745 Homericos
2575 686 2671 759 (Ω
2709 679 2837 746 201
2881 686 3037 766 sq.):

917 787 959 851 ὦ
1006 811 1144 866 μοι,
1196 796 1280 868 πῇ
1330 786 1401 860 δή
1452 809 1541 850 τοι
1589 786 1809 864 Φρένες
1856 783 2107 866 οἷκον-τ’,
2158 780 2228 865 ἧς
2276 785 2343 850 τὸ
2393 785 2584 865 πάρος
2634 810 2749 864 περ

920 895 1106 959 uncie·
1154 893 1250 958 ἐπ’
1301 893 1634 972 ἀνθρώπους
1684 891 1905 969 ξείνους
1959 891 2047 966 ἠδ’
2097 887 2209 956 οἷσι
2260 890 2609 972 raudo-cet&

646 1002 772 1081 Qui
818 1008 1034 1067 tamen
1081 1022 1306 1068 versus
1352 999 1653 1065 Lambini
1691 1001 2092 1064 coniecturae
2130 1019 2360 1084 parum
2401 1000 2638 1064 favent.
2690 999 2826 1080 Qua
2866 1001 3037 1065 enim

646 1113 824 1194 parte
871 1105 1184 1174 claudicet
1231 1105 1398 1172 clare
1446 1113 1638 1192 atque
1683 1111 1900 1192 aperte
1948 1105 2193 1170 docent.
2241 1104 2410 1169 Nam
2459 1106 2629 1192 apud
2675 1105 3039 1172 Homerum

647 1213 913 1280 Hecuba
959 1214 1037 1279 ad
1086 1215 1395 1278 maritum
1443 1215 1568 1278 ait:
1621 1234 1777 1298 „quo
1825 1219 1930 1275 tua
1976 1234 2135 1275 meus
2174 1211 2556 1290 aberravit'';
2614 1214 2683 1276 in
2733 1215 2836 1278 via
2886 1232 3037 1278 vero

650 1321 762 1407 qui
816 1327 940 1398 est,
996 1323 1052 1385 is
1107 1341 1232 1384 non
1287 1321 1624 1387 aberravit.
1691 1317 1863 1384 Nam
1918 1339 1996 1383 ex
2050 1319 2405 1383 rationibus
2458 1315 2725 1383 Latinae
2773 1318 3039 1404 linguae

649 1426 826 1492 aliud
873 1433 1001 1492 est:
1052 1448 1164 1512 quo
1213 1433 1507 1490 terrarum
1551 1427 1687 1490 sive
1735 1446 1848 1510 quo
1895 1425 2170 1502 locorum,
2220 1423 2397 1489 aliud
2443 1446 2555 1509 quo
2602 1424 2755 1489 viai.
2815 1423 3041 1510 Itaque

647 1530 813 1598 illud
873 1555 997 1596 sese
1041 1534 1272 1615 flexere
1331 1531 1433 1595 via
1452 1581 1468 1610 ,
1518 1531 1585 1597 id
1631 1537 1729 1596 est
1776 1553 1848 1594 ea·
1894 1529 1997 1594 via
2044 1529 2471 1595 retinendum.
2542 1529 2723 1596 Idem
2770 1532 3044 1597 sensisse

647 1639 1073 1706 Bahrensium
1136 1638 1322 1705 docet
1382 1639 1747 1704 coniectura
1803 1639 1943 1702 eins
2004 1637 2105 1700 via
2169 1639 2281 1701 de.s
2333 1635 2458 1703 Sed
2519 1637 2587 1701 in
2652 1658 2726 1702 ea
2767 1659 3045 1725 gravem

648 1744 1054 1824 offensionem
1096 1744 1290 1810 habet
1327 1746 1714 1830 praepositio
1760 1746 1832 1808 de
1874 1745 2083 1829 posita
2128 1748 2273 1830 post
2320 1743 2838 1823 substantivum,
2879 1765 3046 1830 quae

644 1853 1130 1938 pronominibus
1192 1851 1482 1917 relativis
1527 1853 1813 1936 exceptis
1859 1856 2003 1936 post
2049 1849 2365 1916 vocabula
2411 1851 2646 1937 quibus
2694 1853 3049 1937 apponitur

646 1956 944 2024 collocari
981 1979 1105 2023 non
1145 1956 1327 2023 solet.
1370 1956 1645 2024 Gravior
1682 1962 1903 2022 autem
1943 1956 2016 2021 fit
2056 1958 2400 2035 sententia,
2427 1957 2632 2023 forma
2656 1959 3046 2038 concinnior,

645 2067 701 2130 si
766 2067 910 2131 voci
972 2066 1226 2128 antehac
1285 2066 1352 2128 in
1417 2066 1644 2143 initi0,
1710 2067 1781 2128 in
1840 2084 2064 2129 versus
2111 2063 2233 2128 fine
2281 2064 2623 2129 antithesis
2671 2066 3045 2152 opponitur.

647 2169 723 2235 In
787 2169 908 2236 fine
973 2192 1190 2238 versus
1250 2191 1438 2256 porro
1483 2169 1672 2236 facile
1719 2167 2061 2235 nonnullae
2108 2168 2365 2235 litterae
2411 2171 2676 2236 interire
2724 2177 3048 2258 poterant.

648 2278 1102 2363 Proposuerim
1147 2280 1388 2364 igitur:

922 2385 1211 2463 Antehac,
1260 2387 1551 2449 dementes
1595 2406 1717 2449 cese
1746 2386 1978 2468 flexere
2024 2383 2126 2448 via
2179 2385 2453 2475 (nuuc).

651 2491 924 2556 Met-rice
971 2512 1066 2557 vs.
1115 2487 1247 2557 207
1296 2489 1599 2559 similiter
1648 2489 2005 2556 clauditur:

929 2597 1147 2661 Orator
1191 2597 1321 2663 siue
1352 2619 1507 2680 pace
1551 2597 1713 2662 redit
1759 2597 2001 2682 reyique
2046 2598 2243 2682 refert
2289 2620 2427 2663 rem.
2522 2633 2531 2640 ·

651 2659 756 2772 of.x
800 2702 955 2781 256,
1002 2699 1156 2770 276.

743 2919 849 2984 Vs.
899 2918 1030 2985 239
1057 2940 1192 3005 sqq.

929 3026 1038 3090 Oai
1083 3049 1179 3090 ree
1223 3027 1509 3090 audacter
1554 3047 1799 3107 maquas
1832 3047 2180 3111 parvaeque
2224 3025 2527 3111 iocumque

740 3133 873 3200 240
921 3134 1320 3219 Eloqueretur
1367 3141 1424 3198 et
1469 3140 1684 3198 cuncta
1731 3133 2007 3218 malaque
2052 3139 2111 3197 et
2158 3133 2307 3197 bona
2355 3133 2522 3197 dictu

921 3242 1226 3305 Euomeret
1268 3241 1325 3304 ei
1369 3239 1476 3326 qui
1521 3240 1701 3304 vellet
1746 3247 1987 3325 tutoque
2032 3240 2289 3318 locaret,

929 3349 1185 3429 Quocum
1228 3347 1420 3411 multa
1463 3347 1641 3429 volup
1690 3347 1968 3430 [qaudia]
2015 3347 2278 3432 clamque
2303 3346 2651 3432 palamque,

921 3454 1234 3537 queuium
1283 3454 1382 3518 cui
1426 3454 1603 3517 nulla
1651 3454 1869 3518 malum
1914 3453 2213 3518 sententia
2260 3454 2476 3518 suadet

935 3561 1007 3625 Ut
1041 3563 1291 3646 faceret
1323 3561 1604 3646 faciuue,
1655 3560 1825 3639 levis,
1878 3561 2046 3624 haud
2090 3559 2301 3638 malus,
2350 3561 2575 3639 doctus,
2606 3561 2843 3646 fidelis,

742 3667 874 3734 245
922 3668 1135 3733 Suavis
1182 3670 1367 3748 h0m0,
1403 3669 1744 3754 facundus,
1792 3690 1896 3731 suo
1946 3673 2271 3745 contentus,
2321 3668 2545 3747 beatus,

921 3775 1138 3853 Scitus,
1185 3777 1443 3839 eecmcda
1489 3776 1730 3860 loquens
1776 3774 1844 3837 iu
1893 3781 2168 3856 tempore,
2218 3776 2566 3852 commodus,
2611 3774 2845 3839 verbum

924 3882 1208 3961 Paucum,
1259 3882 1447 3946 multa
1499 3888 1721 3959 teueue,
1772 3881 2023 3967 antiqua
2070 3881 2313 3964 sepulta
2357 3887 2618 3945 vetustas

903 3985 1095 4070 Quae
1129 3988 1305 4074 facit
1316 4015 1344 4065 ;
1395 3995 1451 4052 et
1497 4010 1682 4052 mores
1730 3995 2066 4073 veteresque
2108 4009 2398 4073 novosque
2445 3995 2764 4067 tenentem,

917 4096 1255 4159 Multorum
1304 4102 1557 4159 veterum
1605 4097 1761 4178 leqee
1808 4095 2122 4179 divumque
2168 4095 2597 4181 hominumque,

740 4201 872 4267 250
920 4203 1296 4280 Prudentem,
1345 4202 1451 4287 qui
1498 4203 1660 4266 dicta
1712 4202 1879 4286 loqui
1926 4208 2187 4266 tacereve
2220 4209 2448 4284 posset,

919 4305 1102 4372 Hunc}
1148 4308 1308 4372 iuter
1341 4293 1585 4391 puquae
1632 4308 1924 4372 Servilius
1970 4309 2058 4371 sic
2104 4309 2432 4391 compellat.

738 4414 940 4480 Totus
985 4414 1199 4492 locus,
1250 4417 1434 4480 nobis
1483 4436 1519 4480 a
1566 4412 1781 4480 Gellio
1831 4421 2120 4480 servatus
2159 4414 2369 4497 (Noct.
2412 4416 2547 4480 Att.
2593 4415 2739 4493 XII,
2783 4415 2870 4496 4),
2913 4437 3041 4502 quo

645 4521 840 4587 homo
921 4521 1325 4588 modestioris
1396 4521 1823 4602 condicionis,
1896 4543 2088 4608 quem
2158 4520 2472 4590 Servilius
2539 4519 2853 4592 Geminus
2920 4544 3041 4590 sua
