<?xml version="1.0" encoding="UTF-8"?>
<!DOCTYPE html PUBLIC "-//W3C//DTD XHTML 1.0 Transitional//EN"
    "http://www.w3.org/TR/xhtml1/DTD/xhtml1-transitional.dtd">
<html xmlns="http://www.w3.org/1999/xhtml" xml:lang="en" lang="en">
 <head>
  <title>
</title>
<meta http-equiv="Content-Type" content="text/html;charset=utf-8" />
  <meta name='ocr-system' content='tesseract 3.04.00' />
  <meta name='ocr-capabilities' content='ocr_page ocr_carea ocr_par ocr_line ocrx_word'/>
</head>
<body>
  <div class='ocr_page' id='page_1' title='image "./mnemosynebiblio13servgoog_0071.png"; bbox 0 0 3392 5384; ppageno 0'>
   <div class='ocr_carea' id='block_1_1' title="bbox 1424 403 2795 472">
    <p class='ocr_par' dir='ltr' id='par_1_1' title="bbox 1424 403 2795 472">
     <span class='ocr_line' id='line_1_1' title="bbox 1424 403 2795 472; baseline 0.002 -3"><span class='ocrx_word' id='word_1_1' title='bbox 1424 423 1795 472; x_wconf 71' lang='lat' dir='ltr'><strong>muudum.</strong></span> <span class='ocrx_word' id='word_1_2' title='bbox 2707 403 2795 472; x_wconf 79' lang='lat'><strong>59</strong></span> 
     </span>
    </p>
   </div>
   <div class='ocr_carea' id='block_1_2' title="bbox 407 588 2855 4576">
    <p class='ocr_par' dir='ltr' id='par_1_2' title="bbox 407 588 2803 778">
     <span class='ocr_line' id='line_1_2' title="bbox 514 588 2803 672; baseline -0.002 -15"><span class='ocrx_word' id='word_1_3' title='bbox 514 588 585 657; x_wconf 87' lang='lat' dir='ltr'><strong>G.</strong></span> <span class='ocrx_word' id='word_1_4' title='bbox 637 589 744 654; x_wconf 89' lang='grc'><strong>21.</strong></span> <span class='ocrx_word' id='word_1_5' title='bbox 776 589 878 655; x_wconf 89' lang='grc'><strong>12.</strong></span> <span class='ocrx_word' id='word_1_6' title='bbox 929 596 986 652; x_wconf 73' lang='lat' dir='ltr'><strong>et</strong></span> <span class='ocrx_word' id='word_1_7' title='bbox 1031 590 1290 672; x_wconf 71' lang='lat' dir='ltr'><strong>despicis</strong></span> <span class='ocrx_word' id='word_1_8' title='bbox 1337 589 1530 654; x_wconf 68' lang='lat' dir='ltr'><strong>Isidis</strong></span> <span class='ocrx_word' id='word_1_9' title='bbox 1577 593 1662 654; x_wconf 85' lang='lat' dir='ltr'><strong>ad</strong></span> <span class='ocrx_word' id='word_1_10' title='bbox 1704 590 2101 667; x_wconf 56' lang='lat' dir='ltr'><strong>hirundinem,</strong></span> <span class='ocrx_word' id='word_1_11' title='bbox 2150 590 2411 666; x_wconf 66' lang='lat' dir='ltr'><strong>sim-um,</strong></span> <span class='ocrx_word' id='word_1_12' title='bbox 2460 596 2517 653; x_wconf 73' lang='lat' dir='ltr'><strong>et</strong></span> <span class='ocrx_word' id='word_1_13' title='bbox 2553 591 2803 672; x_wconf 75' lang='lat' dir='ltr'><strong>adspar-</strong></span> 
     </span>
     <span class='ocr_line' id='line_1_3' title="bbox 407 695 2356 778; baseline 0 -19"><span class='ocrx_word' id='word_1_14' title='bbox 407 697 500 759; x_wconf 70' lang='lat' dir='ltr'><strong>sis</strong></span> <span class='ocrx_word' id='word_1_15' title='bbox 546 696 812 760; x_wconf 69' lang='lat' dir='ltr'><strong>membris</strong></span> <span class='ocrx_word' id='word_1_16' title='bbox 854 696 1092 760; x_wconf 72' lang='lat' dir='ltr'><strong>imanem</strong></span> <span class='ocrx_word' id='word_1_17' title='bbox 1139 696 1230 758; x_wconf 70' lang='lat' dir='ltr'><strong>tui</strong></span> <span class='ocrx_word' id='word_1_18' title='bbox 1273 695 1590 778; x_wconf 72' lang='lat' dir='ltr'><strong>Serapidis</strong></span> <span class='ocrx_word' id='word_1_19' title='bbox 1629 695 1758 759; x_wconf 74' lang='lat' dir='ltr'><strong>eive</strong></span> <span class='ocrx_word' id='word_1_20' title='bbox 1810 695 2003 760; x_wconf 71' lang='lat' dir='ltr'><strong>Osiris</strong></span> <span class='ocrx_word' id='word_1_21' title='bbox 2049 697 2356 760; x_wconf 69' lang='lat' dir='ltr'><strong>tumubum.</strong></span> 
     </span>
    </p>

    <p class='ocr_par' dir='ltr' id='par_1_3' title="bbox 407 799 2855 2254">
     <span class='ocr_line' id='line_1_4' title="bbox 506 799 2798 886; baseline 0 -21"><span class='ocrx_word' id='word_1_22' title='bbox 506 802 680 866; x_wconf 90' lang='lat' dir='ltr'><strong>Haec</strong></span> <span class='ocrx_word' id='word_1_23' title='bbox 720 802 942 878; x_wconf 85' lang='lat' dir='ltr'><strong>verba,</strong></span> <span class='ocrx_word' id='word_1_24' title='bbox 985 804 1144 886; x_wconf 87' lang='lat' dir='ltr'><strong>quae</strong></span> <span class='ocrx_word' id='word_1_25' title='bbox 1187 801 1503 866; x_wconf 81' lang='lat' dir='ltr'>Baehrens</span> <span class='ocrx_word' id='word_1_26' title='bbox 1540 823 1617 866; x_wconf 82' lang='lat' dir='ltr'><strong>ex</strong></span> <span class='ocrx_word' id='word_1_27' title='bbox 1655 801 1785 867; x_wconf 90' lang='lat' dir='ltr'><strong>alio</strong></span> <span class='ocrx_word' id='word_1_28' title='bbox 1826 801 2107 886; x_wconf 92' lang='lat' dir='ltr'><strong>quodam</strong></span> <span class='ocrx_word' id='word_1_29' title='bbox 2147 803 2451 886; x_wconf 78' lang='lat' dir='ltr'><strong>scriptore</strong></span> <span class='ocrx_word' id='word_1_30' title='bbox 2491 822 2527 865; x_wconf 89' lang='lat' dir='ltr'><strong>a</strong></span> <span class='ocrx_word' id='word_1_31' title='bbox 2564 799 2798 866; x_wconf 89' lang='lat' dir='ltr'><strong>lectore</strong></span> 
     </span>
     <span class='ocr_line' id='line_1_5' title="bbox 413 904 2792 992; baseline -0.001 -18"><span class='ocrx_word' id='word_1_32' title='bbox 413 904 782 974; x_wconf 85' lang='lat' dir='ltr'><strong>Christiano</strong></span> <span class='ocrx_word' id='word_1_33' title='bbox 840 909 911 970; x_wconf 89' lang='lat' dir='ltr'><strong>in</strong></span> <span class='ocrx_word' id='word_1_34' title='bbox 957 909 1252 992; x_wconf 79' lang='lat' dir='ltr'><strong>margine</strong></span> <span class='ocrx_word' id='word_1_35' title='bbox 1299 906 1613 991; x_wconf 88' lang='lat' dir='ltr'><strong>adscripta</strong></span> <span class='ocrx_word' id='word_1_36' title='bbox 1657 908 1961 992; x_wconf 88' lang='lat' dir='ltr'><strong>putabat,</strong></span> <span class='ocrx_word' id='word_1_37' title='bbox 2014 907 2261 992; x_wconf 87' lang='lat' dir='ltr'><strong>Boenig</strong></span> <span class='ocrx_word' id='word_1_38' title='bbox 2306 911 2371 971; x_wconf 91' lang='lat' dir='ltr'><strong>in</strong></span> <span class='ocrx_word' id='word_1_39' title='bbox 2417 906 2541 971; x_wconf 84' lang='lat' dir='ltr'><strong>fine</strong></span> <span class='ocrx_word' id='word_1_40' title='bbox 2588 904 2659 973; x_wconf 85' lang='lat' dir='ltr'><strong>G.</strong></span> <span class='ocrx_word' id='word_1_41' title='bbox 2708 906 2792 972; x_wconf 83' lang='lat'><strong>21</strong></span> 
     </span>
     <span class='ocr_line' id='line_1_6' title="bbox 413 1011 2800 1096; baseline 0.001 -20"><span class='ocrx_word' id='word_1_42' title='bbox 413 1019 748 1096; x_wconf 89' lang='lat' dir='ltr'><strong>tamquam</strong></span> <span class='ocrx_word' id='word_1_43' title='bbox 811 1033 889 1077; x_wconf 83' lang='lat' dir='ltr'><strong>ex</strong></span> <span class='ocrx_word' id='word_1_44' title='bbox 952 1011 1078 1077; x_wconf 91' lang='lat' dir='ltr'><strong>alio</strong></span> <span class='ocrx_word' id='word_1_45' title='bbox 1124 1011 1264 1077; x_wconf 94' lang='lat' dir='ltr'><strong>loco</strong></span> <span class='ocrx_word' id='word_1_46' title='bbox 1309 1013 1436 1077; x_wconf 90' lang='lat' dir='ltr'><strong>huc</strong></span> <span class='ocrx_word' id='word_1_47' title='bbox 1478 1014 1733 1077; x_wconf 79' lang='lat' dir='ltr'><strong>invecta</strong></span> <span class='ocrx_word' id='word_1_48' title='bbox 1780 1015 2029 1078; x_wconf 90' lang='lat' dir='ltr'><strong>uncinis</strong></span> <span class='ocrx_word' id='word_1_49' title='bbox 2074 1012 2370 1088; x_wconf 78' lang='lat' dir='ltr'><strong>inclusit,</strong></span> <span class='ocrx_word' id='word_1_50' title='bbox 2418 1018 2483 1076; x_wconf 88' lang='lat' dir='ltr'><strong>et</strong></span> <span class='ocrx_word' id='word_1_51' title='bbox 2528 1033 2675 1076; x_wconf 91' lang='grc'><strong>66116</strong></span> <span class='ocrx_word' id='word_1_52' title='bbox 2722 1011 2800 1078; x_wconf 88' lang='grc'><strong>(16</strong></span> 
     </span>
     <span class='ocr_line' id='line_1_7' title="bbox 407 1116 2855 1204; baseline 0 -22"><span class='ocrx_word' id='word_1_53' title='bbox 407 1117 550 1183; x_wconf 89' lang='grc'><strong>1666</strong></span> <span class='ocrx_word' id='word_1_54' title='bbox 614 1121 725 1202; x_wconf 90' lang='lat' dir='ltr'><strong>qui</strong></span> <span class='ocrx_word' id='word_1_55' title='bbox 781 1120 865 1182; x_wconf 90' lang='lat' dir='ltr'><strong>iis</strong></span> <span class='ocrx_word' id='word_1_56' title='bbox 924 1118 1371 1183; x_wconf 89' lang='lat' dir='ltr'><strong>attribuendus</strong></span> <span class='ocrx_word' id='word_1_57' title='bbox 1432 1120 1517 1181; x_wconf 90' lang='lat' dir='ltr'><strong>sit</strong></span> <span class='ocrx_word' id='word_1_58' title='bbox 1535 1165 1550 1194; x_wconf 91' lang='lat'><strong><em>‚</em></strong></span> <span class='ocrx_word' id='word_1_59' title='bbox 1615 1116 1813 1204; x_wconf 92' lang='lat' dir='ltr'><strong>longa</strong></span> <span class='ocrx_word' id='word_1_60' title='bbox 1874 1119 2003 1183; x_wconf 86' lang='lat' dir='ltr'><strong>fuit</strong></span> <span class='ocrx_word' id='word_1_61' title='bbox 2054 1123 2245 1202; x_wconf 90' lang='lat' dir='ltr'><strong>atque</strong></span> <span class='ocrx_word' id='word_1_62' title='bbox 2293 1119 2661 1182; x_wconf 89' lang='lat' dir='ltr'><strong>etiamnunc</strong></span> <span class='ocrx_word' id='word_1_63' title='bbox 2708 1122 2804 1183; x_wconf 88' lang='lat' dir='ltr'><strong>est</strong></span> <span class='ocrx_word' id='word_1_64' title='bbox 2838 1116 2855 1128; x_wconf 83' lang='grc'><strong><em>’</em></strong></span> 
     </span>
     <span class='ocr_line' id='line_1_8' title="bbox 407 1223 2808 1308; baseline -0.001 -20"><span class='ocrx_word' id='word_1_65' title='bbox 407 1226 581 1288; x_wconf 86' lang='lat' dir='ltr'><strong>inter</strong></span> <span class='ocrx_word' id='word_1_66' title='bbox 641 1224 916 1288; x_wconf 77' lang='lat' dir='ltr'><strong>editores</strong></span> <span class='ocrx_word' id='word_1_67' title='bbox 975 1225 1424 1289; x_wconf 87' lang='lat' dir='ltr'><strong>controversia.</strong></span> <span class='ocrx_word' id='word_1_68' title='bbox 1490 1223 1792 1308; x_wconf 82' lang='lat' dir='ltr'><strong>Plerique</strong></span> <span class='ocrx_word' id='word_1_69' title='bbox 1859 1223 2245 1289; x_wconf 89' lang='lat' dir='ltr'><strong>Vahlenium</strong></span> <span class='ocrx_word' id='word_1_70' title='bbox 2293 1225 2497 1288; x_wconf 91' lang='lat' dir='ltr'><strong>secuti</strong></span> <span class='ocrx_word' id='word_1_71' title='bbox 2542 1243 2616 1288; x_wconf 92' lang='lat' dir='ltr'><strong>ea</strong></span> <span class='ocrx_word' id='word_1_72' title='bbox 2662 1227 2808 1308; x_wconf 90' lang='lat' dir='ltr'><strong>post</strong></span> 
     </span>
     <span class='ocr_line' id='line_1_9' title="bbox 411 1327 2808 1415; baseline -0.001 -21"><span class='ocrx_word' id='word_1_73' title='bbox 411 1330 608 1394; x_wconf 81' lang='lat' dir='ltr'><strong>verba</strong></span> <span class='ocrx_word' id='word_1_74' title='bbox 667 1351 842 1392; x_wconf 69' lang='lat' dir='ltr'><strong>sacra</strong></span> <span class='ocrx_word' id='word_1_75' title='bbox 903 1331 1174 1394; x_wconf 69' lang='lat' dir='ltr'><strong>Romamn</strong></span> <span class='ocrx_word' id='word_1_76' title='bbox 1235 1336 1412 1407; x_wconf 72' lang='lat' dir='ltr'><strong>sunt,</strong></span> <span class='ocrx_word' id='word_1_77' title='bbox 1475 1350 1635 1414; x_wconf 88' lang='lat' dir='ltr'><strong>quae</strong></span> <span class='ocrx_word' id='word_1_78' title='bbox 1697 1327 1768 1396; x_wconf 85' lang='lat' dir='ltr'><strong>G.</strong></span> <span class='ocrx_word' id='word_1_79' title='bbox 1837 1330 1945 1394; x_wconf 89' lang='grc'><strong>22.</strong></span> <span class='ocrx_word' id='word_1_80' title='bbox 1972 1329 2013 1393; x_wconf 93' lang='grc'><strong>2</strong></span> <span class='ocrx_word' id='word_1_81' title='bbox 2072 1329 2402 1415; x_wconf 88' lang='lat' dir='ltr'><strong>leguntur,</strong></span> <span class='ocrx_word' id='word_1_82' title='bbox 2475 1327 2808 1394; x_wconf 87' lang='lat' dir='ltr'><strong>inserenda</strong></span> 
     </span>
     <span class='ocr_line' id='line_1_10' title="bbox 413 1434 2807 1521; baseline -0.001 -21"><span class='ocrx_word' id='word_1_83' title='bbox 413 1439 682 1521; x_wconf 87' lang='lat' dir='ltr'><strong>putant,</strong></span> <span class='ocrx_word' id='word_1_84' title='bbox 755 1435 871 1500; x_wconf 91' lang='lat' dir='ltr'><strong>hac</strong></span> <span class='ocrx_word' id='word_1_85' title='bbox 939 1455 1090 1500; x_wconf 86' lang='lat' dir='ltr'><strong>vero</strong></span> <span class='ocrx_word' id='word_1_86' title='bbox 1158 1434 1344 1500; x_wconf 90' lang='lat' dir='ltr'><strong>illata</strong></span> <span class='ocrx_word' id='word_1_87' title='bbox 1411 1437 1775 1501; x_wconf 82' lang='lat' dir='ltr'><strong>mutatione</strong></span> <span class='ocrx_word' id='word_1_88' title='bbox 1845 1442 1921 1500; x_wconf 91' lang='lat' dir='ltr'><strong>ut</strong></span> <span class='ocrx_word' id='word_1_89' title='bbox 1991 1456 2107 1520; x_wconf 91' lang='lat' dir='ltr'><strong>pro</strong></span> <span class='ocrx_word' id='word_1_90' title='bbox 2175 1434 2433 1517; x_wconf 72' lang='lat' dir='ltr'><strong>despicis</strong></span> <span class='ocrx_word' id='word_1_91' title='bbox 2493 1435 2807 1510; x_wconf 83' lang='lat' dir='ltr'><strong>scribatur</strong></span> 
     </span>
     <span class='ocr_line' id='line_1_11' title="bbox 415 1539 2811 1626; baseline -0 -22"><span class='ocrx_word' id='word_1_92' title='bbox 415 1541 688 1624; x_wconf 62' lang='lat' dir='ltr'><strong>desipias</strong></span> <span class='ocrx_word' id='word_1_93' title='bbox 730 1547 796 1620; x_wconf 79' lang='lat' dir='ltr'><strong>et</strong></span> <span class='ocrx_word' id='word_1_94' title='bbox 843 1543 926 1604; x_wconf 82' lang='lat' dir='ltr'><strong>ad</strong></span> <span class='ocrx_word' id='word_1_95' title='bbox 969 1541 1218 1623; x_wconf 71' lang='lat' dir='ltr'><strong>sparsis.</strong></span> <span class='ocrx_word' id='word_1_96' title='bbox 1283 1540 1575 1607; x_wconf 82' lang='lat' dir='ltr'><strong>Svoboda</strong></span> <span class='ocrx_word' id='word_1_97' title='bbox 1619 1541 1696 1606; x_wconf 93' lang='lat' dir='ltr'><strong>de</strong></span> <span class='ocrx_word' id='word_1_98' title='bbox 1742 1541 1879 1606; x_wconf 94' lang='lat' dir='ltr'><strong>loco</strong></span> <span class='ocrx_word' id='word_1_99' title='bbox 1931 1542 2195 1626; x_wconf 89' lang='lat' dir='ltr'><strong>quidem</strong></span> <span class='ocrx_word' id='word_1_100' title='bbox 2242 1539 2563 1625; x_wconf 87' lang='lat' dir='ltr'><strong>plerisque</strong></span> <span class='ocrx_word' id='word_1_101' title='bbox 2604 1560 2811 1604; x_wconf 89' lang='lat' dir='ltr'><strong>assen-</strong></span> 
     </span>
     <span class='ocr_line' id='line_1_12' title="bbox 413 1643 2810 1731; baseline -0.001 -23"><span class='ocrx_word' id='word_1_102' title='bbox 413 1648 578 1710; x_wconf 88' lang='lat' dir='ltr'><strong>titur</strong></span> <span class='ocrx_word' id='word_1_103' title='bbox 644 1645 756 1711; x_wconf 90' lang='lat' dir='ltr'><strong>sed</strong></span> <span class='ocrx_word' id='word_1_104' title='bbox 821 1645 1020 1731; x_wconf 88' lang='lat' dir='ltr'><strong>legit:</strong></span> <span class='ocrx_word' id='word_1_105' title='bbox 1095 1649 1261 1710; x_wconf 75' lang='lat' dir='ltr'><strong>velut</strong></span> <span class='ocrx_word' id='word_1_106' title='bbox 1320 1653 1379 1710; x_wconf 76' lang='lat' dir='ltr'><strong>et</strong></span> <span class='ocrx_word' id='word_1_107' title='bbox 1439 1653 1506 1710; x_wconf 78' lang='lat' dir='ltr'><strong>tu</strong></span> <span class='ocrx_word' id='word_1_108' title='bbox 1567 1646 1825 1728; x_wconf 72' lang='lat' dir='ltr'><strong>dispici-5</strong></span> <span class='ocrx_word' id='word_1_109' title='bbox 1885 1652 1951 1711; x_wconf 93' lang='lat' dir='ltr'><strong>et</strong></span> <span class='ocrx_word' id='word_1_110' title='bbox 2012 1646 2205 1712; x_wconf 85' lang='lat' dir='ltr'><strong>verba</strong></span> <span class='ocrx_word' id='word_1_111' title='bbox 2267 1644 2497 1726; x_wconf 68' lang='lat' dir='ltr'><strong>sparsis</strong></span> <span class='ocrx_word' id='word_1_112' title='bbox 2542 1643 2810 1708; x_wconf 69' lang='lat' dir='ltr'><strong>membris</strong></span> 
     </span>
     <span class='ocr_line' id='line_1_13' title="bbox 419 1750 2805 1836; baseline -0 -21"><span class='ocrx_word' id='word_1_113' title='bbox 419 1750 606 1816; x_wconf 90' lang='lat' dir='ltr'><strong>delet.</strong></span> <span class='ocrx_word' id='word_1_114' title='bbox 672 1750 854 1814; x_wconf 89' lang='lat' dir='ltr'><strong>Unus</strong></span> <span class='ocrx_word' id='word_1_115' title='bbox 913 1750 989 1816; x_wconf 80' lang='lat' dir='ltr'><strong>E.</strong></span> <span class='ocrx_word' id='word_1_116' title='bbox 1051 1751 1261 1816; x_wconf 85' lang='lat' dir='ltr'><strong>Behm</strong></span> <span class='ocrx_word' id='word_1_117' title='bbox 1313 1751 1531 1816; x_wconf 89' lang='lat' dir='ltr'><strong>locum</strong></span> <span class='ocrx_word' id='word_1_118' title='bbox 1578 1750 1781 1816; x_wconf 90' lang='lat' dir='ltr'><strong>alium</strong></span> <span class='ocrx_word' id='word_1_119' title='bbox 1828 1752 2040 1818; x_wconf 84' lang='lat' dir='ltr'><strong>verbis</strong></span> <span class='ocrx_word' id='word_1_120' title='bbox 2088 1752 2478 1836; x_wconf 85' lang='lat' dir='ltr'><strong>assignavit,</strong></span> <span class='ocrx_word' id='word_1_121' title='bbox 2528 1771 2612 1814; x_wconf 90' lang='lat' dir='ltr'><strong>sc.</strong></span> <span class='ocrx_word' id='word_1_122' title='bbox 2662 1756 2805 1834; x_wconf 90' lang='lat' dir='ltr'><strong>post</strong></span> 
     </span>
     <span class='ocr_line' id='line_1_14' title="bbox 413 1855 2799 1941; baseline -0.001 -20"><span class='ocrx_word' id='word_1_123' title='bbox 413 1858 608 1922; x_wconf 83' lang='lat' dir='ltr'><strong>verba</strong></span> <span class='ocrx_word' id='word_1_124' title='bbox 665 1856 804 1938; x_wconf 58' lang='grc'><strong>111166</strong></span> <span class='ocrx_word' id='word_1_125' title='bbox 858 1857 1142 1940; x_wconf 70' lang='lat' dir='ltr'><strong>mysteria</strong></span> <span class='ocrx_word' id='word_1_126' title='bbox 1200 1859 1271 1921; x_wconf 89' lang='grc'><strong>111</strong></span> <span class='ocrx_word' id='word_1_127' title='bbox 1333 1855 1403 1922; x_wconf 82' lang='lat' dir='ltr'><strong>G.</strong></span> <span class='ocrx_word' id='word_1_128' title='bbox 1453 1855 1540 1922; x_wconf 92' lang='grc'><strong>22</strong></span> <span class='ocrx_word' id='word_1_129' title='bbox 1595 1858 1785 1922; x_wconf 88' lang='lat' dir='ltr'><strong>initio</strong></span> <span class='ocrx_word' id='word_1_130' title='bbox 1824 1875 1999 1941; x_wconf 75' lang='lat' dir='ltr'><strong>&#39;quae</strong></span> <span class='ocrx_word' id='word_1_131' title='bbox 2044 1863 2196 1921; x_wconf 90' lang='lat' dir='ltr'><strong>sunt</strong></span> <span class='ocrx_word' id='word_1_132' title='bbox 2214 1905 2230 1934; x_wconf 93' lang='lat'><strong>,</strong></span> <span class='ocrx_word' id='word_1_133' title='bbox 2280 1869 2471 1940; x_wconf 86' lang='lat' dir='ltr'><strong>atque</strong></span> <span class='ocrx_word' id='word_1_134' title='bbox 2519 1875 2556 1919; x_wconf 98' lang='lat' dir='ltr'><strong>a</strong></span> <span class='ocrx_word' id='word_1_135' title='bbox 2606 1855 2799 1919; x_wconf 88' lang='lat' dir='ltr'><strong>verbo</strong></span> 
     </span>
     <span class='ocr_line' id='line_1_15' title="bbox 417 1959 2801 2046; baseline -0.001 -20"><span class='ocrx_word' id='word_1_136' title='bbox 417 1962 721 2026; x_wconf 60' lang='lat' dir='ltr'><strong>ommam</strong></span> <span class='ocrx_word' id='word_1_137' title='bbox 789 1961 1132 2046; x_wconf 86' lang='lat' dir='ltr'><strong>pendentia</strong></span> <span class='ocrx_word' id='word_1_138' title='bbox 1201 1981 1276 2026; x_wconf 88' lang='lat' dir='ltr'><strong>ea</strong></span> <span class='ocrx_word' id='word_1_139' title='bbox 1340 1961 1495 2026; x_wconf 86' lang='lat' dir='ltr'><strong>facit</strong></span> <span class='ocrx_word' id='word_1_140' title='bbox 1560 1961 1769 2027; x_wconf 92' lang='lat' dir='ltr'><strong>deleto</strong></span> <span class='ocrx_word' id='word_1_141' title='bbox 1840 1960 2150 2028; x_wconf 87' lang='lat' dir='ltr'><strong>vocabulo</strong></span> <span class='ocrx_word' id='word_1_142' title='bbox 2207 1961 2319 2026; x_wconf 74' lang='lat' dir='ltr'><strong>tui.</strong></span> <span class='ocrx_word' id='word_1_143' title='bbox 2381 1959 2517 2025; x_wconf 88' lang='lat' dir='ltr'><strong>Alii</strong></span> <span class='ocrx_word' id='word_1_144' title='bbox 2566 1959 2801 2024; x_wconf 90' lang='lat' dir='ltr'><strong>codicis</strong></span> 
     </span>
     <span class='ocr_line' id='line_1_16' title="bbox 415 2065 2799 2153; baseline -0.002 -21"><span class='ocrx_word' id='word_1_145' title='bbox 415 2069 797 2153; x_wconf 80' lang='lat' dir='ltr'><strong>scripturam</strong></span> <span class='ocrx_word' id='word_1_146' title='bbox 838 2074 896 2130; x_wconf 74' lang='lat' dir='ltr'><strong>et</strong></span> <span class='ocrx_word' id='word_1_147' title='bbox 932 2067 1195 2149; x_wconf 71' lang='lat' dir='ltr'><strong>despicis</strong></span> <span class='ocrx_word' id='word_1_148' title='bbox 1231 2067 1570 2132; x_wconf 90' lang='lat' dir='ltr'><strong>emendare</strong></span> <span class='ocrx_word' id='word_1_149' title='bbox 1607 2067 2033 2132; x_wconf 87' lang='lat' dir='ltr'><strong>studuerunt:</strong></span> <span class='ocrx_word' id='word_1_150' title='bbox 2075 2066 2345 2132; x_wconf 89' lang='lat' dir='ltr'><strong>Bursian</strong></span> <span class='ocrx_word' id='word_1_151' title='bbox 2384 2073 2441 2129; x_wconf 73' lang='lat' dir='ltr'><strong>et</strong></span> <span class='ocrx_word' id='word_1_152' title='bbox 2464 2065 2693 2147; x_wconf 69' lang='lat' dir='ltr'><strong>respice</strong></span> <span class='ocrx_word' id='word_1_153' title='bbox 2715 2099 2799 2113; x_wconf 91' lang='lat'>—</span> 
     </span>
     <span class='ocr_line' id='line_1_17' title="bbox 414 2170 1103 2254; baseline 0 -18"><span class='ocrx_word' id='word_1_154' title='bbox 414 2170 580 2236; x_wconf 82' lang='lat' dir='ltr'><strong>Ellis</strong></span> <span class='ocrx_word' id='word_1_155' title='bbox 627 2179 685 2235; x_wconf 73' lang='lat' dir='ltr'><strong>et</strong></span> <span class='ocrx_word' id='word_1_156' title='bbox 729 2172 953 2254; x_wconf 72' lang='lat' dir='ltr'><strong>respice</strong></span> <span class='ocrx_word' id='word_1_157' title='bbox 997 2172 1103 2236; x_wconf 71' lang='lat' dir='ltr'><strong>sis.</strong></span> 
     </span>
    </p>

    <p class='ocr_par' dir='ltr' id='par_1_4' title="bbox 413 2275 2805 3629">
     <span class='ocr_line' id='line_1_18' title="bbox 512 2275 2802 2362; baseline -0.001 -20"><span class='ocrx_word' id='word_1_158' title='bbox 512 2276 582 2342; x_wconf 87' lang='lat' dir='ltr'><strong>Si</strong></span> <span class='ocrx_word' id='word_1_159' title='bbox 641 2276 796 2362; x_wconf 90' lang='lat' dir='ltr'><strong>quid</strong></span> <span class='ocrx_word' id='word_1_160' title='bbox 858 2278 1022 2342; x_wconf 90' lang='lat' dir='ltr'><strong>mihi</strong></span> <span class='ocrx_word' id='word_1_161' title='bbox 1083 2299 1332 2362; x_wconf 91' lang='lat' dir='ltr'><strong>quoque</strong></span> <span class='ocrx_word' id='word_1_162' title='bbox 1387 2280 1454 2342; x_wconf 89' lang='lat' dir='ltr'><strong>in</strong></span> <span class='ocrx_word' id='word_1_163' title='bbox 1516 2299 1584 2342; x_wconf 91' lang='grc'><strong>16</strong></span> <span class='ocrx_word' id='word_1_164' title='bbox 1630 2300 1829 2362; x_wconf 87' lang='lat' dir='ltr'><strong>paene</strong></span> <span class='ocrx_word' id='word_1_165' title='bbox 1878 2278 2209 2362; x_wconf 86' lang='lat' dir='ltr'><strong>desperata</strong></span> <span class='ocrx_word' id='word_1_166' title='bbox 2253 2282 2569 2361; x_wconf 88' lang='lat' dir='ltr'><strong>temptare</strong></span> <span class='ocrx_word' id='word_1_167' title='bbox 2613 2275 2767 2340; x_wconf 91' lang='lat' dir='ltr'><strong>licet</strong></span> <span class='ocrx_word' id='word_1_168' title='bbox 2787 2323 2802 2352; x_wconf 91' lang='lat'><strong><em>‚</em></strong></span> 
     </span>
     <span class='ocr_line' id='line_1_19' title="bbox 417 2381 2802 2469; baseline -0 -22"><span class='ocrx_word' id='word_1_169' title='bbox 417 2385 703 2469; x_wconf 89' lang='lat' dir='ltr'><strong>primum</strong></span> <span class='ocrx_word' id='word_1_170' title='bbox 745 2383 1048 2448; x_wconf 86' lang='lat' dir='ltr'><strong>traditam</strong></span> <span class='ocrx_word' id='word_1_171' title='bbox 1087 2381 1429 2448; x_wconf 89' lang='lat' dir='ltr'><strong>lectionem</strong></span> <span class='ocrx_word' id='word_1_172' title='bbox 1464 2385 1540 2446; x_wconf 82' lang='lat' dir='ltr'><strong>de</strong></span> <span class='ocrx_word' id='word_1_173' title='bbox 1575 2384 1762 2465; x_wconf 69' lang='lat' dir='ltr'><strong>spicis</strong></span> <span class='ocrx_word' id='word_1_174' title='bbox 1798 2386 1916 2463; x_wconf 90' lang='lat' dir='ltr'><strong>(sic</strong></span> <span class='ocrx_word' id='word_1_175' title='bbox 1955 2386 2128 2448; x_wconf 90' lang='lat' dir='ltr'><strong>enim</strong></span> <span class='ocrx_word' id='word_1_176' title='bbox 2158 2382 2563 2448; x_wconf 89' lang='lat' dir='ltr'><strong>scribendum</strong></span> <span class='ocrx_word' id='word_1_177' title='bbox 2590 2381 2802 2462; x_wconf 91' lang='lat' dir='ltr'><strong>credo)</strong></span> 
     </span>
     <span class='ocr_line' id='line_1_20' title="bbox 415 2487 2801 2580; baseline -0 -27"><span class='ocrx_word' id='word_1_178' title='bbox 415 2491 642 2572; x_wconf 88' lang='lat' dir='ltr'><strong>utique</strong></span> <span class='ocrx_word' id='word_1_179' title='bbox 703 2488 1008 2554; x_wconf 88' lang='lat' dir='ltr'><strong>tuendam</strong></span> <span class='ocrx_word' id='word_1_180' title='bbox 1069 2509 1226 2580; x_wconf 48' lang='lat' dir='ltr'><strong>esse⁶</strong></span> <span class='ocrx_word' id='word_1_181' title='bbox 1266 2490 1556 2566; x_wconf 89' lang='lat' dir='ltr'><strong>arbitror,</strong></span> <span class='ocrx_word' id='word_1_182' title='bbox 1620 2490 1724 2553; x_wconf 88' lang='lat' dir='ltr'><strong>his</strong></span> <span class='ocrx_word' id='word_1_183' title='bbox 1769 2487 2152 2553; x_wconf 78' lang='lat' dir='ltr'><strong>Tertulliani</strong></span> <span class='ocrx_word' id='word_1_184' title='bbox 2197 2487 2353 2552; x_wconf 91' lang='lat' dir='ltr'><strong>locis</strong></span> <span class='ocrx_word' id='word_1_185' title='bbox 2403 2493 2654 2553; x_wconf 88' lang='lat' dir='ltr'><strong>motus:</strong></span> <span class='ocrx_word' id='word_1_186' title='bbox 2705 2487 2801 2552; x_wconf 90' lang='lat' dir='ltr'><strong>De</strong></span> 
     </span>
     <span class='ocr_line' id='line_1_21' title="bbox 415 2591 2800 2679; baseline -0.001 -20"><span class='ocrx_word' id='word_1_187' title='bbox 415 2591 666 2659; x_wconf 88' lang='lat' dir='ltr'><strong>Corona</strong></span> <span class='ocrx_word' id='word_1_188' title='bbox 714 2591 752 2660; x_wconf 84' lang='lat'><strong>‘7</strong></span> <span class='ocrx_word' id='word_1_189' title='bbox 817 2596 1068 2678; x_wconf 88' lang='lat' dir='ltr'><strong>„prima</strong></span> <span class='ocrx_word' id='word_1_190' title='bbox 1129 2593 1248 2658; x_wconf 85' lang='lat' dir='ltr'><strong>Isis</strong></span> <span class='ocrx_word' id='word_1_191' title='bbox 1301 2600 1582 2678; x_wconf 85' lang='lat' dir='ltr'><strong>repertas</strong></span> <span class='ocrx_word' id='word_1_192' title='bbox 1643 2596 1849 2679; x_wconf 90' lang='lat' dir='ltr'><strong>spicas</strong></span> <span class='ocrx_word' id='word_1_193' title='bbox 1912 2596 2119 2679; x_wconf 86' lang='lat' dir='ltr'><strong>capite</strong></span> <span class='ocrx_word' id='word_1_194' title='bbox 2180 2593 2580 2660; x_wconf 87' lang='lat' dir='ltr'><strong>circumtulit</strong></span> <span class='ocrx_word' id='word_1_195' title='bbox 2598 2642 2614 2670; x_wconf 99' lang='lat'><strong>,</strong></span> <span class='ocrx_word' id='word_1_196' title='bbox 2662 2615 2800 2658; x_wconf 91' lang='lat' dir='ltr'><strong>rem</strong></span> 
     </span>
     <span class='ocr_line' id='line_1_22' title="bbox 413 2699 2798 2787; baseline -0 -23"><span class='ocrx_word' id='word_1_197' title='bbox 413 2701 625 2785; x_wconf 84' lang='lat' dir='ltr'><strong>magis</strong></span> <span class='ocrx_word' id='word_1_198' title='bbox 680 2699 962 2765; x_wconf 86' lang='lat' dir='ltr'><strong>ventris&#39;’</strong></span> <span class='ocrx_word' id='word_1_199' title='bbox 1012 2707 1076 2765; x_wconf 91' lang='lat' dir='ltr'><strong>et</strong></span> <span class='ocrx_word' id='word_1_200' title='bbox 1122 2701 1222 2764; x_wconf 86' lang='lat' dir='ltr'><strong>Ad</strong></span> <span class='ocrx_word' id='word_1_201' title='bbox 1267 2701 1416 2766; x_wconf 86' lang='lat' dir='ltr'><strong>Nat.</strong></span> <span class='ocrx_word' id='word_1_202' title='bbox 1465 2699 1508 2764; x_wconf 87' lang='grc'>8</span> <span class='ocrx_word' id='word_1_203' title='bbox 1559 2722 1825 2778; x_wconf 86' lang='lat' dir='ltr'><strong>„curam</strong></span> <span class='ocrx_word' id='word_1_204' title='bbox 1871 2701 2137 2787; x_wconf 88' lang='lat' dir='ltr'><strong>frugum</strong></span> <span class='ocrx_word' id='word_1_205' title='bbox 2186 2721 2378 2785; x_wconf 87' lang='lat' dir='ltr'><strong>super</strong></span> <span class='ocrx_word' id='word_1_206' title='bbox 2422 2706 2615 2784; x_wconf 90' lang='lat' dir='ltr'><strong>caput</strong></span> <span class='ocrx_word' id='word_1_207' title='bbox 2660 2702 2798 2764; x_wconf 90' lang='lat' dir='ltr'><strong>eius</strong></span> 
     </span>
     <span class='ocr_line' id='line_1_23' title="bbox 415 2805 2798 2891; baseline 0 -22"><span class='ocrx_word' id='word_1_208' title='bbox 415 2805 616 2870; x_wconf 86' lang='lat' dir='ltr'><strong>fuisse</strong></span> <span class='ocrx_word' id='word_1_209' title='bbox 634 2852 652 2883; x_wconf 90' lang='lat'><strong>,</strong></span> <span class='ocrx_word' id='word_1_210' title='bbox 698 2807 856 2890; x_wconf 89' lang='lat' dir='ltr'><strong>ipsis</strong></span> <span class='ocrx_word' id='word_1_211' title='bbox 901 2807 1125 2890; x_wconf 89' lang='lat' dir='ltr'><strong>spicis,</strong></span> <span class='ocrx_word' id='word_1_212' title='bbox 1174 2807 1408 2890; x_wconf 90' lang='lat' dir='ltr'><strong>quibus</strong></span> <span class='ocrx_word' id='word_1_213' title='bbox 1452 2827 1566 2891; x_wconf 89' lang='lat' dir='ltr'><strong>per</strong></span> <span class='ocrx_word' id='word_1_214' title='bbox 1610 2808 1933 2872; x_wconf 88' lang='lat' dir='ltr'><strong>ambitum</strong></span> <span class='ocrx_word' id='word_1_215' title='bbox 1979 2810 2258 2884; x_wconf 89' lang='lat' dir='ltr'><strong>notatur,</strong></span> <span class='ocrx_word' id='word_1_216' title='bbox 2304 2805 2639 2891; x_wconf 89' lang='lat' dir='ltr'><strong>apparet,’&#39;</strong></span> <span class='ocrx_word' id='word_1_217' title='bbox 2682 2826 2798 2870; x_wconf 93' lang='lat' dir='ltr'><strong>nec</strong></span> 
     </span>
     <span class='ocr_line' id='line_1_24' title="bbox 415 2910 2797 2989; baseline 0 -15"><span class='ocrx_word' id='word_1_218' title='bbox 415 2931 542 2975; x_wconf 90' lang='lat' dir='ltr'><strong>non</strong></span> <span class='ocrx_word' id='word_1_219' title='bbox 621 2910 739 2976; x_wconf 83' lang='lat' dir='ltr'><strong>Ov.</strong></span> <span class='ocrx_word' id='word_1_220' title='bbox 803 2910 966 2977; x_wconf 88' lang='lat' dir='ltr'><strong>Met.</strong></span> <span class='ocrx_word' id='word_1_221' title='bbox 1028 2910 1146 2976; x_wconf 87' lang='lat' dir='ltr'><strong>IX.</strong></span> <span class='ocrx_word' id='word_1_222' title='bbox 1196 2910 1328 2976; x_wconf 88' lang='grc'><strong>689</strong></span> <span class='ocrx_word' id='word_1_223' title='bbox 1401 2914 1693 2989; x_wconf 88' lang='lat' dir='ltr'><strong>„inerant</strong></span> <span class='ocrx_word' id='word_1_224' title='bbox 1756 2912 2009 2978; x_wconf 88' lang='lat' dir='ltr'><strong>lunaria</strong></span> <span class='ocrx_word' id='word_1_225' title='bbox 2070 2913 2268 2978; x_wconf 83' lang='lat' dir='ltr'><strong>fronti</strong></span> <span class='ocrx_word' id='word_1_226' title='bbox 2305 2911 2582 2978; x_wconf 69' lang='lat' dir='ltr'><strong>Cornua</strong></span> <span class='ocrx_word' id='word_1_227' title='bbox 2645 2932 2797 2976; x_wconf 91' lang='lat' dir='ltr'><strong>cum</strong></span> 
     </span>
     <span class='ocr_line' id='line_1_25' title="bbox 419 3015 2797 3104; baseline 0 -24"><span class='ocrx_word' id='word_1_228' title='bbox 419 3017 612 3100; x_wconf 90' lang='lat' dir='ltr'><strong>spicis</strong></span> <span class='ocrx_word' id='word_1_229' title='bbox 675 3015 880 3082; x_wconf 87' lang='lat' dir='ltr'><strong>nitido</strong></span> <span class='ocrx_word' id='word_1_230' title='bbox 939 3015 1321 3082; x_wconf 85' lang='lat' dir='ltr'><strong>flaventibus</strong></span> <span class='ocrx_word' id='word_1_231' title='bbox 1364 3037 1520 3083; x_wconf 88' lang='lat' dir='ltr'><strong>auro</strong></span> <span class='ocrx_word' id='word_1_232' title='bbox 1564 3023 1628 3082; x_wconf 91' lang='lat' dir='ltr'><strong>et</strong></span> <span class='ocrx_word' id='word_1_233' title='bbox 1673 3017 1893 3104; x_wconf 87' lang='lat' dir='ltr'><strong>regale</strong></span> <span class='ocrx_word' id='word_1_234' title='bbox 1940 3017 2194 3083; x_wconf 87' lang='lat' dir='ltr'><strong>decus.&#39;&#39;</strong></span> <span class='ocrx_word' id='word_1_235' title='bbox 2247 3017 2491 3082; x_wconf 87' lang='lat' dir='ltr'><strong>Deinde</strong></span> <span class='ocrx_word' id='word_1_236' title='bbox 2536 3016 2613 3082; x_wconf 92' lang='lat' dir='ltr'><strong>de</strong></span> <span class='ocrx_word' id='word_1_237' title='bbox 2657 3016 2797 3082; x_wconf 95' lang='lat' dir='ltr'><strong>loco</strong></span> 
     </span>
     <span class='ocr_line' id='line_1_26' title="bbox 417 3121 2805 3209; baseline 0.002 -24"><span class='ocrx_word' id='word_1_238' title='bbox 417 3142 672 3206; x_wconf 89' lang='lat' dir='ltr'><strong>quoque</strong></span> <span class='ocrx_word' id='word_1_239' title='bbox 733 3121 920 3187; x_wconf 88' lang='lat' dir='ltr'><strong>aliter</strong></span> <span class='ocrx_word' id='word_1_240' title='bbox 977 3123 1142 3187; x_wconf 89' lang='lat' dir='ltr'><strong>mihi</strong></span> <span class='ocrx_word' id='word_1_241' title='bbox 1204 3121 1482 3188; x_wconf 83' lang='lat' dir='ltr'><strong>videtur.</strong></span> <span class='ocrx_word' id='word_1_242' title='bbox 1539 3122 1747 3189; x_wconf 90' lang='lat' dir='ltr'><strong>Locus</strong></span> <span class='ocrx_word' id='word_1_243' title='bbox 1797 3145 1990 3209; x_wconf 93' lang='lat' dir='ltr'><strong>quem</strong></span> <span class='ocrx_word' id='word_1_244' title='bbox 2036 3122 2281 3188; x_wconf 90' lang='lat' dir='ltr'><strong>Vahlen</strong></span> <span class='ocrx_word' id='word_1_245' title='bbox 2330 3125 2650 3207; x_wconf 89' lang='lat' dir='ltr'><strong>ceterique</strong></span> <span class='ocrx_word' id='word_1_246' title='bbox 2697 3144 2805 3189; x_wconf 87' lang='lat' dir='ltr'><strong>vo·</strong></span> 
     </span>
     <span class='ocr_line' id='line_1_27' title="bbox 413 3225 2802 3306; baseline 0 -16"><span class='ocrx_word' id='word_1_247' title='bbox 413 3225 712 3305; x_wconf 89' lang='lat' dir='ltr'><strong>luerunt,</strong></span> <span class='ocrx_word' id='word_1_248' title='bbox 777 3228 990 3293; x_wconf 84' lang='lat' dir='ltr'><strong>verbis</strong></span> <span class='ocrx_word' id='word_1_249' title='bbox 1052 3228 1425 3294; x_wconf 86' lang='lat' dir='ltr'><strong>errabundis</strong></span> <span class='ocrx_word' id='word_1_250' title='bbox 1470 3228 1907 3294; x_wconf 88' lang='lat' dir='ltr'><strong>alienissimus</strong></span> <span class='ocrx_word' id='word_1_251' title='bbox 1954 3230 2111 3306; x_wconf 88' lang='lat' dir='ltr'><strong>erit,</strong></span> <span class='ocrx_word' id='word_1_252' title='bbox 2160 3230 2288 3292; x_wconf 90' lang='lat' dir='ltr'><strong>nisi</strong></span> <span class='ocrx_word' id='word_1_253' title='bbox 2335 3230 2767 3293; x_wconf 88' lang='lat' dir='ltr'><strong>coniecturam</strong></span> <span class='ocrx_word' id='word_1_254' title='bbox 2785 3275 2802 3305; x_wconf 94' lang='lat'><strong>,</strong></span> 
     </span>
     <span class='ocr_line' id='line_1_28' title="bbox 417 3331 2804 3420; baseline 0 -24"><span class='ocrx_word' id='word_1_255' title='bbox 417 3352 580 3417; x_wconf 88' lang='lat' dir='ltr'><strong>quae</strong></span> <span class='ocrx_word' id='word_1_256' title='bbox 626 3333 792 3398; x_wconf 90' lang='lat' dir='ltr'><strong>mihi</strong></span> <span class='ocrx_word' id='word_1_257' title='bbox 831 3332 1092 3417; x_wconf 89' lang='lat' dir='ltr'><strong>quidem</strong></span> <span class='ocrx_word' id='word_1_258' title='bbox 1134 3335 1404 3399; x_wconf 87' lang='lat' dir='ltr'><strong>minime</strong></span> <span class='ocrx_word' id='word_1_259' title='bbox 1443 3333 1793 3420; x_wconf 85' lang='lat' dir='ltr'><strong>probabilis</strong></span> <span class='ocrx_word' id='word_1_260' title='bbox 1832 3333 2109 3410; x_wconf 85' lang='lat' dir='ltr'><strong>videtur,</strong></span> <span class='ocrx_word' id='word_1_261' title='bbox 2145 3332 2343 3396; x_wconf 90' lang='lat' dir='ltr'><strong>simul</strong></span> <span class='ocrx_word' id='word_1_262' title='bbox 2380 3331 2804 3397; x_wconf 82' lang='lat' dir='ltr'><strong>introduxeri-</strong></span> 
     </span>
     <span class='ocr_line' id='line_1_29' title="bbox 419 3437 2804 3523; baseline 0 -22"><span class='ocrx_word' id='word_1_263' title='bbox 419 3458 587 3502; x_wconf 90' lang='lat' dir='ltr'><strong>mus.</strong></span> <span class='ocrx_word' id='word_1_264' title='bbox 635 3437 776 3502; x_wconf 86' lang='lat' dir='ltr'><strong>Iam</strong></span> <span class='ocrx_word' id='word_1_265' title='bbox 821 3459 976 3503; x_wconf 83' lang='lat' dir='ltr'><strong>vero</strong></span> <span class='ocrx_word' id='word_1_266' title='bbox 1018 3440 1090 3502; x_wconf 91' lang='grc'><strong>111</strong></span> <span class='ocrx_word' id='word_1_267' title='bbox 1131 3438 1270 3504; x_wconf 91' lang='grc'><strong>1666</strong></span> <span class='ocrx_word' id='word_1_268' title='bbox 1307 3459 1380 3504; x_wconf 90' lang='grc'><strong>66</strong></span> <span class='ocrx_word' id='word_1_269' title='bbox 1418 3437 1739 3504; x_wconf 81' lang='lat' dir='ltr'><strong>collocabo</strong></span> <span class='ocrx_word' id='word_1_270' title='bbox 1757 3486 1774 3515; x_wconf 92' lang='lat'><strong>,</strong></span> <span class='ocrx_word' id='word_1_271' title='bbox 1815 3440 1930 3503; x_wconf 91' lang='lat' dir='ltr'><strong>ubi</strong></span> <span class='ocrx_word' id='word_1_272' title='bbox 1965 3459 2093 3503; x_wconf 91' lang='lat' dir='ltr'><strong>non</strong></span> <span class='ocrx_word' id='word_1_273' title='bbox 2130 3444 2451 3523; x_wconf 83' lang='lat' dir='ltr'><strong>repugnat</strong></span> <span class='ocrx_word' id='word_1_274' title='bbox 2487 3439 2804 3502; x_wconf 80' lang='lat' dir='ltr'><strong>sententia</strong></span> 
     </span>
     <span class='ocr_line' id='line_1_30' title="bbox 415 3541 2304 3629; baseline -0.001 -22"><span class='ocrx_word' id='word_1_275' title='bbox 415 3564 622 3629; x_wconf 87' lang='lat' dir='ltr'><strong>neque</strong></span> <span class='ocrx_word' id='word_1_276' title='bbox 669 3543 950 3610; x_wconf 87' lang='lat' dir='ltr'><strong>violenta</strong></span> <span class='ocrx_word' id='word_1_277' title='bbox 997 3553 1159 3628; x_wconf 84' lang='lat' dir='ltr'><strong>opus</strong></span> <span class='ocrx_word' id='word_1_278' title='bbox 1205 3549 1303 3609; x_wconf 92' lang='lat' dir='ltr'><strong>est</strong></span> <span class='ocrx_word' id='word_1_279' title='bbox 1348 3547 1730 3610; x_wconf 87' lang='lat' dir='ltr'><strong>coniectura.</strong></span> <span class='ocrx_word' id='word_1_280' title='bbox 1779 3543 2015 3629; x_wconf 90' lang='lat' dir='ltr'><strong>Incipit</strong></span> <span class='ocrx_word' id='word_1_281' title='bbox 2059 3541 2130 3610; x_wconf 87' lang='lat' dir='ltr'><strong>O.</strong></span> <span class='ocrx_word' id='word_1_282' title='bbox 2181 3543 2304 3608; x_wconf 80' lang='lat'><strong>24:</strong></span> 
     </span>
    </p>

    <p class='ocr_par' dir='ltr' id='par_1_5' title="bbox 409 3648 2803 4260">
     <span class='ocr_line' id='line_1_31' title="bbox 509 3648 2800 3728; baseline -0.001 -14"><span class='ocrx_word' id='word_1_283' title='bbox 509 3648 832 3728; x_wconf 78' lang='lat' dir='ltr'><strong>„Quanto</strong></span> <span class='ocrx_word' id='word_1_284' title='bbox 865 3669 1017 3715; x_wconf 87' lang='lat' dir='ltr'><strong>vero</strong></span> <span class='ocrx_word' id='word_1_285' title='bbox 1079 3649 1157 3714; x_wconf 93' lang='lat' dir='ltr'><strong>de</strong></span> <span class='ocrx_word' id='word_1_286' title='bbox 1203 3648 1326 3713; x_wconf 90' lang='lat' dir='ltr'><strong>diis</strong></span> <span class='ocrx_word' id='word_1_287' title='bbox 1375 3651 1604 3716; x_wconf 87' lang='lat' dir='ltr'><strong>vestris</strong></span> <span class='ocrx_word' id='word_1_288' title='bbox 1651 3649 1955 3715; x_wconf 89' lang='lat' dir='ltr'><strong>animalia</strong></span> <span class='ocrx_word' id='word_1_289' title='bbox 2000 3655 2185 3714; x_wconf 88' lang='lat' dir='ltr'><strong>muta</strong></span> <span class='ocrx_word' id='word_1_290' title='bbox 2229 3648 2591 3714; x_wconf 90' lang='lat' dir='ltr'><strong>naturalius</strong></span> <span class='ocrx_word' id='word_1_291' title='bbox 2633 3649 2800 3712; x_wconf 89' lang='lat' dir='ltr'><strong>iudi-</strong></span> 
     </span>
     <span class='ocr_line' id='line_1_32' title="bbox 411 3750 2794 3833; baseline -0 -15"><span class='ocrx_word' id='word_1_292' title='bbox 411 3750 588 3818; x_wconf 76' lang='lat' dir='ltr'><strong>cant!</strong></span> <span class='ocrx_word' id='word_1_293' title='bbox 637 3752 896 3833; x_wconf 90' lang='lat' dir='ltr'><strong>Mures,</strong></span> <span class='ocrx_word' id='word_1_294' title='bbox 947 3753 1356 3833; x_wconf 88' lang='lat' dir='ltr'><strong>hirundines,</strong></span> <span class='ocrx_word' id='word_1_295' title='bbox 1406 3754 1599 3820; x_wconf 85' lang='lat' dir='ltr'><strong>milvi</strong></span> <span class='ocrx_word' id='word_1_296' title='bbox 1643 3777 1771 3820; x_wconf 87' lang='lat' dir='ltr'><strong>non</strong></span> <span class='ocrx_word' id='word_1_297' title='bbox 1815 3757 2051 3821; x_wconf 90' lang='lat' dir='ltr'><strong>sentire</strong></span> <span class='ocrx_word' id='word_1_298' title='bbox 2096 3775 2200 3821; x_wconf 87' lang='lat' dir='ltr'><strong>eos</strong></span> <span class='ocrx_word' id='word_1_299' title='bbox 2243 3758 2486 3820; x_wconf 86' lang='lat' dir='ltr'><strong>sciunt:</strong></span> <span class='ocrx_word' id='word_1_300' title='bbox 2537 3753 2794 3831; x_wconf 90' lang='lat' dir='ltr'><strong>rodunt,</strong></span> 
     </span>
     <span class='ocr_line' id='line_1_33' title="bbox 409 3857 2799 3946; baseline 0.001 -24"><span class='ocrx_word' id='word_1_301' title='bbox 409 3857 737 3923; x_wconf 82' lang='lat' dir='ltr'><strong>inculcant</strong></span> <span class='ocrx_word' id='word_1_302' title='bbox 755 3905 772 3935; x_wconf 92' lang='lat'><strong>,</strong></span> <span class='ocrx_word' id='word_1_303' title='bbox 835 3858 1115 3924; x_wconf 90' lang='lat' dir='ltr'><strong>insident</strong></span> <span class='ocrx_word' id='word_1_304' title='bbox 1176 3880 1283 3942; x_wconf 87' lang='lat' dir='ltr'><strong>ac,</strong></span> <span class='ocrx_word' id='word_1_305' title='bbox 1327 3861 1453 3924; x_wconf 88' lang='lat' dir='ltr'><strong>nisi</strong></span> <span class='ocrx_word' id='word_1_306' title='bbox 1499 3861 1809 3946; x_wconf 86' lang='lat' dir='ltr'><strong>abigatis,</strong></span> <span class='ocrx_word' id='word_1_307' title='bbox 1856 3862 1925 3924; x_wconf 91' lang='grc'><strong>111</strong></span> <span class='ocrx_word' id='word_1_308' title='bbox 1971 3862 2111 3946; x_wconf 91' lang='lat' dir='ltr'><strong>ipso</strong></span> <span class='ocrx_word' id='word_1_309' title='bbox 2158 3860 2261 3924; x_wconf 88' lang='lat' dir='ltr'><strong>dei</strong></span> <span class='ocrx_word' id='word_1_310' title='bbox 2306 3862 2507 3926; x_wconf 87' lang='lat' dir='ltr'><strong>vestri</strong></span> <span class='ocrx_word' id='word_1_311' title='bbox 2552 3880 2658 3924; x_wconf 92' lang='lat' dir='ltr'><strong>ore</strong></span> <span class='ocrx_word' id='word_1_312' title='bbox 2705 3863 2799 3924; x_wconf 90' lang='grc'><strong>111-</strong></span> 
     </span>
     <span class='ocr_line' id='line_1_34' title="bbox 415 3962 2797 4050; baseline 0.001 -22"><span class='ocrx_word' id='word_1_313' title='bbox 415 3962 674 4028; x_wconf 87' lang='lat' dir='ltr'><strong>dificant</strong></span> <span class='ocrx_word' id='word_1_314' title='bbox 717 3970 783 4029; x_wconf 90' lang='lat' dir='ltr'><strong>et</strong></span> <span class='ocrx_word' id='word_1_315' title='bbox 831 3964 907 4029; x_wconf 91' lang='lat' dir='ltr'><strong>de</strong></span> <span class='ocrx_word' id='word_1_316' title='bbox 953 3967 1144 4050; x_wconf 90' lang='lat' dir='ltr'><strong>spicis</strong></span> <span class='ocrx_word' id='word_1_317' title='bbox 1190 3965 1374 4030; x_wconf 87' lang='lat' dir='ltr'><strong>Isidis</strong></span> <span class='ocrx_word' id='word_1_318' title='bbox 1411 3965 1490 4030; x_wconf 89' lang='lat' dir='ltr'><strong>ad</strong></span> <span class='ocrx_word' id='word_1_319' title='bbox 1531 3966 2001 4048; x_wconf 75' lang='lat' dir='ltr'><strong>[hirundinem]</strong></span> <span class='ocrx_word' id='word_1_320' title='bbox 2042 3967 2309 4029; x_wconf 89' lang='lat' dir='ltr'><strong>sistrum</strong></span> <span class='ocrx_word' id='word_1_321' title='bbox 2347 3971 2411 4029; x_wconf 96' lang='lat' dir='ltr'><strong>et</strong></span> <span class='ocrx_word' id='word_1_322' title='bbox 2449 3965 2528 4029; x_wconf 92' lang='lat' dir='ltr'><strong>ad</strong></span> <span class='ocrx_word' id='word_1_323' title='bbox 2566 3967 2797 4049; x_wconf 89' lang='lat' dir='ltr'><strong>sparsis</strong></span> 
     </span>
     <span class='ocr_line' id='line_1_35' title="bbox 415 4069 2803 4155; baseline 0 -22"><span class='ocrx_word' id='word_1_324' title='bbox 415 4069 724 4134; x_wconf 87' lang='lat' dir='ltr'><strong>membris</strong></span> <span class='ocrx_word' id='word_1_325' title='bbox 781 4071 1040 4134; x_wconf 83' lang='lat' dir='ltr'><strong>inanem</strong></span> <span class='ocrx_word' id='word_1_326' title='bbox 1101 4072 1202 4134; x_wconf 92' lang='lat' dir='ltr'><strong>tui</strong></span> <span class='ocrx_word' id='word_1_327' title='bbox 1263 4069 1584 4155; x_wconf 82' lang='lat' dir='ltr'><strong>Serapidis</strong></span> <span class='ocrx_word' id='word_1_328' title='bbox 1644 4074 1783 4136; x_wconf 85' lang='lat' dir='ltr'><strong>sive</strong></span> <span class='ocrx_word' id='word_1_329' title='bbox 1845 4071 2043 4136; x_wconf 91' lang='lat' dir='ltr'><strong>Osiris</strong></span> <span class='ocrx_word' id='word_1_330' title='bbox 2106 4069 2474 4147; x_wconf 87' lang='lat' dir='ltr'><strong>tumulum;</strong></span> <span class='ocrx_word' id='word_1_331' title='bbox 2538 4089 2803 4135; x_wconf 87' lang='lat' dir='ltr'><strong>araneae</strong></span> 
     </span>
     <span class='ocr_line' id='line_1_36' title="bbox 413 4173 2798 4260; baseline 0 -22"><span class='ocrx_word' id='word_1_332' title='bbox 413 4194 566 4240; x_wconf 83' lang='lat' dir='ltr'><strong>vero</strong></span> <span class='ocrx_word' id='word_1_333' title='bbox 612 4173 842 4238; x_wconf 86' lang='lat' dir='ltr'><strong>faciem</strong></span> <span class='ocrx_word' id='word_1_334' title='bbox 887 4176 1027 4239; x_wconf 88' lang='lat' dir='ltr'><strong>eius</strong></span> <span class='ocrx_word' id='word_1_335' title='bbox 1065 4176 1365 4240; x_wconf 79' lang='lat' dir='ltr'><strong>intexunt</strong></span> <span class='ocrx_word' id='word_1_336' title='bbox 1405 4180 1469 4240; x_wconf 88' lang='lat' dir='ltr'><strong>et</strong></span> <span class='ocrx_word' id='word_1_337' title='bbox 1508 4175 1584 4240; x_wconf 93' lang='lat' dir='ltr'><strong>de</strong></span> <span class='ocrx_word' id='word_1_338' title='bbox 1617 4178 1757 4260; x_wconf 91' lang='lat' dir='ltr'><strong>ipso</strong></span> <span class='ocrx_word' id='word_1_339' title='bbox 1794 4179 2002 4260; x_wconf 89' lang='lat' dir='ltr'><strong>capite</strong></span> <span class='ocrx_word' id='word_1_340' title='bbox 2042 4195 2156 4240; x_wconf 89' lang='lat' dir='ltr'><strong>sua</strong></span> <span class='ocrx_word' id='word_1_341' title='bbox 2194 4174 2302 4240; x_wconf 88' lang='lat' dir='ltr'><strong>fila</strong></span> <span class='ocrx_word' id='word_1_342' title='bbox 2337 4173 2798 4259; x_wconf 88' lang='lat' dir='ltr'><strong>suspendunt.”</strong></span> 
     </span>
    </p>

    <p class='ocr_par' dir='ltr' id='par_1_6' title="bbox 418 4276 2803 4576">
     <span class='ocr_line' id='line_1_37' title="bbox 504 4276 2802 4364; baseline 0 -23"><span class='ocrx_word' id='word_1_343' title='bbox 504 4276 710 4342; x_wconf 89' lang='lat' dir='ltr'><strong>Verba</strong></span> <span class='ocrx_word' id='word_1_344' title='bbox 770 4280 854 4342; x_wconf 84' lang='lat' dir='ltr'><strong>ad</strong></span> <span class='ocrx_word' id='word_1_345' title='bbox 910 4278 1296 4342; x_wconf 62' lang='lat' dir='ltr'><strong>hirundinem</strong></span> <span class='ocrx_word' id='word_1_346' title='bbox 1358 4282 1645 4364; x_wconf 92' lang='lat' dir='ltr'><strong>primum</strong></span> <span class='ocrx_word' id='word_1_347' title='bbox 1710 4281 1789 4344; x_wconf 89' lang='lat' dir='ltr'><strong>ab</strong></span> <span class='ocrx_word' id='word_1_348' title='bbox 1850 4282 2339 4364; x_wconf 88' lang='lat' dir='ltr'><strong>interpretatore</strong></span> <span class='ocrx_word' id='word_1_349' title='bbox 2387 4279 2601 4344; x_wconf 86' lang='lat' dir='ltr'><strong>addita</strong></span> <span class='ocrx_word' id='word_1_350' title='bbox 2648 4286 2802 4344; x_wconf 90' lang='lat' dir='ltr'><strong>sunt</strong></span> 
     </span>
     <span class='ocr_line' id='line_1_38' title="bbox 418 4383 2803 4465; baseline 0.001 -18"><span class='ocrx_word' id='word_1_351' title='bbox 418 4389 493 4447; x_wconf 90' lang='lat' dir='ltr'><strong>ut</strong></span> <span class='ocrx_word' id='word_1_352' title='bbox 537 4390 857 4449; x_wconf 86' lang='lat' dir='ltr'><strong>moneret:</strong></span> <span class='ocrx_word' id='word_1_353' title='bbox 907 4386 1096 4461; x_wconf 87' lang='lat' dir='ltr'><strong>scito,</strong></span> <span class='ocrx_word' id='word_1_354' title='bbox 1146 4383 1363 4465; x_wconf 89' lang='lat' dir='ltr'><strong>lector,</strong></span> <span class='ocrx_word' id='word_1_355' title='bbox 1409 4386 1532 4451; x_wconf 89' lang='lat' dir='ltr'><strong>hoc</strong></span> <span class='ocrx_word' id='word_1_356' title='bbox 1568 4387 1648 4450; x_wconf 89' lang='lat' dir='ltr'><strong>ad</strong></span> <span class='ocrx_word' id='word_1_357' title='bbox 1687 4385 2096 4450; x_wconf 89' lang='lat' dir='ltr'><strong>hirundinem</strong></span> <span class='ocrx_word' id='word_1_358' title='bbox 2142 4421 2227 4434; x_wconf 92' lang='lat'>—</span> <span class='ocrx_word' id='word_1_359' title='bbox 2266 4406 2391 4450; x_wconf 91' lang='grc'><strong>11611</strong></span> <span class='ocrx_word' id='word_1_360' title='bbox 2429 4385 2507 4450; x_wconf 92' lang='lat' dir='ltr'><strong>ad</strong></span> <span class='ocrx_word' id='word_1_361' title='bbox 2547 4405 2803 4451; x_wconf 87' lang='lat' dir='ltr'><strong>murem</strong></span> 
     </span>
     <span class='ocr_line' id='line_1_39' title="bbox 425 4487 2802 4576; baseline 0.002 -24"><span class='ocrx_word' id='word_1_362' title='bbox 425 4487 524 4552; x_wconf 87' lang='lat' dir='ltr'><strong>vel</strong></span> <span class='ocrx_word' id='word_1_363' title='bbox 585 4489 866 4554; x_wconf 85' lang='lat' dir='ltr'><strong>milvum</strong></span> <span class='ocrx_word' id='word_1_364' title='bbox 925 4492 1278 4574; x_wconf 87' lang='lat' dir='ltr'><strong>pertinere,</strong></span> <span class='ocrx_word' id='word_1_365' title='bbox 1341 4496 1404 4555; x_wconf 91' lang='lat' dir='ltr'><strong>et</strong></span> <span class='ocrx_word' id='word_1_366' title='bbox 1468 4491 1693 4556; x_wconf 88' lang='lat' dir='ltr'><strong>deinde</strong></span> <span class='ocrx_word' id='word_1_367' title='bbox 1755 4494 1823 4555; x_wconf 89' lang='lat' dir='ltr'><strong>in</strong></span> <span class='ocrx_word' id='word_1_368' title='bbox 1883 4498 2170 4567; x_wconf 84' lang='lat' dir='ltr'><strong>textum,</strong></span> <span class='ocrx_word' id='word_1_369' title='bbox 2237 4498 2312 4555; x_wconf 93' lang='lat' dir='ltr'><strong>ut</strong></span> <span class='ocrx_word' id='word_1_370' title='bbox 2363 4491 2469 4568; x_wconf 91' lang='lat' dir='ltr'><strong>fit,</strong></span> <span class='ocrx_word' id='word_1_371' title='bbox 2516 4498 2802 4576; x_wconf 89' lang='lat' dir='ltr'><strong>recepta,</strong></span> 
     </span>
    </p>
   </div>
  </div>
 </body>
</html>
