3392 5384
675 392 761 461 68
1101 424 1122 433 -
1528 408 1786 461 umens
1830 410 2206 462 amouimus.

760 575 867 641 IV.
919 574 979 641 3.
1043 581 1312 656 συνεχῶς
1375 572 1471 641 οὖν
1534 575 1692 640 δίδου
1757 577 1994 653 σεαυτῷ
2058 575 2293 649 ταύτην
2352 576 2459 648 τὴν
2507 575 2894 655 ἀναχώρησιν
2942 573 3049 638 καὶ

668 681 919 746 ἀνανέου
967 681 1260 746 σεαυτόν·
1309 680 1567 761 βραχέα
1615 681 1679 744 δὲ
1728 679 1883 745 ἔστω
1932 681 2034 745 καὶ
2084 681 2478 759 στοιχειώδη,
2529 672 2573 745 ἃ
2622 680 2796 751 εὐθὺς
2847 681 3051 744 ἀπαν-

668 788 949 860 τήσαντα
1022 784 1261 866 ἀρκέσει
1325 787 1410 858 εἰς
1474 786 1542 849 τὸ
1607 789 1823 850 πᾶσαν
1887 786 2082 859 αὐλῆν
2144 787 2515 850 ἀποκλεῖσαι
2581 786 2707 849 κτὲ.
2781 785 3050 850 Locutio

669 913 944 969 „renova
1005 891 1136 969 te”,
1196 894 1318 956 etsi
1375 890 1532 956 alias
1593 891 1764 977 apud
1826 897 2119 957 nostrum
2176 912 2301 956 non
2350 892 2573 969 obvia,
2623 892 2889 957 fortasse
2935 912 3049 976 per

665 1019 733 1062 se
781 997 1246 1083 quodammodo
1294 998 1445 1062 ferri
1490 1002 1730 1082 potest;
1797 1004 2010 1062 tamen
2058 996 2267 1062 multo
2313 1000 2680 1062 concinnius
2726 1003 2791 1062 et
2837 999 3051 1082 aptius

663 1104 768 1169 hic
807 1103 883 1169 de
919 1104 1329 1169 renovatione
1369 1102 1748 1190 dogmatum
1789 1105 2206 1188 cogitaveris,
2249 1103 2417 1188 quod
2456 1103 2611 1168 alibi
2637 1101 3051 1181 ἀναζωπυρεῖν

661 1210 1058 1295 nuncupavit
1119 1209 1500 1273 Antoninus,
1573 1208 1799 1293 Itaque
1857 1207 2049 1273 lectio
2111 1206 2217 1273 vel
2282 1208 2639 1273 emendatio
2659 1255 2675 1285 ,
2741 1228 2937 1291 quam
2984 1206 3041 1271 D

662 1316 950 1393 exhibet,
1000 1313 1251 1379 ἀνανέου
1299 1315 1446 1394 πρὸς
1484 1314 1744 1377 σεαυτόν
1782 1316 1958 1379 omni
1998 1312 2499 1379 consideratione
2541 1314 2736 1399 digna
2768 1313 3047 1390 videtur,

658 1422 1038 1505 praesertim
1097 1440 1247 1485 cum
1309 1440 1460 1485 mox
1521 1421 1612 1483 sic
1658 1424 1886 1505 pergat
1932 1423 2187 1483 auctor:
2238 1420 2414 1483 ἀλλὰ
2456 1426 2583 1490 τοῖς
2632 1420 2699 1482 ἐκ
2739 1425 2853 1482 τῶν
2894 1414 3047 1482 ὅλων

662 1523 1133 1601 απονεμομένοις
1192 1523 1644 1603 δυσχεραίνεις;
1705 1523 2205 1598 ἀνανεωσάμενος
2260 1525 2329 1588 τὸ
2382 1522 2803 1603 διεζευγμένον
2866 1523 3043 1586 κ.τ.ὲ.

655 1628 730 1693 In
801 1630 1036 1714 quibus
1107 1629 1323 1696 verbis
1387 1628 1785 1710 δυσχερανεῒς
1850 1628 2255 1693 scribendum
2312 1633 2431 1706 est,
2496 1627 3040 1713 quemadmodum

655 1732 870 1799 Gora'is
908 1736 974 1798 in'
1014 1734 1225 1800 verbis
1259 1736 1547 1818 proxime
1584 1732 2103 1799 antecedentibus
2128 1738 2384 1818 tempus
2409 1733 2704 1799 futurum
2728 1734 3040 1797 restituit.

751 1951 911 2017 Ibid.
964 1948 1068 2017 1¹7.
1121 1952 1208 2025 μὴ
1256 1952 1330 2021 ὥς
1379 1953 1566 2030 μύρια
1616 1948 1864 2025 μέλλων
1913 1948 2015 2023 ἔτη
2068 1948 2193 2029 ζῆν.
2241 1949 2435 2014 Recte
2483 1953 2547 2013 et
2594 1948 2846 2013 fortiter
2883 1948 3039 2013 haec

663 2060 754 2122 sic
798 2056 966 2120 nude
1015 2055 1381 2132 efferuntur,
1427 2075 1632 2140 neque
1675 2058 1775 2119 est
1820 2076 1934 2119 cur
1969 2054 2266 2120 lacunam
2304 2056 2645 2138 suspiceris
2682 2060 2745 2120 et
2786 2053 3041 2138 explere

663 2168 888 2229 tentes.
937 2160 1155 2227 Simili
1190 2160 1378 2227 modo
1419 2181 1570 2225 mox
1606 2182 1658 2225 c.
1703 2159 1789 2224 50
1838 2161 2045 2239 μικρόν
2086 2161 2214 2223 ε’στι
2253 2159 2321 2223 τὸ
2362 2158 2683 2234 διάστημα
2724 2160 2825 2223 καὶ
2864 2164 3043 2223 τοῦτο

664 2268 740 2333 δι’
796 2265 943 2331 ὅσων
1007 2269 1108 2330 καὶ
1150 2270 1284 2342 μεθ’
1333 2266 1461 2331 οἵων
1510 2264 1989 2344 ἐξαντλούμενον
2036 2266 2139 2330 καὶ
2192 2267 2249 2329 ἕν
2297 2262 2392 2343 οἵῳ
2440 2262 2769 2343 σωματίῳῑ
2817 2267 2903 2342 μὴ
2946 2260 3045 2329 οὖν

632 2376 740 2444 ’ὦς
789 2377 1084 2451 πρᾶγμα,
1133 2394 1328 2457 quem
1370 2372 1587 2439 locum
1630 2372 1870 2437 frustra
1913 2370 2210 2456 supplere
2259 2370 2468 2436 voluit
2514 2370 2767 2436 Reiske.

753 2587 914 2652 Ibid.
966 2588 1073 2653 49.
1136 2590 1403 2669 εὐτυχὴς
1472 2590 1632 2665 ἐγώ,
1695 2584 1786 2653 ὅτι
1851 2588 2063 2652 τούτου
2125 2611 2227 2663 μοι
2277 2586 2753 2664 συμβεβηκότος
2800 2586 3042 2660 ἄλυπος

665 2693 968 2771 διατελῶ,
1031 2692 1168 2758 οὔτε
1235 2695 1348 2759 ὑπὸ
1411 2698 1515 2758 τοῦ
1577 2693 1871 2772 παρόντος
1935 2691 2327 2771 θραυόμενος,
2392 2690 2530 2757 οὔτε
2595 2692 2662 2755 τὸ
2714 2694 3043 2773 §mbr-<Do-

661 2797 979 2875 βούμενος.
1044 2796 1212 2864 Cum
1272 2802 1535 2884 optimis
1589 2798 1767 2864 codd.
1815 2798 1942 2862 PA
1990 2798 2105 2861 ὑπὸ
2155 2797 2448 2875 παρόντος
2496 2798 2851 2878 θραυόμενος
2901 2798 3044 2863 οὔτε

662 2904 826 2967 ε’πιὸν
873 2909 947 2983 φ.
996 2902 1343 2989 legendum
1389 2903 1668 2969 videtur.

751 3120 912 3185 Ibid.
957 3122 1112 3187 ibid.
1163 3100 1398 3200 τᾶλλα,
1449 3116 1524 3185 ὧν
1573 3120 1899 3200 παρόντων.
1948 3121 2003 3185 P
2018 3123 2077 3186 A
2123 3120 2560 3199 συμπαρόντων
2609 3121 2935 3208 eleganter
2980 3129 3045 3187 et

660 3247 739 3291 ex
785 3248 962 3292 more
1007 3230 1244 3304 nostri,
1291 3230 1401 3312 qui
1448 3226 1997 3312 multicomposita
2032 3229 2101 3291 in
2139 3227 2379 3293 deliciis
2418 3228 2631 3293 habet.
2673 3227 2772 3292 Ad
2813 3248 3035 3293 vocem

660 3333 767 3396 σύν
813 3335 882 3396 in
927 3333 1103 3399 codd.
1153 3336 1458 3398 omissam
1503 3334 1580 3398 cf.
1630 3331 1768 3397 VII.
1828 3331 1911 3397 18
1958 3338 2023 3397 et
2071 3332 2179 3398 22.

749 3534 822 3598 V.
874 3533 937 3599 8.
1009 3538 1082 3605 ὥς
1150 3535 1254 3598 κα)
1319 3535 1456 3606 τοὺς
1521 3536 1942 3615 τετραγώνους
2004 3537 2197 3605 λίθους
2262 3536 2321 3598 ἐν
2384 3544 2508 3605 τοῖς
2567 3535 2844 3615 τείχεσιν
2893 3534 2927 3610 ἢ
2978 3536 3037 3599 ἐν

658 3647 799 3709 ταῖς
848 3640 1147 3720 πυραμίσι
1198 3640 1567 3716 συμβαίνειν
1614 3640 1867 3717 λέγουσι
1916 3640 2389 3723 συναρμόζοντες
2434 3642 2730 3714 αλλήλοις
2772 3651 2848 3722 τῇ
2883 3648 3032 3725 ποιᾷ

655 3742 941 3809 συνθέσει.
1006 3743 1205 3810 Nullo
1265 3744 1454 3809 modo
1516 3745 1669 3811 haec
1730 3746 1879 3811 ferri
1937 3754 2236 3832 possunt,
2294 3749 2419 3812 nisi
2464 3752 2713 3832 recepta
2756 3746 3028 3812 lectione

657 3849 838 3915 codd.
885 3850 1012 3915 PA
1059 3850 1571 3933 συναρμόζοντας.

744 4050 903 4115 Ibid.
957 4051 1062 4117 10.
1130 4089 1215 4100 —-
1278 4054 1447 4118 αὐτὰ
1513 4055 1596 4117 τα
1664 4055 2035 4129 ὑποκείμενα
2086 4056 2161 4123 ὡς
2210 4052 2584 4132 ὄλιγόχρονα
2633 4055 2735 4117 καὶ
2790 4056 3034 4128 εὐτελῆ.

654 4155 903 4221 Scribas
950 4158 1362 4237 ὀλιγοχρόνια,
1411 4166 1484 4223 ut
1530 4164 1838 4244 perpetuo
1879 4163 2110 4236 noster,
2161 4164 2227 4223 et
2274 4159 2455 4234 απαξ·
2491 4157 2655 4222 illud
2700 4157 3033 4234 λεγόμενον

656 4263 1040 4340 ὅλιγόχρονος
1085 4266 1154 4327 in
1199 4263 1422 4329 lexicis
1467 4264 1695 4329 deleas
1749 4261 1946 4329 Oodd.
1996 4266 2065 4327 in
2102 4263 2340 4328 talibus
2383 4266 2631 4329 variare
2677 4263 2903 4340 solent,
2951 4265 3029 4329 cf.

657 4368 976 4448 ἐλευθέριος
1039 4390 1151 4454 pro
1215 4371 1514 4448 ἐλεύθερος
1583 4369 1632 4434 I.
1702 4368 1803 4446 15,
1854 4368 2021 4433 VIII.
2074 4369 2140 4447 13
2200 4392 2387 4455 porro
2433 4370 2484 4446 Ι,
2538 4369 2617 4433 15
2669 4375 2733 4434 et
2779 4368 2886 4433 VI.
2940 4367 3027 4433 30

655 4473 798 4537 cod:
837 4476 894 4537 A
939 4478 1224 4553 μείλιχος
1275 4498 1388 4559 pro
1437 4478 1742 4554 μειλίχιος
1794 4474 2085 4554 exhibet,
2136 4478 2345 4540 nescio
2392 4496 2473 4539 an
2520 4482 2707 4540 recte.
