3392 5384
936 1124 1078 1218 DE
1133 1125 1641 1221 PIRITHOO
1701 1128 2133 1222 FABULA
2189 1130 2787 1222 EURIPIDEA

1743 1368 1992 1412 scmpsl’r

1557 1550 1641 1615 Κ.
1714 1551 2173 1617 KUIPER.

1710 1855 2029 1898 —·-⁴-*-

1836 2116 1887 2181 Ι.

751 2335 822 2400 In
891 2337 1197 2402 Photiani
1263 2335 1482 2402 Lexici
1543 2336 1942 2422 fragmentO,
2010 2333 2181 2421 quod
2242 2356 2319 2400 ex
2382 2333 2594 2400 codice
2655 2332 3061 2400 Berolinensi

659 2441 820 2523 (cod.
870 2441 1079 2507 Berol.
1128 2440 1351 2509 Graec.
1401 2447 1522 2508 oct.
1571 2441 1685 2523 22)
1731 2443 1919 2507 initio
1968 2441 2164 2506 huius
2210 2443 2358 2506 anni
2406 2441 2607 2506 edidit
2645 2440 2719 2506 R.
2761 2439 3066 2506 Reitzen-

659 2550 858 2627 stein,
905 2571 970 2634 p.
1005 2547 1112 2614 91.
1144 2548 1228 2613 18
1268 2549 1422 2614 haee
1460 2548 1675 2635 glossa
1714 2548 1993 2635 legitur:
2046 2547 2518 2628 Ἀμήτορος·
2570 2547 3060 2628 Εὐριπίδης·

663 2656 969 2735 ,,”Αφιδνε
1019 2656 1219 2728 Γαίας
1269 2656 1356 2720 υἱὲ
1404 2662 1515 2727 τῆς
1563 2653 1935 2734 ἄμῆτορος”,
1984 2650 2099 2718 οἷον
2147 2663 2259 2728 τῆς
2308 2653 2706 2734 αὐτόχθονος,
2750 2655 3065 2738 interpre-

657 2764 817 2827 tatio
878 2762 1159 2849 profecto
1220 2783 1346 2826 non
1412 2767 1705 2827 accurate
1770 2747 2057 2839 servata,
2118 2781 2270 2826 nam
2318 2782 2441 2825 non
2500 2758 2829 2825 Tellurem
2876 2759 3065 2824 αὐτό-

657 2869 848 2948 χθονα
893 2868 1142 2933 dixerat
1178 2870 1642 2954 grammaticus
1683 2869 1789 2932 cui
1830 2868 1988 2932 hanc
2028 2866 2504 2932 adnotationem
2534 2866 2721 2931 debet
2743 2865 3058 2943 Photius,

658 2973 768 3038 sed
829 2972 1240 3058 Aphidnum,
1303 2978 1368 3038 et
1423 2974 1576 3038 haec
1621 2975 1762 3059 ipsa
1809 2974 1868 3038 ei
1916 2993 2105 3039 causa
2148 2974 2274 3038 fuit
2322 2979 2397 3038 ut
2443 2972 2833 3038 adieetivum
2882 2971 3059 3036 haud

656 3081 961 3166 ignotum
1025 3079 1276 3158 ἀμήτωρ
1339 3081 1865 3167 interpretatione
1925 3081 2303 3159 instrueret;
2370 3081 2604 3165 corrigi
2665 3080 2884 3164 itaque
2931 3077 3059 3143 for-

657 3191 823 3251 tasse
868 3184 1021 3250 licet
1085 3185 1265 3263 „oe⁹er
1318 3189 1424 3250 τοῦ
1475 3185 1887 3267 αὖτόχθονος”
1942 3185 2088 3263 „vel
2140 3181 2255 3250 οἷον
2302 3184 2702 3264 αὖτόχθονε”.
2766 3184 2893 3250 Sed
2936 3185 3059 3250 hoc

655 3290 798 3357 leve
847 3298 962 3356 est.
1029 3290 1198 3356 Nam
1247 3291 1562 3378 quidquid
1608 3293 1863 3378 scripsit
1909 3292 2129 3356 Photii
2171 3289 2508 3370 librariae,
2556 3291 2741 3356 nobis
2787 3295 3055 3377 gratum

653 3398 838 3475 fecit,
885 3399 1192 3483 quoniam
1239 3398 1601 3484 fragmento
1649 3419 1765 3463 nos
1813 3399 2047 3464 ditavit
2092 3397 2461 3484 Euripidem

744 3501 969 3569 Itane?
1047 3502 1439 3590 Euripideo?
1515 3505 1660 3571 Non
1722 3507 1816 3570 ita
1878 3509 2092 3570 censet
2156 3503 2727 3583 Wilamowitzius,
2800 3505 2914 3588 qui
2982 3504 3053 3568 in

653 3610 1000 3676 Academia
1060 3609 1264 3697 Regia
1329 3611 1729 3676 Berolinensi
1801 3632 1948 3676 cum
2020 3595 2385 3697 fragmenta
2453 3632 2490 3676 a
2556 3610 3053 3675 Reitzensteinio

653 3714 824 3781 edita
863 3714 1094 3780 multis
1143 3722 1206 3780 et
1255 3718 1688 3802 sagacissimis
1729 3717 2283 3783 observationibus
2324 3715 2677 3781 illustraret
2696 3715 3053 3802 (Sitzungs-

649 3821 933 3887 berichte
997 3822 1109 3887 der
1170 3821 1251 3888 Κ.
1310 3822 1564 3888 Preuss.
1615 3821 1970 3888 Akademie
2019 3822 2129 3889 der
2177 3822 2714 3888 wissenschaften
2766 3819 2939 3888 1907
2991 3822 3047 3902 Ι)

649 3928 806 3993 haec
855 3929 1110 4012 scripsit
1158 3928 1235 3993 de
1282 3929 1528 4014 glossa,
1579 3951 1773 4015 quam
1822 3950 2014 4015 supra
2057 3929 2320 3995 rettuli:

745 4033 976 4099 Leider
1035 4034 1198 4099 fehlt
1245 4033 1358 4099 der
1400 4035 1606 4101 Name
1655 4035 1764 4100 des
1810 4035 2112 4114 Dramas;
2164 4037 2313 4101 aber
2359 4037 2479 4100 wir
2522 4034 2875 4100 iibersehen
2922 4033 3047 4099 den

649 4139 957 4206 Nachlass
1028 4139 1231 4206 dieses
1290 4141 1587 4206 Dichters
1633 4141 2045 4206 hinreichend
2069 4191 2085 4219 ,
2134 4163 2248 4207 um
2297 4141 2399 4207 die
2445 4141 2654 4227 Frage
2700 4140 3050 4205 aufwerfen

648 4267 727 4309 zu
792 4246 1040 4324 diirfen,
1110 4267 1206 4310 wo
1271 4247 1510 4311 konnte
1573 4246 1684 4312 der
1743 4245 2117 4334 Eponymos
2180 4247 2291 4313 der
2346 4246 2518 4312 alten
2582 4246 2763 4333 Burg
2808 4247 3044 4312 Person

650 4352 820 4428 sein,
885 4373 1013 4418 von
1078 4351 1224 4417 dem
1288 4355 1408 4417 wir
1452 4353 1593 4418 hier
1637 4353 1739 4418 die
1789 4352 2179 4439 Genealogie
2225 4360 2355 4419 erst
2402 4354 2723 4418 erfahren:
2775 4354 2879 4418 ein
2924 4352 3051 4418 Ur-

648 4459 812 4523 riese
858 4460 946 4522 ist
991 4479 1060 4523 er
1106 4461 1228 4524 wie
1274 4458 1581 4536 Titakos,
1629 4459 1741 4524 der
1787 4459 1967 4524 nicht
2014 4462 2163 4524 weit
2209 4481 2332 4525 von
2377 4459 2518 4523 ihm
2558 4481 2637 4524 zu
2674 4457 2895 4524 Hause
2935 4460 3044 4523 ist.

647 4561 788 4627 Nur
847 4565 913 4628 in
978 4563 1087 4628 der
1142 4562 1524 4631 Geschichte
1570 4586 1725 4630 vom
1772 4564 1954 4629 Raub
2004 4564 2281 4630 Helenas
2331 4565 2460 4630 und
2509 4564 2655 4629 dem
2701 4563 2879 4650 Zuge
2930 4563 3045 4629 der
