3392 5384
1471 430 1750 482 srAtrms.
2066 405 2077 410 ’
2657 412 2782 481 137

403 598 584 663 chori
643 600 956 683 particeps
1013 597 1125 662 fiat
1185 601 1375 684 atque
1435 596 1648 663 locum
1714 601 1776 663 ei
1834 599 2073 664 cedunt
2136 600 2412 678 (ruimen
2472 598 2620 662 hem
2668 619 2781 664 een

399 703 676 790 plaatsj0
736 706 852 783 in),
923 703 1004 768 cf.
1066 703 1149 767 II.
1205 703 1326 768 29:
1388 702 1677 770 occultus
1744 705 1863 769 sub
1934 704 2116 769 corde
2178 706 2532 770 renascitur
2593 704 2778 769 ardor

397 809 633 894 datque
677 809 895 875 locum
942 811 1170 875 virtus.

487 1025 685 1092 Totus
733 1027 1126 1092 Achivorum
1175 1029 1491 1092 exercitus
1539 1027 1844 1092 Aulidem
1896 1029 2027 1092 iam
2074 1029 2402 1104 convenit,

666 1132 774 1197 sed
822 1153 1212 1217 quamquam
1261 1139 1326 1196 et
1371 1136 1617 1218 gemini
1663 1136 1903 1217 pariter
1952 1153 2066 1198 sua
2113 1131 2281 1198 bella
2328 1137 2653 1218 capessant

491 1236 620 1302 468
668 1238 929 1302 Atridae
975 1238 1341 1322 famamque
1390 1238 1636 1305 avida
1683 1241 1926 1303 virtute
1972 1243 2303 1323 paternam

666 1341 947 1429 Tydides
993 1341 1460 1428 Sthenelusque
1511 1349 1840 1430 premant,
1892 1390 2275 1410 .........

666 1451 874 1514 omnis
917 1452 987 1513 in
1032 1450 1354 1515 absentem
1402 1448 1556 1514 belli
1603 1471 1830 1514 manus
1878 1448 2058 1514 ardet
2104 1446 2445 1514 Achillem.

389 1554 668 1641 Tydides
705 1553 1170 1639 Sthenelusque
1212 1558 1454 1619 virtute
1493 1575 1609 1620 sua
1647 1563 1953 1640 premunt
1991 1557 2034 1619 i.
2063 1575 2117 1619 e.
2147 1557 2449 1630 vincunt,
2476 1558 2776 1639 superant

387 1661 496 1741 (cf.
548 1682 641 1726 vs.
683 1660 834 1743 608)
883 1661 1124 1726 famam
1171 1668 1538 1745 paternam,
1591 1664 1832 1727 virtute
1880 1681 2040 1746 quae
2087 1668 2349 1746 paterna
2396 1662 2775 1746 iam-maior

389 1772 519 1843 est3
568 1787 694 1851 qua
739 1765 814 1832 de
861 1787 1048 1831 causa
1093 1769 1249 1851 quin
1295 1766 1428 1833 levi
1474 1770 1832 1832 mutatione
1876 1788 1993 1851 pro
2041 1765 2221 1829 avida
2269 1767 2360 1842 (in
2408 1763 2586 1829 codd.
2640 1763 2771 1844 KQ

389 1871 618 1951 avidi):
684 1876 928 1936 aucta
990 1872 1338 1957 legendum
1403 1875 1486 1936 sit
1550 1875 1659 1937 vix
1723 1873 1969 1937 dubito.
2035 1870 2129 1936 Of.
2197 1892 2293 1936 vs.
2348 1869 2477 1936 732
2534 1870 2648 1934 ubi
2696 1870 2772 1935 de

393 1978 618 2044 eodem
658 1976 1004 2042 Diomede:

661 2082 767 2147 hic
813 2084 969 2159 tibi,
1019 2104 1212 2167 quem
1261 2088 1436 2148 tanta
1482 2082 1821 2149 meliorem
1866 2085 2065 2168 stirpe
2114 2084 2353 2147 creavit

662 2191 1118 2273 magnanimus
1158 2189 1438 2274 Tydeus.

483 2388 720 2456 Omnes
768 2390 1089 2456 Achillem
1138 2397 1406 2477 poscunt
1452 2413 1656 2456 unum
1676 2442 1692 2470 ,
1742 2412 1892 2457 nam

1403 2499 1598 2582 patrii
1644 2500 1898 2583 propior
1944 2499 2049 2561 cui
2093 2495 2263 2561 linea
2302 2494 2493 2572 caeli,

480 2601 612 2667 480
662 2623 934 2688 quemve
984 2603 1185 2668 alium
1231 2601 1499 2689 Stygios
1548 2602 1775 2668 tulerit
1821 2609 2143 2684 secreta
2190 2623 2301 2688 per
2347 2602 2555 2667 amnis

659 2708 881 2774 Nereis
928 2715 994 2774 et
1037 2708 1338 2794 pulchros
1382 2710 1545 2775 ferro
1591 2712 2050 2794 praestruxerit
2096 2707 2312 2774 artus?

357 2814 511 2884 .Pro
570 2821 797 2877 secreta
845 2814 1292 2899 corrigendum
1355 2821 1484 2879 est:
1550 2835 1858 2880 secura.
1922 2814 2063 2879 Non
2110 2813 2278 2879 illud
2327 2811 2644 2878 Achillem
2692 2816 2769 2876 ut

385 2940 713 2985 armorum
759 2921 1004 2984 socium
1050 2920 1456 2984 commendat
1504 2926 1692 3006 atque
1740 2941 1890 3004 prae
1936 2923 2159 2985 ceteris
2208 2921 2503 2985 omnibus
2551 2919 2776 2983 distin·

384 3028 564 3111 guit,
630 3025 800 3109 quod
863 3023 1075 3090 clam
1138 3032 1346 3090 mater
1405 3047 1555 3091 eum
1616 3028 1684 3089 in
1748 3024 1976 3112 Stygis
2037 3025 2239 3090 undas
2286 3027 2613 3101 merserit,
2663 3022 2772 3088 sed

386 3131 553 3216 quod
602 3135 781 3208 tuto,
830 3130 999 3214 quod
1038 3151 1256 3195 secura
1293 3130 1361 3194 id
1400 3131 1599 3196 facere
1639 3133 1887 3214 potuit,
1932 3152 2080 3195 nam
2119 3153 2327 3194 secura
2351 3129 2546 3220 =nil
2580 3126 2770 3206 mali,

386 3234 479 3299 nil
515 3235 789 3320 periculi
828 3238 1094 3313 timens,
1143 3236 1220 3300 cf.
1267 3257 1357 3299 vs.
1404 3235 1564 3300 589:
1607 3235 1823 3300 oscula
1861 3256 2201 3300 securae
2240 3235 2431 3300 dabat
2462 3233 2771 3297 insidiosa

387 3343 604 3406 sorori.
670 3340 796 3405 Res
857 3340 1012 3405 alibi
1075 3344 1142 3405 in
1205 3340 1564 3407 Achilleide
1624 3347 2162 3406 commemoratur
2207 3361 2299 3406 νε.
2360 3338 2519 3409 134:
2585 3359 2768 3422 saepe

385 3446 520 3530 ipsa
582 3445 786 3525 (nefas
806 3442 849 3525 ἔ)
912 3447 1031 3511 sub
1095 3449 1309 3511 inania
1372 3451 1600 3511 natum
1667 3445 1932 3510 Tartara
1977 3452 2040 3510 et
2088 3446 2165 3510 ad
2212 3445 2479 3530 Stygios
2526 3447 2762 3508 iterum

383 3551 514 3616 fero
575 3571 869 3636 mergere
929 3552 1161 3628 fontis,
1224 3558 1288 3617 et
1351 3572 1444 3617 νε.
1494 3551 1662 3616 269;
1730 3555 1787 3616 si
1830 3554 2245 3638 progenitum
2290 3550 2532 3637 Stygos
2578 3569 2762 3614 amne

386 3677 603 3724 severo
652 3659 903 3722 armavi
948 3663 1311 3742 (totumque
1360 3660 1610 3722 utinam
1629 3655 1692 3738 Ξ).

472 3873 650 3939 Dum
692 3894 912 3940 omnes
956 3873 1275 3940 Achillem
1316 3882 1631 3961 quaerunt
1669 3877 1933 3954 frustra,
1977 3873 2388 3942 Calchantem
2427 3871 2769 3959 compellat

388 3979 784 4046 Protesilaus
807 4027 822 4057 ,

1464 4107 1741 4172 namque
1790 4088 1940 4152 huic
1984 4086 2218 4153 bellare
2266 4087 2493 4173 cupido

471 4191 601 4258 495
651 4195 994 4278 praecipua
1040 4197 1103 4256 et
1149 4193 1393 4276 primae
1439 4195 1570 4257 iam
1622 4201 1776 4258 tunc
1824 4194 2014 4258 data
2059 4193 2344 4279 gloria
2389 4193 2633 4256 mortis.

382 4298 476 4363 An
543 4298 757 4385 gloria
826 4299 1068 4382 primae
1142 4301 1368 4362 mortis
1439 4298 1795 4365 Protesilao
1866 4300 2013 4363 data
2083 4306 2218 4364 erat
2288 4305 2629 4382 antequam
2699 4299 2769 4360 in

379 4403 690 4469 hostium·
728 4411 967 4468 terram
1030 4402 1480 4468 advenissent?
1543 4404 1680 4484 Quo
1746 4412 2031 4490 tempore
2091 4408 2224 4489 ipse
2286 4425 2357 4469 eo
2405 4403 2573 4488 quod
2619 4399 2761 4467 Gal-

379 4509 676 4576 chantem
715 4512 1018 4574 acerrime
1054 4511 1402 4594 increpuit,
1445 4530 1511 4575 se
1550 4512 1819 4575 minime
1859 4516 2191 4575 mortuum
2229 4531 2364 4576 esse
2402 4509 2510 4577 sed
2534 4510 2756 4576 vivere
