3392 5384
677 379 808 444 444
1603 398 1829 447 comm
1876 399 2131 447 omnum

765 565 829 630 2.
880 564 1222 632 Iamblichi
1283 565 1672 652 Protreptici
1718 565 1856 632 cod.
1904 565 2209 631 Laurent.
2258 565 2407 632 coll.
2454 570 2519 634 in
2568 572 2861 657 margine
2909 571 3067 636 edit.

875 669 1390 758 Kiesslingianae
1412 721 1428 750 ,
1477 671 1654 758 Lips.
1710 669 1907 739 1813.
1974 705 1987 722 =

760 901 1132 987 Sequuntur
1175 900 1614 968 adnotationes
1658 904 1872 968 variae
1892 949 1910 981 ,
1960 923 2232 988 quarum
2277 924 2517 989 magna
2564 925 2709 990 pars
2752 907 2821 970 in
2867 927 3060 971 usum

667 1008 1022 1074 lectionum
1074 1008 1618 1074 Academicorum.
1667 1007 1839 1072 Sunt
1886 1013 2016 1074 tres
2060 1007 2350 1075 fasciculi
2396 1015 2461 1074 et
2504 1012 2827 1094 pertinent
2873 1012 2987 1078 ad:

763 1113 822 1182 1.
871 1113 1278 1180 Aeschinem.
1949 1111 2053 1179 13.
2100 1113 2483 1180 Homerum.

761 1219 825 1284 2.
872 1220 1369 1304 Aristophanem
1403 1217 1687 1300 (Scholia
1710 1221 1827 1302 in).
1952 1218 2055 1284 14.
2103 1218 2376 1286 Isaeum.

761 1323 822 1390 3.
872 1325 1142 1391 Dionem
1191 1323 1751 1412 Chrysostomum.
1949 1325 2053 1391 15.
2100 1323 2451 1391 Iulianum.

760 1430 823 1496 4.
871 1431 1289 1497 Dinarchum.
1954 1430 2057 1498 16.
2106 1431 2472 1498 Libanium.

760 1537 821 1604 5.
871 1537 1230 1603 Diodorum
1277 1535 1593 1602 Siculum.
1947 1535 2054 1604 17.
2102 1537 2391 1624 Lysiam.

757 1643 818 1708 6.
869 1642 1257 1730 Dionysium
1306 1641 1633 1708 Halicarn.
1942 1642 2047 1708 18.
2094 1643 2488 1710 Moschionis
2537 1644 2918 1730 fragmenta.

761 1746 823 1815 7.
870 1749 1268 1835 Euripidem.
1949 1749 2051 1816 19.
2101 1749 2463 1816 Platonem.

753 1853 818 1921 8.
867 1853 1211 1921 Galenum.
1935 1855 2045 1921 20.
2094 1853 2431 1920 Plutarchi
2477 1853 2679 1920 Vitas.

757 1961 819 2026 9.
868 1959 1176 2027 Gellium.
1609 2023 1628 2038 ‚
1939 1961 2047 2026 21.
2096 1961 2468 2026 Stobaeum.
2508 2044 2513 2048 α

686 2066 817 2140 ·1.0.
866 2066 1288 2133 Herodotum.
1939 2066 2046 2133 22.
2095 2064 2550 2131 Themistium.

716 2173 819 2238 11.
867 2172 1296 2260 Hesychium.
1941 2172 2049 2239 23.
2097 2171 2568 2258 Thucydidem.

715 2278 820 2345 12.
871 2279 1352 2365 Hippocratem.
1631 2311 1639 2323 ·

1038 2475 1411 2563 Sequuntur
1458 2477 1843 2543 Adversaria
1889 2484 1953 2542 et
2000 2475 2409 2545 CoHectanea
2454 2483 2680 2545 mixta.

756 2582 814 2646 1.
863 2584 1419 2670 Prosopographia
1457 2584 1917 2670 Xenophontea
1938 2607 2133 2651 manu
2157 2589 2360 2673 ipsius
2386 2591 2683 2654 auctoris.
2734 2588 2763 2651 1
2794 2587 2940 2651 fasc.
2968 2587 3046 2651 f0.

753 2688 816 2756 2.
864 2691 1301 2775 Antiquitates
1340 2691 1679 2756 Romanae.
1731 2691 1786 2756 V
1825 2690 1902 2758 de
1940 2691 2405 2759 Sacerdotibus.
2452 2693 2524 2758 In
2560 2715 2752 2758 usum
2791 2690 3046 2758 lection.

864 2796 1058 2862 Acad.
1115 2797 1146 2861 1
1198 2796 1328 2863 vol.
1381 2797 1474 2862 4⁰.

754 2902 815 2969 3.
863 2903 1177 2968 Athenaei
1237 2903 1455 2969 Editio
1518 2904 1927 2971 Dindorfiana
1972 2905 2172 2989 (Lips.
2226 2899 2448 2985 1827),
2506 2905 2761 2967 insertis
2808 2902 3048 2967 chartis

859 3011 927 3072 in
992 3010 1224 3093 quibus
1289 3006 1568 3076 Cobetus
1614 3009 1826 3076 multa
1872 3011 2203 3077 adnotavit
2247 3012 2317 3074 in
2362 3031 2556 3074 usum
2602 3029 2805 3075 novae
2850 3029 3042 3094 quam

860 3114 1246 3180 moliebatur
1293 3115 1612 3181 editionis.
1669 3115 1751 3182 12
1801 3121 1959 3181 tom.
2008 3119 2077 3181 in
2126 3116 2201 3180 4⁰
2246 3118 2398 3181 mai.

747 3220 809 3286 4.
863 3219 1168 3308 Diogenis
1206 3222 1448 3288 Laertii
1496 3223 1691 3287 editio
1740 3221 2581 3288 Huebnero-Hermanniana
2620 3221 2822 3307 (Lips.
2870 3218 3041 3284 1828

861 3327 1178 3410 -1831),
1243 3331 1502 3394 insertis
1565 3329 1805 3395 chartis
1865 3331 1934 3394 in
1996 3329 2231 3414 quibus
2296 3328 2622 3414 permulta
2684 3326 2930 3393 addidit
2979 3332 3071 3404 et,

856 3437 1131 3500 correxit
1169 3432 1469 3501 Cobetus.
1508 3434 1947 3522 Inservierunt
1985 3435 2364 3520 typothetae
2403 3437 2470 3499 in
2510 3455 2699 3498 usum
2742 3433 3041 3498 editionis

857 3539 1257 3606 Didotianae.

747 3646 807 3711 5.
857 3645 1148 3711 Historia
1211 3645 1620 3713 Comicorum
1672 3645 2072 3713 Graecorum
2120 3669 2323 3734 usque
2372 3647 2451 3712 ad
2496 3645 2830 3731 Eupolidis
2875 3650 3039 3709 aeta·
3118 3698 3125 3704 .

857 3758 1025 3832 tem,
1090 3773 1126 3818 a
1188 3751 1428 3820 Cobeto
1493 3754 1811 3839 descripta
1866 3775 1943 3818 ex
1992 3754 2306 3820 Meinekii
2351 3754 2516 3818 libro
2537 3801 2553 3830 ,
2600 3774 2749 3818 cum
2797 3751 3042 3837 aliquot

859 3862 1025 3924 notis
1072 3865 1138 3924 et
1185 3860 1656 3925 additamentis,
1713 3859 1794 3925 51
1847 3882 1996 3947 pag.
2044 3861 2124 3925 f0.

744 3964 804 4030 6.
851 3965 1133 4031 Foedera
1197 3964 1545 4033 Cretensis.
1612 3964 2017 4033 Collectanea
2079 3967 2156 4031 de
2220 3967 2469 4031 duabus
2514 3964 3042 4049 Inscriptionibus

855 4070 1264 4138 Cretensibus
1311 4093 1347 4137 a
1394 4070 1636 4139 Cobeto
1683 4076 1973 4158 repertis,
2026 4072 2113 4138 20
2158 4072 2333 4139 folia.
2380 4072 2441 4136 f⁰
2484 4077 2549 4137 et
2597 4069 2689 4134 4⁰.

745 4175 804 4243 ’7.
854 4162 1114 4244 Accedit
1164 4178 1508 4274 fasciculus
1555 4181 1623 4243 in
1671 4178 1766 4257 4⁰,
1813 4182 1881 4245 in
1933 4199 2093 4265 quo:

851 4309 909 4350 a.
959 4284 1503 4371 Palaeographica
1552 4283 1757 4351 1-11,

851 4391 904 4454 b.
963 4390 1255 4456 Metrica.

853 4519 902 4562 c.
961 4496 1286 4562 Histoi-ica
1333 4502 1398 4561 et
1445 4494 1895 4583 Geographica
1936 4497 2007 4560 in
2054 4518 2251 4561 usum
2294 4495 2643 4561 lectionum
2688 4493 2988 4560 Academ.
