3392 5384
647 380 780 446 234
1687 400 2003 451 nonnus.

737 567 900 632 Ibid.
952 566 1008 651 2,
1074 567 1271 648 Quasi
1317 569 1530 635 dedita
1579 590 1767 655 opera
1814 569 1987 634 domi
2035 575 2250 649 erant,
2297 576 2375 636 ut
2420 572 2602 639 nullo
2648 575 2837 641 modo

1053 674 1232 741 Intro
1282 678 1375 741 ire
1423 698 1706 763 possem,
1755 678 1913 761 quin
1959 698 2066 743 me
2112 678 2407 745 viderent

736 781 834 861 (1)
879 782 1023 849 Non
1071 786 1208 847 tam
1256 784 1533 861 mirum,
1582 785 1639 847 si
1686 782 1860 848 domi
1910 787 2126 861 erant,
2169 784 2277 849 sed
2317 784 2485 850 illud
2523 789 2737 874 magis
2774 790 3040 867 mirum,

649 887 818 972 quod
882 890 951 952 in
1015 908 1088 953 ea
1135 888 1368 953 domus
1416 894 1630 974 parte,
1681 910 1807 973 qua
1853 890 1921 953 in
1970 888 2157 955 aedes
2201 891 2664 957 introeundum
2712 901 2851 959 erat
2895 893 3047 959 adu-

646 992 1017 1059 lescentulo.
1203 994 1300 1076 (2)
1353 994 1660 1080 Superius
1710 1015 1912 1073 causa,
1944 998 2310 1062 continetur
2356 1018 2472 1063 cur
2516 1021 2642 1065 non
2691 1004 3046 1068 mutaverit

648 1105 933 1178 vestem,
980 1100 1248 1166 inferius
1297 1107 1517 1167 autem
1566 1123 1680 1167 cur
1725 1103 1850 1167 huc
1896 1103 2178 1168 redierit.

742 1206 909 1287 Quid
955 1216 1051 1272 est
1104 1209 1479 1293 „superius”
1531 1213 1596 1273 et
1648 1208 1998 1287 „inferius”
2047 1211 2115 1273 in
2162 1207 2300 1290 (2st
2344 1209 2491 1277 Non
2535 1211 2879 1300 intellege,
2916 1215 3047 1279 nisi

650 1315 916 1379 fortasse
973 1313 1340 1379 indicentur
1397 1314 1524 1380 duo
1568 1314 1689 1380 illa
1735 1318 1803 1380 in
1851 1314 2091 1381 scholio
2137 1316 2233 1396 (l)
2284 1316 2502 1393 „domi
2550 1320 2770 1384 erant''
2820 1326 2885 1385 et
2931 1324 3047 1400 „in

653 1442 726 1486 ea
772 1422 1002 1487 domus
1049 1424 1292 1507 parte'',
1345 1422 1454 1488 sed
1502 1426 1727 1507 utique
1781 1421 2106 1488 adnotatio
2154 1423 2472 1489 mirabilis
2518 1430 2634 1490 est.

743 1527 904 1593 Ibid.
957 1532 998 1593 4
1069 1528 1274 1594 Notus
1321 1529 1485 1593 mihi
1532 1530 1796 1614 quidam
1842 1529 2100 1595 obviam
2148 1532 2329 1595 venit
2548 1510 2565 1615 ’δ

744 1633 905 1701 Don.
947 1642 1117 1701 recte
1153 1635 1282 1717 (2):
1328 1635 1452 1716 Qui
1496 1656 1600 1701 me
1640 1638 1844 1722 possit
1883 1656 2246 1721 agnoscere.
2384 1636 2487 1701 IP
2528 1637 2731 1703 stulte
2770 1636 3050 1703 addidit:

652 1742 759 1808 vel
806 1745 946 1827 qui
995 1764 1114 1807 me
1160 1745 1534 1821 noverit,
1587 1742 1656 1807 id
1704 1749 1800 1807 est
1847 1746 2113 1809 amicus,

743 1850 904 1915 Ibid.
959 1849 1044 1915 10
1114 1849 1282 1930 Quid
1330 1870 1471 1915 mea
1519 1847 1784 1915 autem?
1854 1848 2020 1929 Quid
2068 1849 2259 1915 faciet
2306 1847 2511 1915 mihi?

745 1957 841 2039 (1)
904 1955 1176 2043 Colligit
1238 1979 1303 2022 se
1366 1977 1588 2022 rursus
1651 1956 1732 2022 ad
1794 1956 2268 2042 impudentiam
2336 1954 2637 2023 Chaerea.
2824 1957 3047 2022 Inanis

652 2066 936 2143 imitatio
978 2069 1075 2129 est
1116 2064 1283 2149 quod
1323 2066 1644 2149 sequitur:
1686 2062 1785 2145 (2)
1824 2064 1908 2128 Et
1950 2063 2094 2129 vide
2133 2066 2190 2128 si
2227 2086 2353 2129 non
2393 2063 2616 2131 eadem
2657 2068 2753 2129 est
2785 2063 3054 2129 audacia

655 2174 722 2235 in
771 2167 1054 2237 Chaerea
1097 2191 1258 2255 quae
1306 2173 1373 2235 in
1419 2170 1825 2255 suscipiendo
1872 2171 2146 2235 facinore
2194 2167 2362 2235 fuit?

749 2276 912 2343 Ibid.
965 2277 1045 2342 11
1117 2277 1251 2344 Th.
1302 2278 1646 2343 Adeamus.
1698 2315 1784 2325 —
1830 2277 2004 2343 Bone
2050 2280 2151 2343 vir
2195 2276 2398 2357 Dore,
2447 2275 2622 2343 salve

750 2384 1020 2450 Lemma
1072 2384 1300 2450 scholii
1345 2384 1441 2466 (2)
1489 2391 1588 2449 est
1636 2384 2069 2463 ‚,Adeamus'',
2115 2386 2334 2469 itaque
2380 2384 2500 2449 hoc
2547 2386 2616 2449 in
2665 2381 3052 2451 Commento

658 2492 784 2587 fuit
845 2498 992 2557 ante
1055 2491 1150 2573 (1)
1213 2494 1395 2557 cuius
1441 2490 1680 2557 lemma
1728 2497 1823 2556 est
1874 2490 2090 2570 „Bone
2137 2494 2238 2556 vir
2284 2490 2517 2557 Dore''.
2610 2489 3051 2576 Transpositio

641 2599 927 2664 ‘debetur
973 2602 1170 2663 errori
1217 2597 1693 2684 CompilatoriS.

753 2703 915 2769 Ibid.
972 2704 1054 2768 14
1129 2702 1263 2771 Ch.
1313 2704 1383 2769 Si
1430 2703 1626 2769 aliam
1675 2704 1992 2769 admisero
2039 2726 2389 2789 umquam,
2439 2704 2710 2770 occidito

754 2811 852 2891 (2)
918 2812 1003 2876 Et
1065 2834 1190 2877 non
1254 2809 1589 2889 „caedito”
1659 2810 1770 2875 sed
1833 2810 2210 2887 „occidito''.
2395 2809 2607 2876 Immo
2669 2811 2787 2876 hoc
2829 2813 3050 2896 ipsum

662 2916 989 3003 intellegit
1029 2915 1327 2983 Chaerea.
1469 2915 1681 2981 Schol.
1724 2914 1821 2998 (3)
1860 2918 2455 3002 corruptissimum:
2482 2915 2601 2983 Illa
2626 2918 2808 3002 quasi
2828 2916 3053 2981 choree

663 3022 911 3090 dixerat
962 3024 1192 3089 adhinc
1237 3025 1459 3088 irrisor
1505 3025 1689 3109 quasi
1736 3023 2094 3110 fugitivus,
2147 3060 2231 3071 —
2280 3022 2547 3088 fortasse
2594 3024 2689 3087 ita
2735 3024 3053 3109 corrigen-

664 3130 856 3196 dum:
919 3130 1211 3209 (Thais)
1260 3128 1375 3194 illa
1423 3132 1604 3215 quasi
1651 3132 2035 3216 (ingenuo)
2086 3126 2403 3196 Chaereae
2451 3129 2700 3195 dixerat
2743 3128 2902 3209 (scil.
2954 3149 3051 3194 vs.

667 3236 811 3318 13):
858 3236 1132 3316 „Credin
1159 3245 1220 3302 te
1244 3239 1510 3323 impune
1534 3237 1912 3302 habiturum
1930 3233 2030 3316 ?'';
2074 3243 2156 3301 at
2195 3237 2327 3301 hic
2366 3239 2586 3302 irrisor
2613 3236 3043 3321 (respondet)

662 3349 740 3409 ut
785 3344 1127 3431 fugitivus.

756 3450 918 3516 Ibid.
969 3450 1054 3517 25
1125 3450 1271 3517 Non
1317 3456 1379 3516 te
1427 3451 1736 3536 dignum,
1787 3448 2099 3527 Chaerea,
2147 3449 2357 3515 fecisti

753 3557 853 3621 IP
913 3556 1012 3639 (3)
1075 3556 1452 3644 „Dignum”
1503 3578 1618 3642 pro
1670 3556 1973 3643 „digne’'‚
2020 3564 2134 3623 aut
2180 3556 2358 3621 deest
2407 3556 2758 3634 „facinus'',
2807 3562 2881 3620 ut
2925 3558 3047 3634 sit,

667 3685 792 3728 non
854 3669 917 3728 te
979 3663 1253 3750 dignum
1313 3664 1558 3728 facinus
1607 3663 1834 3727 fecisti.
2018 3662 2385 3748 Perperam.
2458 3660 2554 3729 Cf.
2604 3663 2865 3727 Phorm.
2915 3660 3049 3727 430

671 3772 846 3848 „tuis
893 3769 1166 3856 dignum
1213 3770 1396 3835 factis
1445 3769 1737 3835 feceris''.
1786 3768 1968 3833 Nihil
2014 3769 2210 3834 deest.

759 3876 902 3942 Ibid
951 3875 1036 3942 36
1108 3876 1311 3957 Quid,
1358 3879 1413 3942 si
1462 3877 1580 3942 hoc
1627 3879 1951 3963 quispiam
1996 3876 2204 3942 voluit
2252 3874 2451 3941 deus?

758 3983 918 4049 Don.
967 3982 1062 4062 (1)
1103 3982 1417 4069 Pleraque
1454 3985 1806 4069 repentinis
1845 3974 2345 4068 impulsionibus
2382 3992 2531 4049 nata
2568 3985 2881 4067 mirisque
2917 4005 3057 4069 pro-

666 4092 963 4155 ventibus
1005 4090 1119 4155 deo
1168 4090 1443 4155 adscribi
1492 4089 1731 4167 solent,
1781 4096 1852 4154 ut
1890 4087 2220 4176 Vergilius
2258 4090 2442 4167 (Aen.
2482 4087 2545 4153 II
2582 4087 2735 4168 632,
2772 4087 3052 4170 111715)

667 4203 732 4262 et
768 4196 1132 4293 Sallustius·
1158 4197 1262 4276 (fr.
1303 4196 1527 4276 Hist.).
1666 4196 1785 4261 Ed.
1829 4196 1924 4279 (2)
1949 4196 2106 4261 Vult
2131 4217 2415 4261 amorem
2441 4195 2733 4284 intellegi
2758 4196 2949 4260 deum
2984 4196 3054 4278 ¹).

666 4302 929 4368 Falsum
949 4322 966 4381 3
1014 4302 1421 4391 intellegitur
1465 4301 1726 4388 aliquod
1773 4324 2051 4381 numen,
2102 4302 2181 4367 cf.
2232 4302 2505 4368 Fabia.

735 4551 786 4617 1)
821 4550 896 4600 Cf.
925 4550 1149 4600 Eiusdem
1179 4549 1326 4601 schol.
1358 4549 1420 4599 ad
1450 4549 1581 4599 And
1599 4564 1638 4599 r.
1675 4549 1714 4598 V
1747 4551 1793 4599 3.
1812 4550 1877 4599 25
1908 4548 2035 4615 Quin
2054 4563 2188 4598 amor
2204 4548 2321 4599 deus
2338 4550 2423 4599 est.
2458 4547 2845 4600 Mnem.xxxl1
2864 4564 2912 4615 p.
2932 4548 3051 4601 285.
