3392 5384
719 428 806 494 ¹74
1575 439 1832 488 mneos
1879 436 2258 486 Ani-omnus.

817 611 984 677 Ibid.
1035 609 1141 675 30.
1215 608 1405 687 τούτῳ
1469 606 1593 684 γὰρ
1657 605 2021 682 ἐπιβάλλων
2081 601 2327 682 ταχέως
2393 602 2651 680 ε’πιλῆση
2715 611 2825 676 τῆς
2886 605 3117 682 ὀργῆς,

715 719 1174 795 συμπίπτοντος
1235 720 1364 792 τοῦ,
1415 713 1505 778 ὅτι
1549 709 1885 791 βιάζεται·
1933 713 1998 775 τί
2043 710 2169 788 γὰρ
2216 711 2484 787 mnium
2533 709 2701 789 Quid
2750 711 2837 773 sit
2880 712 3119 786 συμπί·

716 848 891 890 πτειν
959 830 1024 888 et
1096 823 1459 897 σύμπτωμα
1538 818 1764 884 docent
1833 816 1992 894 loci,
2066 815 2285 900 quales
2348 821 2502 880 sunt
2565 815 2618 879 Ι.
2687 813 2790 892 17,
2841 813 2949 878 VI.
2999 813 3113 892 48,

734 929 906 995 VIII.
956 928 1062 993 46.
1113 926 1441 993 Sententia
1485 932 1703 990 autem
1750 922 2035 1008 flagitat:
2066 921 2429 1004 praemunt
2472 921 2529 984 si
2574 945 2695 984 una
2734 919 2846 983 tibi
2880 942 3119 983 cuccur-

732 1037 902 1113 τοτοῖ,
953 1034 1122 1120 quod
1169 1039 1266 1099 est
1310 1031 1949 1111 συμπροσπίπτοντος,
1995 1028 2074 1092 cf.
2112 1026 2253 1092 VH.
2294 1027 2402 1105 22,
2442 1026 2525 1092 X.
2568 1025 2675 1105 31,
2717 1025 2864 1091 XII.
2905 1023 3019 1090 28.

813 1252 975 1319 Ibid.
1025 1251 1133 1316 31.
1199 1249 1555 1327 Σατυρίωνα
1620 1249 1751 1312 ἰδὼν
1816 1245 2198 1326 Σωκρατικὸν
2258 1246 2584 1326 φανταζου
2638 1245 2672 1320 ἢ
2722 1243 3021 1325 Εὖτύχην
3076 1245 3113 1320 ἢ

717 1357 1001 1435 ’Τμενα·
1068 1357 1171 1420 καὶ
1236 1355 1586 1435 Εὐφράτην
1647 1355 1778 1419 ἰδὼν
1844 1352 2212 1430 Εὐτυχίωνα
2280 1353 2315 1426 ἢ
2366 1351 2695 1416 Σιλουανὸν
2745 1349 3119 1430 Φανταζου·

645 1486 664 1504 ·
720 1466 823 1529 καὶ
875 1464 1258 1540 ἈλκίΦρονα
1307 1459 1770 1538 Τροπαιοφόρον
1820 1459 2181 1538 φανταζου·
2232 1457 2339 1525 καὶ
2391 1463 2749 1536 Ξενοφῶντα
2798 1456 2930 1522 ἰδὼν
2977 1457 3123 1535 Κρί-

720 1596 884 1635 τωνα
943 1568 976 1645 ἢ
1028 1576 1282 1644 Σευῆρον
1329 1567 1691 1647 Φανταζου·
1742 1565 1844 1628 καὶ
1906 1566 1993 1636 εἷς
2039 1565 2297 1628 σεαυτὸν
2342 1563 2575 1627 ἀπιδὼν
2622 1569 2738 1627 τῶν
2787 1562 3119 1641 Καισάρων

719 1677 858 1742 τινα
921 1673 1265 1755 φαντάζου.
1329 1673 1403 1737 In
1449 1673 1767 1738 eiusmodi
1812 1671 2401 1736 enumerationibus
2446 1671 2784 1734 nominum
2833 1671 3124 1754 proprio-

718 1803 867 1848 rum
911 1778 1308 1846 recensendis
1355 1783 1538 1844 caute
1587 1798 1724 1843 esse
1770 1776 2243 1862 procedendum
2289 1797 2405 1860 per
2448 1797 2514 1840 se
2558 1781 2760 1860 patet.
2807 1773 3121 1858 Suspicor

720 1887 1018 1952 lacunam
1078 1889 1285 1949 inesse
1345 1887 1414 1947 in
1476 1884 1685 1949 verbis
1751 1883 1854 1946 καὶ
1922 1929 2166 1948 ......
2230 1880 2462 1959 (ἰδὼν)
2525 1880 2904 1962 Ἀλκίφρονα
2969 1879 3115 1958 (ἢ)

721 1991 1177 2071 Τροπαιοφόρον
1237 1987 1582 2068 Φανταζου,
1670 1993 1739 2054 at·
1807 1987 2225 2053 confidentius
2299 1987 2607 2052 ulteriora
2675 1988 2765 2050 sic
2826 1984 3115 2069 retingo:

724 2097 828 2161 καὶ
863 2095 1138 2176 ’Σευῆρον
1189 2094 1320 2160 ἰδὼν
1370 2096 1643 2173 Κρίτωνα
1693 2094 1726 2168 ἢ
1780 2100 2141 2173 Ξενοφῶντα
2189 2088 2531 2172 Φανταζου.

813 2315 971 2381 Ibid.
1026 2313 1132 2380 36.
1196 2313 1517 2382 σπουδαῖος
1583 2313 1685 2376 καὶ
1752 2311 1945 2391 σοφὸς
1993 2305 2097 2383 ἦν·
2148 2311 2217 2374 τὸ
2267 2309 2661 2374 πανύστατον
2708 2309 2883 2374 ἔσται
2931 2334 3031 2382 τις
3084 2310 3114 2374 ὃ

725 2426 861 2486 καθ’
903 2421 1088 2485 αὑτὸν
1127 2422 1363 2498 λέγων·
1407 2417 1872 2495 οξναπνεύσομέν
1912 2442 2060 2482 ποτε
2102 2418 2227 2482 ἀπὸ
2268 2420 2485 2481 τούτου
2525 2422 2630 2481 τοῦ
2666 2416 3112 2508 παιδαγωγοῦ.

723 2527 1015 2606 χαλεπὸς
1074 2528 1184 2602 μὲν
1249 2525 1436 2590 οὐδενὶ
1504 2527 1668 2601 ἡμῶν
1734 2521 1820 2602 ἦν,
1888 2524 2061 2588 ἄλλα
2110 2522 2474 2604 ᾐσθανόμην,
2518 2520 2607 2588 ὅτι
2658 2525 2863 2604 ἡσυχῆ
2912 2547 3115 2588 κατα-

726 2631 1004 2710 γινώσκει
1054 2619 1238 2706 ἡμῶν.
1287 2631 1520 2696 Malim
1564 2631 1719 2695 haec
1757 2651 1872 2715 per
1906 2632 2476 2714 interrogationem
2517 2629 2767 2694 efferre:
2809 2629 3116 2692 ἀναπνεύ-

728 2739 911 2813 σομέν
976 2761 1124 2802 ποτε
1189 2736 1314 2800 α’πὸ
1378 2736 1592 2800 τούτου
1657 2741 1763 2800 τοῦ
1814 2736 2266 2820 παιδαγωγοῦ,
2330 2736 2409 2801 cf.
2475 2756 2530 2800 e.
2552 2757 2653 2821 gr.
2717 2736 2912 2800 huius
2958 2734 3117 2800 libri

727 2865 781 2908 c.
836 2844 892 2909 l.
941 2843 1014 2907 In
1061 2843 1312 2908 ultimis
1362 2843 1815 2918 κατεγίνωσκεν
1861 2843 2129 2927 corrige.

818 3047 931 3112 XI.
984 3045 1044 3110 6.
1109 3045 1213 3110 καὶ
1265 3041 1391 3123 ὅτι,
1441 3039 1528 3116 οἷς
1576 3045 1674 3109 ἐπὶ
1726 3053 1834 3119 τῆς
1884 3051 2103 3117 σκηνῆς
2154 3045 2686 3126 ψυχαγωγεῖσθε,
2736 3044 2967 3115 τούτοις
3020 3049 3108 3122 μῆ

726 3149 994 3233 ἄχθεσθε
1045 3151 1142 3216 ἐπὶ
1195 3159 1307 3226 τῆς
1355 3150 1624 3232 μείζονος
1671 3160 1912 3225 σκηνῆς.
1964 3151 2178 3229 ὃροῖται
2228 3151 2372 3227 γὰρ,
2422 3145 2510 3212 ὅτι
2560 3147 2711 3213 οὕτω
2762 3149 2857 3213 δεῖ
2899 3155 3109 3214 ταῦτα

723 3259 1130 3338 περαίνεσθαι.
1178 3257 1396 3323 Lectio
1443 3256 1746 3343 vulgatae
1793 3257 2007 3336 ὂρέὶτε,
2057 3259 2280 3340 utpote
2327 3253 2537 3319 multo
2578 3255 2808 3319 fortius
2847 3261 2913 3319 et
2950 3257 3111 3320 vivi-

725 3364 868 3430 dius
915 3386 1242 3449 expressa,
1291 3366 1548 3428 omnino
1594 3363 1924 3428 retinenda
1969 3366 2134 3438 erat3
2186 3361 2389 3426 codici
2434 3367 2650 3425 autem
2698 3362 2755 3425 A
2802 3359 3109 3426 soHemne

725 3477 821 3535 est
865 3473 1284 3555 imperativos
1329 3473 1392 3533 in
1442 3469 1796 3534 infinitivos
1842 3473 2130 3545 mutare,
2172 3472 2247 3530 ut
2285 3467 2403 3531 hoc
2439 3469 2579 3551 ipso
2622 3465 2760 3531 loco
2802 3465 3106 3546 ἄχθεσθαι

726 3597 838 3660 pro
879 3574 1180 3653 ἄχθεσθε,
1229 3597 1414 3659 porro
1460 3575 1566 3639 IV.
1619 3574 1658 3639 6
1710 3581 1773 3638 et
1820 3573 1958 3639 VII.
2010 3573 2096 3639 22
2145 3571 2528 3646 τεθνήξεσθαι
2576 3593 2689 3656 pro
2732 3571 3104 3651 τεθνήξεσθε,

725 3680 834 3746 VI.
883 3679 968 3744 45
1017 3680 1456 3756 λαμβάνεσθαι
1508 3701 1620 3766 pro
1670 3680 2107 3757 λαμβανέσθω.
2148 3679 2371 3764 Itaque
2415 3677 2631 3742 locum
2668 3681 2759 3742 sic
2798 3681 3105 3744 restitue:

727 3788 828 3852 καὶ
894 3783 1020 3864 ὅτι,
1082 3781 1166 3858 οἷς
1231 3786 1334 3850 ἐπὶ
1397 3793 1506 3859 τῆς
1558 3792 1782 3861 σκηνῆς
1828 3785 2363 3864 ψυχαγιιῖγεῖσθε,
2418 3784 2649 3854 τούτοις
2700 3787 2787 3859 μῆ
2838 3782 3106 3864 ἄχθεσθε

728 3893 826 3957 ἐπὶ
891 3900 998 3964 τῆς
1066 3892 1331 3973 μείζονος
1395 3899 1650 3966 σκηνῆς·
1716 3891 1895 3971 δρᾶτε
1958 3893 2123 3968 γὰρ,
2189 3886 2277 3954 ὅτι
2344 3888 2495 3955 οὕτω
2543 3887 2639 3956 δεῖ
2681 3891 3106 3970 περαίνεσθαι,

727 4019 853 4084 quo
899 3999 1066 4064 facto
1106 4019 1310 4083 neque
1347 4000 1727 4063 coniecturis
1764 3997 2013 4062 Reiskii
2052 4002 2116 4061 et
2157 3995 2477 4062 Rendallii
2513 4017 2719 4081 neque
2758 3998 3112 4061 tentamine

728 4103 960 4169 Stichii
1007 4125 1167 4190 opus
1215 4111 1328 4169 est.

816 4307 976 4372 Ibid.
1026 4307 1181 4371 ibid.
1231 4308 1399 4382 μετα
1449 4310 1657 4368 ταῦτα
1707 4305 1800 4373 τίς
1852 4306 1885 4378 ἧ
1934 4303 2093 4380 μέση
2147 4304 2469 4382 κωμῳδία,
2520 4305 2625 4369 καὶ
2673 4261 2883 4370 λοιπὸν
2923 4309 2957 4378 ἦ
3000 4307 3107 4369 νέα

727 4415 870 4491 πρὸς
934 4415 996 4475 τί
1061 4437 1210 4476 ποτε
1274 4414 1735 4488 παρείληπται;
1786 4408 1941 4476 Cod.
1973 4412 2053 4503 'A
2100 4417 2356 4476 tantum
2404 4413 2573 4485 μετὰ
2621 4413 2891 4489 ταύτης,
2941 4411 3109 4475 unde

724 4523 983 4602 apparet
1043 4539 1156 4602 per
1216 4516 1720 4603 dittographiam
1778 4514 1945 4579 illud
2010 4517 2105 4588 τίς
2150 4519 2477 4602 irrepsisse
2522 4520 2590 4581 in
2640 4516 2793 4584 Ood.
2832 4517 2887 4580 P
2934 4518 3101 4593 μετὰ
