3392 5384
1423 399 1713 454 mou-ms.
2618 391 2757 456 *269

383 581 389 586 '
463 577 560 641 Ex
607 566 928 659 Aeschylo
975 575 1192 636 autem
1244 575 1309 635 et
1353 568 1514 635 alter
1553 571 1823 636 conferri
1864 575 2076 656 potest
2116 519 2294 638 locus
2332 571 2533 654 (Pers.
2560 571 2759 656 220ss

1609 677 1786 741 αἰτοῦ
1837 677 1989 742 τάδε

557 785 660 852 σὸν
706 785 882 851 πόσιν
931 791 1207 864 Δαρεῖον,
1262 832 1277 847 .
1309 831 1323 848 .
1352 834 1367 848 .

559 891 808 958 ἐσθλά
850 915 968 956 σοι
1010 890 1365 966 πέμπειν
1404 889 1650 970 τέκνῳ
1694 914 1766 954 τε
1804 899 1953 969 γῆς
1996 889 2306 971 ἔνερθεν
2345 893 2455 964 εἷς
2498 892 2713 974 Φοέος.

465 1002 802 1066 Praeterea
847 1019 1070 1064 versus
1117 1018 1196 1062 ex
1240 995 1570 1081 Euripidis
1619 992 1946 1063 Alcestide
1993 998 2119 1063 huc
2163 998 2317 1064 facit
2370 998 2578 1064 1004:

555 1107 730 1188 χαῖρ’
775 1101 816 1169 ὦ
865 1104 1127 1181 πότνιαι,
1175 1099 1256 1168 εὖ
1301 1103 1378 1167 δὲ
1433 1101 1669 1176 δοίης.

467 1213 713 1298 Nempe
758 1215 988 1297 utpote
1036 1209 1426 1285 δαίμονες
1475 1208 2034 1276 πλουτοδόται
2087 1213 2197 1296 qui
2245 1211 2549 1278 dicuntur
2596 1213 2766 1300 apud

374 1319 736 1385 Hesiodum
797 1317 1013 1403 (Oper.
1067 1313 1451 1397 122-126)
1517 1317 1607 1380 sic
1654 1317 2037 1382 invocantur
2083 1339 2323 1384 manes.
2387 1316 2768 1386 Conferatur

373 1429 568 1498 etiam
616 1423 806 1492 Ceres
853 1422 1310 1501 ἀνησιδώρα
1359 1421 1528 1508 apud
1575 1422 1885 1489 Photium
1935 1445 1984 1490 s.
2035 1446 2095 1490 V.
2143 1424 2250 1491 vel
2298 1428 2493 1512 prisci
2537 1427 2771 1514 hymni

372 1533 542 1618 apud
587 1532 971 1596 Pausaniam
1017 1530 1080 1594 X
1135 1528 1218 1594 12
1265 1529 1368 1614 §5
1421 1549 1680 1604 versus:

558 1641 653 1702 Γοῖ
707 1637 974 1714 καρποὺς
1021 1636 1210 1714 ἀνίει,
1260 1634 1346 1700 διὸ
1397 1633 1658 1718 κλῄζετε
1708 1635 1948 1717 μητέρα
1998 1645 2215 1704 Γαῖαν.

475 1851 624 1930 143,
653 1851 714 1918 8.
777 1887 863 1902 --
924 1851 1056 1917 Sub
1121 1871 1276 1917 voce
1333 1850 1552 1915 οὶνοίσω
1607 1872 1641 1916 e
1703 1850 2067 1917 Philonidis
2142 1853 2463 1917 Gothumie
2526 1876 2771 1921 novum

378 1953 497 2025 hoc
544 1959 802 2024 affertur
847 1959 1323 2045 fragmentum:

514 2063 646 2147 nep}
675 2064 725 2129 δ’
754 2060 829 2128 ὧν
853 2065 927 2130 σὺ
954 2062 1194 2142 λέγεις,
1223 2063 1464 2141 λόγος’
1437 2087 1602 2127 εστιν
1630 2063 1760 2140 ἐμοὶ
1790 2087 1932 2140 προς
1964 2065 2315 2140 Ἀθηναίους
2344 2092 2515 2133 κατοι
2540 2067 2767 2148 χειρός,

515 2197 576 2238 ον
623 2173 746 2251 ἐγὼ
789 2173 1070 2249 λογιοῦμ’
1121 2169 1189 2246 ἐξ
1233 2169 1568 2248 οὶτελείοος,
1618 2173 1733 2251 τῷ
1720 2169 1921 2250 δήμῳ
1971 2171 2022 2236 δ’
2070 2173 2237 2238 οὐδὲν
2284 2172 2523 2241 οΞνοΙσω.

379 2279 596 2347 Gratis
665 2281 874 2366 igitur
933 2279 1172 2344 bonum
1234 2275 1577 2343 consilium
1642 2276 1946 2343 daturum
2010 2301 2077 2344 se
2138 2281 2387 2346 civibus
2448 2283 2775 2366 promittit

379 2386 483 2452 hic
550 2386 784 2463 hom0,
859 2386 1148 2470 quisquis
1205 2388 1343 2461 -est,
1417 2385 1473 2449 si
1543 2387 1702 2449 satis
1762 2384 1923 2450 bene
1986 2387 2123 2451 eius
2189 2387 2381 2452 verba
2442 2387 2771 2475 intellego,

381 2491 562 2574 Quod
607 2497 828 2557 autem
876 2490 1084 2556 editor
1123 2489 1403 2576 (Proleg.
1447 2513 1510 2576 p.
1555 2495 1698 2570 xtx)
1738 2491 2029 2558 dubitare
2072 2514 2138 2558 se
2178 2493 2435 2571 scribit,
2478 2515 2558 2558 an
2601 2495 2773 2560 κατὰ

379 2597 612 2680 χειρός
674 2599 742 2662 in
804 2596 973 2662 κατὰ
1036 2604 1288 2677 χεῖρας
1351 2599 1436 2661 sit
1474 2597 1925 2676 .mutandum,
1991 2619 2118 2663 non
2158 2600 2381 2678 miror,
2448 2605 2544 2666 est
2595 2603 2769 2666 enim

381 2725 688 2792 perquam
751 2702 1012 2769 insolita
1073 2703 1228 2769 haec
1291 2701 1564 2783 locut'103
1616 2725 1741 2769 non
1788 2709 2001 2770 tamen
2053 2705 2441 2785 dubitasset,
2492 2711 2568 2771 ut
2616 2708 2777 2773 arbi-

379 2817 537 2890 tror,
577 2813 634 2876 si
670 2810 1036 2877 recordatus
1078 2813 1244 2876 esset
1283 2831 1508 2876 versus
1545 2811 1614 2874 in
1655 2810 2053 2878 Pherecratis
2092 2812 2370 2898 quodam
2405 2814 2772 2900 fragmento

382 2921 556 2986 obvii
604 2919 710 3000 (fr.
765 2917 988 2999 146⁵):

703 3025 869 3089 κατὰ
915 3024 1116 3106 χειρὸς
1168 3020 1235 3099 ἦν
1283 3025 1365 3088 τοὶ
1418 3025 1753 3103 πράγματ’
1805 3027 2242 3106 ἐνθυμουμένῳ.

382 3132 508 3198 His
573 3133 782 3218 igitur
825 3129 1003 3212 locis
1063 3131 1232 3195 κατὰ
1298 3130 1500 3212 χειρὸς
1565 3128 1717 3197 εἶναι
1786 3135 1921 3198 sive
1980 3141 2223 3216 praesto
2288 3157 2412 3198 esse
2474 3135 2778 3202 dicuntur
2825 3127 2833 3136 ’

381 3261 542 3327 quae
589 3259 718 3304 una
767 3259 919 3304 voce
967 3237 1263 3316 πρόχειρα
1315 3242 1640 3303 vocantur.

469 3347 668 3413 Mitto
729 3367 901 3410 nunc
963 3342 1243 3410 alterum
1307 3365 1583 3430 eumque
1645 3347 1917 3410 minime
1963 3346 2235 3412 dubium
2282 3354 2395 3413 aut
2439 3347 2777 3414 insolitum

382 3456 554 3520 vocis
627 3453 795 3516 κατὰ
864 3450 1070 3533 χειρός
1135 3472 1362 3528 usum,
1428 3472 1553 3536 quo
1618 3472 1851 3537 aquam
1918 3455 2209 3519 convivis
2274 3456 2633 3540 praebitam
2699 3454 2777 3521 ad

381 3581 612 3625 manus
674 3559 977 3625 lavandas
1041 3559 1178 3623 sive
1241 3557 1644 3623 homericum
1703 3559 1968 3640 χέρνιβα
2036 3561 2354 3647 significat
2400 3563 2539 3642 (Ar.
2587 3561 2778 3650 Vesp.

386 3666 560 3732 1216
625 3673 766 3744 etc„
831 3663 1048 3734 Cobet,
1091 3664 1261 3730 Nov.
1309 3663 1483 3730 Lect.
1534 3687 1596 3750 p.
1649 3664 1739 3745 4).
1804 3665 2024 3732 Unum
2068 3665 2410 3733 Teleclidis
2460 3668 2778 3734 eiusmodi

384 3773 626 3838 dictum
674 3771 801 3838 huc
848 3771 1004 3836 facit
1053 3774 1156 3851 (fr.
1211 3767 1343 3852 1²):

520 3880 714 3959 εἰρήνη
763 3879 876 3954 μὲν
925 3880 1152 3957 πρῶτον
1202 3877 1499 3942 ἁπάντων
1546 3874 1611 3951 ἦν
1659 3875 1857 3959 ὥσπερ
1905 3877 2053 3960 ὕδωρ
2095 3880 2267 3946 κατὰ
2315 3881 2555 3961 χειρός,

379 3989 425 4051 i.
471 4010 504 4054 e
548 4008 562 4052 :
613 4010 765 4070 pasc,
831 3993 899 4050 ut
959 3988 1112 4051 hanc
1168 3989 1421 4052 omnium
1455 3986 1720 4069 primam
1766 4010 2181 4053 commemorem
2228 3994 2456 4073 (utpote
2504 3992 2779 4056 bonorum

382 4096 744 4174 maximum),
798 4101 1048 4176 praesto
1116 4102 1256 4158 tunc
1316 4098 1520 4171 (aureo
1582 4094 1845 4174 saeculo)
1909 4101 2038 4159 erat
2095 4118 2338 4179 semper,
2386 4097 2577 4161 veluti
2621 4121 2779 4184 aqua

383 4203 467 4265 ad
529 4201 874 4270 lavandum.
941 4198 1114 4279 Quae
1162 4200 1358 4266 verba
1407 4221 1456 4265 s.
1486 4222 1546 4265 v.
1603 4201 1771 4265 κατὰ
1820 4200 2021 4281 χειρός
2071 4201 2295 4268 attulit
2341 4203 2617 4268 Photius
2664 4225 2779 4270 nec

382 4305 550 4373 male
596 4309 688 4372 sic
735 4311 833 4372 est
876 4309 1371 4393 interpretatus:
1444 4308 1555 4384 ,,τὸ
1602 4311 1825 4391 ῥᾷστον
1876 4307 2124 4374 πάντων
2170 4310 2274 4374 καὶ
2326 4311 2779 4390 εὖχερέστοιτον

382 4415 557 4480 κατὰ
605 4416 809 4495 χειρὸς
861 4411 1008 4492 ὕδωρ
1060 4413 1414 4479 καλοῦσιν.”

473 4523 809 4617 Praeterea
863 4521 1113 4587 confero
1159 4526 1504 4607 cog-natum
1551 4521 1719 4588 illud
1766 4523 1923 4588 ἀπὸ
1970 4522 2172 4606 χειρός
2223 4521 2435 4613 (Vesp.
2490 4523 2649 4606 656)
2701 4525 2783 4592 de
2878 4547 2895 4556 ·
2968 4539 2973 4549 '
