3392 5384
675 423 805 493 1¹74
1695 444 2073 494 rma-omos.

670 609 815 675 dem
854 615 1059 687 recte,
1108 609 1215 674 sed
1260 609 1431 696 quod,
1475 609 1686 676 addit:
1735 608 1909 674 ἕωθεν
1950 608 2010 674 δὲ
2061 610 2227 689 δεῦρο
2274 607 2470 674 πάλιν
2515 611 3059 688 ἅπαντῶμεν,

667 737 927 803 prorsus
966 718 1254 801 requiro:
1298 717 1792 794 ἕπανίωμεν,
1835 718 2026 782 sicuti
2064 718 2221 783 bene
2259 716 2504 806 leg-itur
2526 716 2780 785 Politic.
2809 716 3055 783 263A:

667 827 769 888 νῦν
816 826 928 901 μὲν
975 818 1074 887 οὖν
1122 823 1463 900 ἐπανίωμεν
1513 823 1705 887 πάλιν
1755 829 1819 889 et
1865 845 1928 909 p.
1981 820 2220 890 297E:
2272 825 2358 895 εἷς
2408 823 2524 896 τὰς
2579 822 2817 895 εἰκόνας
2865 826 3058 888 ἐπαν-

669 932 853 1007 Ιωμεν
903 929 1094 995 πάλιν
1144 935 1209 996 et
1251 929 1548 995 Parmen.
1604 928 1834 994 l42B:
1885 931 1985 995 ἐπὶ
2037 931 2146 1002 τὴν
2189 929 2465 996 ὑπόθεσιν
2510 931 2703 995 πάλιν
2747 929 2814 1008 ἐξ
2852 930 3060 1010 ἀρχῆς

667 1034 1117 1114 ἐπανέλθωμεν.
1167 1034 1264 1102 Of.
1314 1035 1643 1123 Rettigius
1691 1036 1772 1101 ad
1822 1034 2120 1124 Sympos.
2170 1058 2233 1121 p.
2283 1034 2439 1102 309.

755 1257 916 1323 Ibid.
968 1253 1199 1323 17813:
1274 1254 1308 1332 ἢ
1372 1255 1461 1322 σὺ
1526 1257 1593 1322 τὸ
1658 1256 1904 1320 πιθανὸν
1963 1254 2211 1332 βέλτιον
2275 1254 2352 1320 ἂν
2400 1255 2806 1334 προδοξάσαις
2857 1255 2890 1329 ἢ
2937 1263 3062 1321 τῶν

666 1365 907 1430 ἰδιωτῶν
971 1365 1232 1443 ὀςιςοῦνς
1295 1364 1431 1428 Aut
1490 1383 1752 1448 prorsus
1799 1383 1924 1428 non
1969 1383 2274 1448 assequor
2319 1362 2474 1448 quid
2521 1361 2813 1428 Socrates
2859 1361 3061 1442 velit,

564 1463 573 1472 “
665 1477 779 1536 aut
821 1469 1154 1537 inserenda
1196 1470 1455 1555 negatio
1500 1473 1631 1534 est:
1685 1469 1718 1544 ἢ
1769 1473 1823 1548 (0
1844 1469 1903 1549 ὑ)
1954 1469 2053 1534 σύ.

752 1689 914 1756 Ibid.
985 1689 1221 1756 lSlB:
1288 1689 1511 1754 οὐδὲν
1573 1691 1684 1766 μὲν
1752 1683 1850 1753 οὖν
1911 1687 2164 1754 ἀνεκτὸν
2227 1690 2316 1766 μὴ
2363 1690 2429 1754 οὐ
2477 1688 2937 1769 διασκέψασθαι
2986 1691 3056 1754 τί

659 1799 965 1874 λέγουσιν.
1027 1796 1235 1861 Miror
1295 1816 1399 1861 me
1447 1817 1571 1860 non
1620 1797 2008 1880 persuasisse
2053 1794 2361 1861 Schanzio
2410 1795 2866 1882 corrigendum
2910 1816 3052 1861 esse

663 1901 863 1969 οὐδὲ.

748 2107 909 2174 Ibid.
964 2107 1087 2173 181
1109 2105 1181 2174 O.
1229 2107 1648 2188 Quaesitor-us
1695 2106 1774 2172 de
1819 2112 2052 2173 natura
2085 2113 2301 2174 motus
2349 2105 2640 2173 Socrates
2685 2108 3044 2192 interrogat

660 2215 1102 2282 Theodorum:
1168 2210 1290 2294 ἄρα
1354 2215 1643 2278 κινεῖσθαι
1708 2222 1937 2297 καλεῖς,
1985 2211 2136 2279 ὅταν
2194 2239 2264 2278 τε
2310 2218 2518 2296 χώραν
2567 2213 2634 2277 ἐκ
2681 2217 2890 2295 χώρας
2937 2238 3047 2290 με·

659 2322 965 2404 ταβάλλῃ
1013 2321 1045 2396 ἢ
1093 2319 1231 2386 κα)
1282 2321 1360 2384 ἐν
1408 2323 1509 2400 τῷ
1554 2323 1774 2400 αὐτῷ
1821 2320 2249 2400 ςρέΦηται.
2309 2319 2603 2385 Affirmat
2650 2317 3036 2384 Theodorus.

658 2432 889 2494 Ταῦτα
950 2429 1066 2506 μὲν
1132 2427 1326 2492 τοίνυν
1389 2417 1448 2491 ἓν
1513 2426 1627 2493 ἔςω
1691 2422 1882 2505 εἶδος,
1947 2427 2232 2492 Socrates
2290 2428 2524 2512 inquit.
2590 2424 2686 2490 Ex
2734 2425 3034 2512 diligenti

658 2537 853 2600 huius
888 2534 1015 2600 loci
1052 2533 1552 2608 consideratione
1591 2533 1792 2599 efficio
1831 2533 2130 2599 lectorem
2168 2531 2452 2619 aliquem
2492 2535 2604 2619 qui
2640 2535 3038 2598 meminisset

658 2662 818 2728 quae
877 2639 1063 2706 Plato
1126 2640 1295 2706 dicat
1353 2643 1422 2705 in
1485 2640 1866 2706 Parmenide
1914 2662 1974 2726 p.
2029 2638 2246 2718 1380,
2295 2639 2598 2705 adiecisse
2643 2639 2795 2704 illa:
2847 2638 2880 2714 ἦ
2931 2638 3034 2703 καὶ

528 2737 540 2752 ”
658 2751 719 2812 ἐν
774 2751 858 2825 τῷ
924 2749 1094 2827 αὐτῷ
1155 2749 1480 2824 ςρέΦητ-αι.
1551 2747 1696 2812 Non
1756 2747 1923 2811 mihi
1981 2746 2286 2811 videntur
2343 2747 2500 2812 haec
2559 2767 2729 2811 nunc
2775 2745 3033 2832 quidem

656 2858 825 2928 recte
887 2853 1035 2917 addi
1096 2873 1279 2938 posse
1339 2874 1488 2917 cum
1552 2854 1860 2917 continuo
1909 2858 2244 2937 sequatur:
2294 2847 2443 2916 ὅταν
2492 2851 2553 2916 δὲ
2600 2848 2635 2932 ᾖ
2683 2851 2799 2929 μὲν
2847 2852 2906 2915 ἐν
2951 2853 3034 2928 τῷ

658 2960 862 3040 αὐτῷ,
926 2959 1209 3039 γηράσκῃ
1270 2958 1329 3022 δὲ
1382 2958 1416 3034 ἢ
1464 2959 1667 3037 μέλαν
1717 2959 1784 3022 ἐκ
1831 2963 2051 3022 λευκοῦ
2102 2956 2135 3033 ἦ
2185 2957 2441 3036 σκληρὸν
2490 2958 2557 3022 ἐκ
2606 2959 2900 3035 μαλακοῦ
2946 2958 3045 3034 71¹⁴

653 3089 881 3144 γνηται
946 3064 980 3140 ἦ
1047 3089 1183 3131 τινα
1248 3063 1446 3139 ἄλλην
1510 3065 1841 3130 ἀλλοίωσιν
1891 3066 2267 3142 ἆλλοιῶται,
2321 3060 2416 3144 ἄρ’
2468 3066 2573 3130 οὐκ
2619 3061 2788 3141 ἄξιον
2837 3059 3034 3144 ἕτερον

654 3168 807 3244 εἶδος
856 3172 1057 3252 Φάναι
1107 3175 1425 3252 κινήσεωςς
1476 3171 1641 3252 Quid
1684 3168 1898 3236 enim?
1936 3170 2160 3237 Nonne
2199 3177 2498 3258 pugnant
2529 3173 2700 3236 inter
2738 3191 2805 3236 se
2846 3171 3043 3237 verba

654 3301 815 3364 quae
864 3279 1072 3346 delevi
1117 3287 1181 3345 et
1228 3280 1416 3345 haec:
1468 3280 1501 3355 ἤ
1554 3281 1667 3343 τιν’
1717 3276 1917 3352 ἄλλην
1965 3279 2290 3344 ἀλλοίωσιν
2330 3281 2704 3355 ἀλλοιοῦται,
2740 3280 2835 3342 ita
2870 3284 2945 3343 ut
2983 3280 3041 3342 si

650 3385 766 3452 illa
827 3388 1101 3465 tuearis,
1148 3387 1303 3452 haec
1350 3388 1729 3471 neutiquam
1779 3392 1945 3451 stare
1992 3381 2281 3470 possint?
2327 3383 2499 3448 Mihi
2547 3388 2717 3450 certe
2761 3382 3038 3450 videtur.

742 3606 903 3671 Irbid.
957 3605 1087 3671 182
1106 3602 1191 3670 A':
1241 3603 1381 3677 ἴσως
1431 3601 1529 3670 οὖν
1576 3607 1608 3678 ἧ
1660 3605 1905 3679 ποιότης
1947 3604 2090 3680 ἅμα
2131 3584 2589 3669 ἄλλο’κότόν
2629 3627 2699 3670 τε
2738 3604 3035 3685 Φαίνεται

649 3712 874 3787 duona:
938 3710 1117 3777 nulla
1178 3716 1391 3798 posset
1449 3712 1601 3776 oriri
1665 3711 1742 3775 de
1800 3711 1902 3774 his
1951 3712 2158 3777 verbis
2207 3711 2523 3775 dubitatio
2570 3713 2695 3776 nisi
2739 3712 2807 3774 in
2855 3715 3038 3775 sexto

653 3817 930 3884 Bekkeri
990 3817 1194 3883 lexico
1255 3817 1409 3882 haec
1472 3815 1844 3902 legerentur
1890 3838 1952 3901 p.
2003 3814 2155 3882 378.
2183 3815 2304 3881 32:
2356 3816 2642 3896 uada-mv,
2672 3815 2738 3882 δὲ
2784 3817 3040 3882 ἄλλοκο-

652 3927 924 3991 τώτατον
971 3926 1075 3989 καὶ
1126 3925 1830 4003 αὶλλοκοτώτερον·
1879 3925 2096 4008 itaque
2142 3930 2355 3989 nostro
2400 3923 2538 3991 loco
2575 3923 2842 3989 fortasse
2881 3943 3038 3988 usus

650 4039 746 4097 est
790 4033 1229 4117 comparativo
1275 4031 1502 4116 gradu.
1550 4029 1731 4095 Idem
1777 4029 2021 4116 legitur
2065 4033 2134 4095 in
2181 4031 2403 4096 Photii
2448 4029 2640 4095 lexici
2679 4030 3040 4117 fragmento

647 4159 853 4225 nuper
898 4144 1169 4223 reperto.
1272 4145 1277 4150 ’

736 4343 1029 4408 Notanda
1093 4347 1188 4408 est
1250 4341 1659 4428 interpolatio
1723 4364 1785 4427 p.
1844 4341 1974 4407 183
1993 4342 2070 4408 D.
2144 4342 2240 4408 Ibi
2304 4342 2689 4409 Theaetetus
2752 4343 2907 4409 dicit
2966 4365 3034 4409 se

644 4469 896 4534 sperare
942 4449 1075 4514 fore
1124 4455 1199 4513 ut
1239 4448 1527 4514 Socrates
1573 4449 1782 4514 dicere
1831 4448 1989 4514 velit
2036 4471 2197 4535 quae
2245 4457 2396 4515 sunt
2436 4449 2680 4535 reliqua
2716 4452 2782 4514 in
2824 4449 3036 4534 dispu7

643 4557 885 4621 tatione
948 4551 1232 4620 nondum
1297 4554 1607 4621 absoluta.
1674 4555 1798 4622 Cui
1846 4555 2251 4637 Theodoru8‚
2305 4558 2600 4636 Ἱππέας,
2648 4560 2895 4642 inquit,
2946 4559 3032 4624 sic
