3392 5384
1381 415 1756 463 purorum.
1778 361 1786 365 ¹
2620 397 2753 466 39¹7

465 582 560 647 111
607 581 738 646 404
757 582 832 646 A.
900 581 1290 659 κομψοτέροις
1338 579 1408 654 δή
1460 603 1651 658 τινος,
1708 577 1774 654 ἦν
1821 580 1873 644 δ’
1920 581 2080 658 ἐγώ,
2130 582 2445 656 άσκησεως
2493 580 2589 646 δεῖ
2628 590 2756 653 τοῖς

373 697 730 766 πολεμικοῖς
797 689 1135 780 α’θληταῖς,
1201 684 1300 758 οὕς
1364 711 1442 763 γε
1499 683 1698 765 ὥσπερ
1748 686 1939 758 κύνας
1985 687 2335 767 άγρύπνους
2387 712 2457 752 τε
2504 689 2755 766 άνάγκη

373 775 527 861 εἶναι
579 795 680 858 καὶ
731 793 820 858 ὅτι
861 792 1151 868 μάλιστα
1193 792 1296 870 ὀξὺ
1340 793 1480 871 ὂράν
1523 793 1625 857 καὶ
1670 791 1909 857 άκούειν
1951 794 2051 857 καὶ
2097 795 2342 866 πολλάς
2382 795 2757 872 μεταβολάς

376 903 436 965 ἐν
499 910 643 974 ταῖς
705 901 1061 978 στρατείαις
1126 899 1664 976 μεταβάλλοντας
1730 899 1963 964 ὑδάτων
2026 925 2095 963 τε
2146 902 2247 963 καὶ
2300 907 2443 963 τῶν
2491 900 2758 966 ἄλλων

374 1011 554 1072 σίτων
595 1007 699 1073 καὶ
742 1010 1026 1082 εἱλήσεων
1067 1007 1170 1072 καὶ
1211 1009 1526 1087 χειμώνων
1560 1008 1648 1081 μη
1685 1007 2105 1085 ἀκροσφαλεῖς
2142 1003 2295 1071 εἶναι
2326 1008 2471 1086 πρὸς
2498 1006 2756 1084 ὑγίειαν.

464 1114 588 1178 Vix
650 1114 846 1179 huius
903 1113 1025 1179 loci
1084 1133 1217 1178 esse
1263 1111 1521 1177 videtur
1566 1117 1758 1176 notus
1806 1133 1963 1177 usus
2010 1112 2307 1179 vocabuli
2358 1112 2590 1190 ἄλλος,
2634 1134 2758 1198 quo

358 1229 680 1303 praeterea
739 1219 1080 1306 significat.
1124 1205 1355 1299 vQuare
1414 1220 1469 1282 si
1529 1217 1696 1285 nihil
1761 1219 1998 1284 excidit
2063 1224 2205 1300 (τῶν
2254 1218 2463 1283 ἄλλων
2514 1218 2760 1306 (ποτῶν

372 1325 528 1414 καὶ)
579 1329 762 1391 σίτων
822 1323 1041 1404 adst),
1105 1324 1364 1412 virgula
1412 1323 1637 1390 saltem
1689 1325 2129 1411 distinguatur
2176 1331 2320 1412 post
2369 1333 2483 1389 τῶν
2532 1325 2762 1402 ἄλλων,

369 1420 459 1498 ιη’
507 1434 701 1500 verba
760 1433 1089 1517 sequentia
1148 1432 1384 1496 horum
1449 1433 1580 1495 sint
1638 1452 2064 1518 epexegema‚
2117 1453 2278 1517 quae
2331 1438 2548 1497 tamen
2597 1433 2762 1497 ratio

371 1559 602 1626 parum
650 1539 816 1602 mihi
864 1537 1196 1603 satisfacit.

463 1757 556 1823 III
603 1756 832 1822 416A.
899 1756 1240 1824 δεινότατον
1304 1757 1429 1835 γάρ
1491 1781 1604 1821 που
1670 1757 1915 1821 πάντων
1982 1759 2084 1822 καὶ
2138 1757 2465 1838 αἴσχιστον
2514 1757 2761 1832 ποιμέσι

376 1866 674 1933 τοιούτους
740 1889 817 1941 γε
881 1865 985 1928 καὶ
1050 1861 1204 1928 οὕτω
1268 1863 1513 1940 τρέφειν
1579 1863 1771 1935 κύνας
1834 1865 2182 1941 ἐπικούρους
2246 1866 2554 1943 ποιμνίων,
2608 1861 2765 1927 ὥστε

379 1972 480 2036 ὑπ’
529 1972 882 2042 άκολασίας
930 1975 963 2044 ἢ
1014 1976 1252 2047 λιμοῦ
1300 1971 1332 2045 ἤ
1385 1993 1543 2041 τινος
1592 1968 1789 2035 άλλου
1840 1977 2028 2035 κακοῦ
2081 1968 2301 2041 ἔθους
2352 1972 2577 2042 αὐτοὺς
2625 1973 2764 2041 τοὺς

379 2079 567 2148 κύνας
631 2078 1023 2157 ἐπιχειρῆσαι
1089 2085 1214 2148 τοῖς
1279 2077 1613 2155 προβάτοις
1667 2079 2107 2160 [κακουργεῖν].
2170 2077 2492 2144 Ultimum
2541 2098 2765 2143 vocem

376 2184 725 2247 insiticiam
788 2203 922 2248 esse
984 2182 1190 2268 liquet
1253 2204 1328 2246 ex
1389 2181 1608 2249 dativo
1657 2191 1780 2253 τοῖς
1832 2184 2200 2261 προβάτοις,
2250 2206 2365 2250 nec
2408 2187 2540 2250 iam
2587 2183 2767 2248 Mad-

380 2290 636 2374 vigium
715 2288 966 2354 fefellit.
1045 2290 1216 2354 Mire
1289 2293 1507 2354 autem
1572 2291 1754 2363 λιμός
1818 2268 2305 2355 vocatur⁵mala
2377 2291 2764 2367 consuetudo,

378 2393 921 2480 quemadmodum
971 2394 1157 2460 Plato
1202 2415 1327 2458 non
1375 2397 1496 2458 nisi
1543 2394 1941 2460 iocabundus
1988 2397 2260 2462 scribere
2308 2399 2555 2481 potuit,
2604 2398 2767 2461 serio

377 2503 551 2565 enim
591 2501 870 2566 scribens
911 2499 1186 2565 dedisset
1232 2504 1649 2578 λαιμαργίας.
1699 2501 1863 2582 Quia
1912 2507 2129 2568 autem
2178 2501 2397 2567 nullus
2444 2502 2549 2568 hic
2587 2504 2767 2567 iocus

377 2612 771 2691 expectatur,
822 2608 1183 2691 suspicione
1228 2627 1353 2671 non
1402 2627 1611 2672 carere
1661 2607 1918 2673 videtur
1966 2630 2092 2674 vox
2142 2606 2325 2679 ἔθους.

471 2811 557 2876 IV
606 2811 736 2878 421
756 2812 831 2876 Β.
881 2811 971 2878 Ut
1016 2817 1186 2878 recte
1234 2811 1534 2897 procedat
1582 2813 1821 2891 cratin,
1868 2815 2165 2897 requiro:
2218 2814 2597 2895 νευρορράφοι
2638 2815 2766 2892 γὰρ

379 2922 614 2991 Φαῦλοι
680 2918 992 2996 γενόμενοι
1061 2919 1164 2981 καὶ
1231 2917 1671 2999 διαφθαρέντες
1721 2919 1824 2983 καὶ
1876 2917 2429 2998 προσποιησάμενοι
2476 2916 2629 2984 εἶναι
2678 2921 2767 2996 μὴ

379 3021 547 3093 ὄντες
613 3024 786 3088 πόλει
854 3024 1017 3088 οὐδὲν
1085 3024 1290 3100 δεινόν,
1355 3025 1642 3102 φύλακες
1709 3024 1792 3102 δέ,
1861 3021 2246 3111 (φύλακες)
2301 3025 2494 3103 νόμων
2541 3050 2610 3090 τε
2661 3027 2763 3091 καὶ

382 3127 614 3197 πόλεως
679 3132 766 3202 μὴ
814 3126 979 3198 ὄντες
1030 3130 1206 3192 άλλά
1255 3129 1602 3207 δοκοῦντες,
1653 3130 1796 3210 ὁρᾷς
1844 3132 1913 3202 δη
1964 3129 2054 3195 ὅτι
2104 3134 2317 3195 πάσαν
2366 3130 2549 3212 ἄρδην
2590 3132 2768 3195 πόλιν

381 3233 791 3298 ἀπολλύασιν.
857 3232 1000 3298 Nisi
1060 3236 1231 3298 enim
1288 3233 1576 3311 Φύλακες
1621 3237 1955 3318 repetitur,
2004 3235 2274 3301 absurde
2321 3235 2397 3302 de
2445 3237 2768 3303 sutoribus

381 3340 549 3405 dicta
597 3346 780 3418 sunt,
830 3361 992 3425 quae
1037 3339 1116 3404 ad
1162 3338 1408 3404 milites
1457 3342 1798 3426 pertinent.

471 3558 558 3624 IV
605 3559 833 3626 434D.
901 3561 1005 3626 οὐκ
1069 3558 1236 3642 ἄλλῃ
1302 3559 1517 3638 ἔμοιγε
1581 3560 1778 3640 δοκεῖ,
1844 3559 1879 3638 ἦ
1946 3562 1995 3627 δ’
2061 3560 2158 3642 ὅς,
2225 3562 2393 3645 ἔχειν
2456 3564 2489 3640 ἣ
2542 3564 2765 3645 ταύτῃ.

381 3665 686 3743 Μηδέν,
739 3663 805 3739 ἦν
856 3667 908 3731 δ’
959 3667 1116 3744 ε’γῶ,
1166 3691 1275 3730 πω
1326 3666 1489 3731 πάνυ
1539 3669 1789 3746 παγίως
1840 3669 2038 3733 αὐτὸ
2087 3669 2393 3749 λε’γωμεν.

470 3773 743 3858 Propter
786 3793 1054 3857 sequens
1101 3794 1447 3858 pronomen
1495 3778 1911 3871 correxerim:
1963 3786 2031 3841 M
2054 3777 2183 3852 ηδέ
2214 3815 2297 3826 -
2325 3801 2456 3844 πω.

469 3992 555 4057 IV
605 3991 825 4060 4600.
876 3993 975 4058 διά
1031 3992 1100 4056 τὸ
1150 4001 1356 4068 πεινῆν
1404 3993 1504 4059 καὶ
1557 3993 1657 4057 διά
1705 3995 1774 4060 τὸ
1822 4000 2122 4078 ῥιγοῦν.

470 4098 846 4185 Requiritur
891 4099 1203 4167 Infinitivi
1249 4101 1454 4166 forma
1503 4102 1718 4168 Attica
1766 4105 2025 4183 ῥιγῶν.

467 4302 555 4370 IV
595 4303 725 4370 463
747 4303 822 4370 Β.
869 4306 933 4367 τί
972 4305 1022 4369 δ’
1049 4301 1206 4368 οὗτοι
1249 4306 1318 4384 (i.
1347 4326 1401 4370 e.
1442 4305 1494 4370 οί
1537 4305 1833 4386 ἄρχοντές
1874 4311 2069 4388 φασιν
2104 4304 2287 4390 εἶναι)
2329 4311 2451 4375 τὸν
2490 4310 2759 4392 δῆμονς

471 4410 856 4483 Μισθοδότας
904 4435 973 4474 τε
1023 4410 1126 4473 καὶ
1176 4410 1464 4491 τροφέας.

471 4518 551 4582 Οἱ
599 4516 658 4583 δ’
705 4521 764 4582 ἒν
814 4524 958 4590 ταῖς
1005 4513 1234 4588 ἄλλαις
1285 4514 1590 4600 (πόλεσιν)
1636 4518 1819 4591 τοὺς
1871 4519 2211 4600 δήμους,
