3392 5384
1203 407 1288 454 ΒΕ
1337 367 1656 454 nummus
1703 404 2018 453 mmmnoo.
2648 386 2790 458 ‘375

399 575 673 640 heroum
735 571 1064 658 colloquiis
1127 574 1513 657 canticisque
1566 573 1741 638 chori
1790 575 1863 635 ut
1909 570 2257 637 molestum
2305 579 2402 638 est
2447 572 2795 639 diiudicare

403 683 473 746 in
535 678 774 745 fabulis
834 679 1288 765 superstitibus
1346 680 1441 744 ita
1507 677 1964 744 difficillimum
2024 680 2093 742 in
2157 679 2346 744 nudis
2392 682 2791 765 fragmentis.

402 788 544 853 Hoc
607 792 822 851 tamen
871 790 1118 851 constat
1165 788 1333 851 inter
1378 785 1648 853 lectores
1697 784 2063 851 fabularum
2113 785 2644 872 Euripidearum,
2694 786 2795 852 de·

399 892 712 968 lectatum
759 913 893 957 esse
940 898 1194 978 poetam
1242 893 1695 958 controversiis
1743 890 2134 972 moralibuS‚
2185 897 2249 956 et
2296 895 2673 977 praesertim
2716 892 2792 957 de

403 1020 476 1065 ea
521 1001 891 1084 quaestione
939 1019 1099 1084 quae
1145 1005 1298 1063 tunc
1345 1001 1627 1063 maxime
1676 998 1931 1063 tenebat
1980 1001 2273 1063 omnium
2313 1000 2591 1078 animos,
2634 1020 2793 1062 num

403 1108 612 1172 virtus
671 1104 885 1170 doceri
931 1111 1177 1190 posset,
1225 1106 1563 1170 fortunave
1613 1125 1694 1169 an
1742 1107 1952 1169 virtus
1999 1103 2144 1190 plus
2192 1105 2441 1170 homini
2488 1104 2794 1199 utilitatis

400 1213 680 1291 afferret,
727 1232 1013 1299 genusne
1059 1232 1137 1278 an
1188 1213 1356 1276 vitae
1404 1232 1559 1276 usus
1609 1215 1821 1298 magis
1869 1210 2147 1290 valeret,
2198 1231 2384 1297 saepe
2429 1215 2498 1276 in
2546 1211 2795 1305 diversa

401 1320 802 1405 disputantes
843 1339 993 1383 eum
1041 1318 1261 1383 fecisse
1308 1319 1530 1383 heroes
1576 1339 1760 1395 suos,
1808 1319 1901 1394 ita
1951 1323 2168 1383 tamen
2216 1324 2290 1384 ut
2337 1318 2790 1398 Hecubarum-,

401 1425 824 1503 Theseorum,
876 1425 1240 1491 Orestarum
1284 1425 1541 1491 iudiciis
1582 1424 1873 1504 collatis,
1906 1447 2031 1490 non
2072 1424 2259 1511 plane
2299 1425 2591 1512 desperes
2632 1426 2794 1491 effici

400 1555 584 1618 posse
633 1533 785 1618 quid
835 1534 1091 1617 penitus
1141 1532 1215 1597 de
1262 1532 1433 1598 hisce
1481 1538 1668 1617 poeta
1712 1533 1849 1617 ipse
1897 1534 2235 1598 censuerit.

493 1641 744 1705 Mirum
807 1644 905 1705 est
971 1675 1054 1687 —-
1114 1639 1223 1706 sed
1282 1644 1512 1704 notum
1575 1640 1875 1705 omnibus
1926 1675 2007 1688 —-·
2060 1638 2229 1724 quod
2289 1644 2513 1724 poetae
2576 1644 2791 1705 nostro

401 1747 777 1832 praesertim
839 1744 1146 1811 mulieres
1207 1751 1392 1831 aptae
1456 1747 1630 1811 visae
1685 1749 1839 1810 sunt
1882 1743 1963 1809 ad
2010 1744 2327 1810 eiusmodi
2374 1747 2792 1832 cogitationes

401 1853 824 1940 proferendas.
875 1851 1071 1918 Nulla
1118 1855 1328 1938 magis
1376 1873 1571 1938 quam
1618 1851 1905 1917 Hecuba.
1956 1852 2161 1932 Quam
2211 1852 2429 1917 acerbe
2474 1850 2623 1931 illa,
2665 1873 2794 1918 ma-

400 1959 616 2026 lorum
663 1961 1052 2045 experientia
1099 1958 1354 2037 edocta,
1403 1963 1621 2023 monet
1669 1979 1736 2023 se
1782 1957 2019 2023 idcirco
2072 1962 2327 2023 tantum
2376 1979 2411 2023 a
2461 1958 2609 2024 Iove
2657 1979 2793 2024 esse

401 2072 722 2132 servatam
783 2071 860 2131 ut
920 2070 1062 2151 post
1110 2070 1207 2129 tot
1253 2085 1434 2130 casus
1483 2063 1841 2130 crudeliora
1886 2066 2081 2130 etiam
2130 2065 2281 2137 fata,
2307 2066 2547 2143 obiret,
2597 2086 2792 2151 quam

404 2171 712 2237 obdurata
758 2177 974 2237 mente
1017 2173 1263 2257 respuit
1301 2172 1620 2235 iustitiam
1663 2171 1952 2236 divinam
1991 2169 2503 2256 humanamque!
2554 2169 2794 2237 Tamen

401 2299 516 2364 pro
564 2280 658 2344 rei
703 2279 1077 2344 necessitate
1125 2276 1319 2363 Legis
1367 2297 1555 2362 opem
1602 2279 1859 2342 invocat
1906 2276 2089 2356 (Hec.
2142 2268 2340 2356 798)‘

767 2369 940 2461 ῆρὶεῒς
991 2383 1102 2459 μὲν
1152 2378 1250 2448 οὖν
1299 2382 1499 2457 δοῦλοί
1545 2406 1611 2447 τε
1662 2384 1976 2455 κοξσθενεῒς
2024 2381 2199 2460 ἴσως,

764 2490 944 2554 ἀλλ’
992 2491 1058 2554 οἱ
1109 2488 1267 2553 θεοὶ
1317 2488 1686 2554 σθένουσα
1736 2491 1848 2568 χώ
1898 2489 2181 2554 κείνων
2232 2495 2541 2569 κρατῶν

766 2595 1035 2673 νόμος·
1087 2593 1244 2676 νόμῳ
1292 2595 1418 2675 γὰρ
1467 2595 1612 2668 τοὺς
1660 2594 1828 2667 θεοὺς
1878 2593 2199 2672 ἡγούμεθα

762 2703 866 2770 καὶ
918 2702 1115 2784 ζῶμεν
1164 2701 1348 2767 ἄδικοι
1398 2702 1502 2766 καὶ
1554 2702 1741 2767 δίκαι’
1788 2700 2115 2781 ὡρισμένοι.

489 2811 632 2878 Non
700 2815 907 2878 certae
977 2809 1309 2876 cuiusdam
1380 2811 1664 2875 civitatis
1739 2807 1951 2894 leges,
2024 2828 2185 2894 quae
2263 2808 2341 2874 ab
2418 2808 2790 2874 hominibus

399 2921 783 2984 constitutae
845 2917 923 2984 ab
969 2917 1338 2983 hominibus
1386 2915 1562 2982 sacili
1609 2915 1798 2982 modo
1846 2917 2283 3008 antiquentur,
2332 2937 2501 2982 nunc
2548 2918 2790 3002 cogitat

402 3023 702 3102 Hecuba,
752 3023 860 3088 sed
908 3024 975 3086 τὸ
1027 3024 1300 3102 νόμιμον,
1351 3022 1540 3109 plane
1588 3027 1663 3086 ut
1711 3021 1954 3088 Aethra
2004 3024 2066 3086 in
2114 3023 2322 3104 Suppl.
2371 3043 2468 3088 vs.
2521 3021 2650 3088 313

1349 3128 1416 3192 τὸ
1466 3129 1591 3208 γὰρ
1639 3127 1893 3206 ξυνέχον
1941 3129 2258 3205 ἀνθρώπων
2306 3126 2516 3201 πόλεις

765 3235 932 3297 τοῦτ’
981 3233 1102 3297 ἔσθ’
1153 3229 1300 3297 ὅταν
1349 3256 1456 3304 τις
1491 3234 1632 3304 τοὺς
1681 3231 1899 3312 νόμους
1948 3229 2105 3314 σῴζῃ
2152 3239 2378 3312 καλῶς,

400 3343 508 3408 cui
556 3345 771 3406 tamen
817 3338 1099 3404 Theseus
1148 3346 1270 3418 (vs.
1314 3336 1493 3418 339),
1534 3340 1834 3423 quamvis
1875 3336 2101 3424 legum
2142 3341 2441 3404 strenuus
2481 3338 2789 3419 defensor,

401 3451 496 3514 ita
532 3445 867 3532 respondet
904 3450 979 3510 ut
1018 3449 1277 3510 moneat
1319 3443 1658 3522 Aethram,
1699 3445 1768 3507 in
1809 3445 1941 3508 suis
1982 3444 2270 3508 moribus
2310 3464 2551 3530 suoque
2576 3449 2789 3512 animo

405 3553 654 3619 firmius
691 3554 890 3618 etiam
931 3572 1124 3637 quam
1165 3554 1233 3616 in
1269 3548 1526 3639 legibus
1563 3549 1923 3616 subsidium
1965 3551 2166 3615 situm
2209 3571 2346 3615 esse
2370 3550 2790 3638 supplicibus,

406 3659 611 3725 Verba
657 3657 885 3725 Thesei
929 3679 1244 3744 apponam
1292 3658 1593 3743 quoniam
1643 3655 1861 3724 valent
1907 3656 1984 3722 ad
2032 3655 2492 3723 illustrandum
2538 3658 2614 3724 fr.
2659 3657 2788 3727 597

404 3767 718 3832 Pirithoi:

767 3872 872 3951 ὁρῶ
923 3871 986 3936 δὲ
1033 3870 1209 3948 κάγὼ
1259 3871 1436 3935 ταῦθ’
1483 3865 1642 3949 ὅπερ
1691 3894 1772 3946 με
1823 3871 2153 3950 νουθετεῖς,

767 3979 846 4051 ὥς
893 3985 1014 4048 τοῖς
1065 3981 1294 4054 ἐμοῖσιν
1346 3977 1484 4057 οὐχὶ
1537 3977 1873 4058 πρόσφορον
1920 3954 2162 4056 ἷροποῖς

764 4085 1027 4167 Φεύγειν
1072 4085 1156 4150 τὰ
1206 4083 1405 4150 δεινοὶ·
1458 4086 1668 4150 πολλοὶ
1718 4083 1844 4162 γὰρ
1895 4082 2122 4164 δράσας
2176 4083 2347 4148 καλοὶ

766 4191 887 4263 ἔθος
937 4191 1061 4256 τόδ’
1109 4193 1194 4263 εἷς
1241 4193 1558 4266 Ἓλληνας
1609 4188 2029 4268 ἕξεδειξοέμην,

763 4299 862 4362 ἀεὶ
914 4299 1223 4372 κολαστὴς
1274 4303 1390 4361 τῶν
1436 4303 1639 4362 κακῶν
1687 4296 2091 4362 καθεστάναι.

403 4406 465 4471 Ν
470 4428 550 4471 on
611 4406 667 4470 is
729 4403 1001 4491 fingitur
1061 4424 1098 4469 a
1159 4411 1346 4490 poeta
1409 4401 1637 4469 Thesei
1679 4405 1971 4481 animae,
2020 4407 2095 4467 ut
2140 4406 2396 4488 spernat
2435 4423 2547 4468 rex
2586 4402 2762 4491 leges
2773 4425 2790 4484 ;

403 4514 611 4586 im'mo
674 4511 926 4584 multus
987 4511 1390 4584 Athenarum
1439 4512 1814 4590 συνοικιστῆς
1860 4509 1973 4582 ille
2022 4514 2119 4597 est
2162 4510 2228 4580 in
2278 4508 2616 4602 tyrannide
2663 4531 2794 4582 car-
