3392 5384
674 385 762 452 66
1527 404 1789 453 unicus
1836 405 2211 454 Amonmus.

669 587 806 632 esse
874 571 939 631 et
998 567 1366 632 criticorum
1437 569 1774 653 ingenium
1842 591 1967 634 non
2028 572 2244 636 minus
2304 591 2497 654 quam
2560 570 2637 635 ad
2699 573 3047 636 veritatem

669 673 1013 737 eruendam
1035 721 1050 751 ,
1097 673 1177 738 ad
1222 674 1386 738 vitia
1428 675 1569 757 ipsa
1613 673 1979 758 indaganda
2024 695 2159 740 esse
2206 675 2659 741 adhibendum.

1648 953 2039 962 ———-—--

1817 1160 1901 1224 ΙΙ.

752 1393 1027 1459 Transeo
1087 1396 1219 1458 iam
1281 1393 1359 1458 ad
1422 1391 1715 1480 singulos
1775 1391 2399 1460 Commentariorum
2446 1393 2649 1472 locos,
2700 1397 2769 1458 in
2815 1396 3055 1479 quibus

660 1500 1005 1566 tractandis
1065 1506 1130 1565 et
1189 1519 1262 1564 ea
1320 1520 1481 1585 quae
1543 1519 1736 1583 supra
1799 1501 2136 1583 proposui,
2185 1501 2312 1564 nisi
2358 1500 2575 1564 omnia
2622 1521 2726 1564 me
2772 1498 3014 1565 fallunt
3034 1550 3051 1580 ,

659 1605 1200 1670 confirmabuntur
1261 1609 1326 1670 et
1388 1604 1586 1669 simul
1647 1603 1773 1669 alia
1827 1624 2063 1689 pauca,
2112 1625 2273 1690 quae
2318 1604 2397 1670 ad
2444 1607 2751 1670 Antonini
2794 1611 3049 1671 textum

657 1713 1010 1796 pertinent,
1060 1713 1482 1797 attingantur.

647 1867 652 1870 .
746 1816 796 1880 Ι.
854 1814 956 1882 15.
1025 1864 1076 1882 ..
1109 1863 1123 1880 .
1190 1816 1294 1879 καὶ
1346 1817 1412 1878 τὸ
1460 1815 2044 1896 εὐχαριεντίζεσθαι.
2092 1817 2411 1880 Asterisco
2456 1815 2732 1883 notanda
2779 1837 2904 1881 vox
2952 1818 3049 1880 εὐ-

657 1920 1184 2001 χαριεντίζεσθαι,
1233 1941 1394 2004 quae
1440 1927 1505 1985 et
1550 1941 1662 2005 per
1711 1941 1777 1984 se
1825 1924 2120 2005 suspecta
2164 1924 2262 1985 est
2308 1926 2373 1985 et
2419 1921 2495 1985 ab
2543 1920 2664 1986 hoc
2700 1920 2837 1986 loco
2877 1943 3051 2006 pror-

654 2036 763 2090 sus
810 2023 1034 2091 aliena.
1084 2015 1470 2090 Dubitanter
1515 2023 1663 2092 Gat.
1711 2027 1775 2090 οὖ
1815 2026 2304 2106 χαριεντίζεσθαι
2344 2029 2705 2112 proposuit;
2747 2027 3047 2111 equidem

654 2134 963 2196 maiorem
1026 2152 1160 2196 esse
1224 2131 1655 2216 corruptelam
1722 2135 2008 2217 suspicor
2052 2137 2118 2197 et
2162 2132 2360 2197 latere
2404 2131 2533 2197 tale
2580 2133 2769 2217 quid:
2820 2132 2923 2196 καὶ
2974 2134 3045 2196 τὸ

658 2238 880 2317 εὔχαρι
943 2239 1002 2302 ἐν
1067 2246 1260 2314 τ<αῒς
1323 2238 1649 2314 ὅμιλίαις)
1697 2238 1805 2304 vel
1863 2238 2075 2303 simile
2122 2238 2308 2324 quid;
2359 2239 2437 2304 of.
2484 2238 2534 2302 Ι.
2591 2237 2671 2304 17
2724 2237 2813 2303 ἔτι
2861 2241 2923 2304 δὲ
2972 2241 3043 2304 τὸ

658 2346 938 2420 εὐόμιλον
989 2346 1090 2409 καὶ
1111 2344 1363 2423 -εὔχαρι
1415 2347 1479 2409 οὐ
1529 2345 1908 2422 κατακόρως.

748 2561 909 2626 Ibid.
965 2561 1069 2626 16.
1120 2563 1222 2625 καὶ
1271 2563 1339 2625 τὸ
1389 2569 1516 2634 τοῖς
1556 2564 1643 2634 εἷς
1693 2561 2028 2640 εὐμάρειαν
2067 2562 2209 2638 βίον
2247 2562 2499 2642 Φέρουσί
2538 2586 2634 2639 τι,
2678 2559 2755 2626 ὧν
2794 2565 2829 2638 ἢ
2867 2565 3038 2644 τύχη

656 2666 922 2747 παρέχει
993 2667 1346 2744 δαψίλειαν,
1417 2667 1748 2748 χρηστικὸν
1817 2668 2079 2745 ἀτύφως
2153 2665 2293 2743 ἅμα
2359 2667 2462 2730 καὶ
2528 2670 3040 2746 ἀπροφασίστως.

654 2772 1078 2838 Vehementer
1115 2775 1404 2857 suspicor
1439 2772 1952 2838 emendationem
1988 2781 2254 2851 παρεῖχε
2276 2822 2293 2847 ,
2334 2793 2529 2857 quam
2568 2780 3041 2858 proposuerunt

656 2877 798 2945 Cas.
841 2876 984 2944 Cor.
1025 2877 1170 2942 Sch.
1212 2898 1348 2942 rem
1389 2897 1506 2942 acu
1543 2881 1871 2965 tetigisse,
1910 2879 2064 2946 licet
2102 2878 2283 2944 Stich
2322 2898 2462 2944 eam
2486 2883 3045 2946 nememoraverit

657 2983 939 3069 quidem.

744 3202 906 3268 Ibid.
945 3202 1102 3268 ibid.
1142 3203 1274 3267 οὐδὲ
1316 3201 1569 3281 λάβρον,
1611 3202 1744 3267 οὐδὲ
1789 3203 1867 3274 ὦς
1911 3201 1985 3266 ἄν
2029 3226 2167 3266 τινα
2210 3204 2402 3268 εἰπεῖν
2428 3224 2612 3267 ποτε·
2642 3201 2751 3275 ἕως
2777 3202 3042 3283 ἱδρῶτος.

653 3308 971 3376 Notabilis
1017 3308 1206 3375 lectio
1247 3310 1384 3375 cod.
1435 3311 1492 3374 A
1538 3308 1614 3381 ὥς
1662 3315 1721 3372 τ’
1770 3305 1867 3386 ἄν,
1917 3310 1960 3374 1.
1988 3330 2041 3373 6.
2091 3306 2232 3372 ὥστ’
2280 3307 2375 3373 ἄν.

742 3527 901 3592 Ibid.
956 3525 1060 3592 17.
1131 3575 1144 3591 .
1175 3576 1189 3591 .
1219 3576 1232 3592 .
1283 3521 1372 3592 ὅτι
1423 3526 1675 3590 δυνατόν
1728 3527 1911 3604 ἐστιν,
1963 3527 2023 3588 ἒν
2068 3527 2233 3608 αὐλῇ
2278 3527 2537 3603 βιοῦντα
2584 3527 2748 3602 μήτε
2797 3525 3042 3603 δορυφο-

655 3633 874 3712 ρῆσεων
922 3631 1188 3714 χρῄζειν,
1238 3633 1398 3709 μήτε
1448 3633 1707 3706 ἐσθήτων
1754 3637 2123 3708 σημειωτῶν,
2182 3632 2341 3706 μήτε
2392 3631 2738 3721 λαμπάδων
2788 3630 2892 3694 καὶ
2943 3631 3042 3693 ἄν·

653 3737 938 3817 δριαντων
987 3738 1219 3803 τοιῶνδέ
1263 3761 1432 3802 τινων
1473 3738 1573 3801 καὶ
1615 3742 1721 3800 τοῦ
1766 3737 1969 3812 ὁμοίου
2012 3736 2270 3812 κόμπου.
2311 3737 2519 3802 Locus
2559 3739 2731 3802 varie
2757 3740 3039 3800 tentatus

649 3844 914 3909 fortasse
963 3846 1207 3929 optime
1254 3864 1319 3908 se
1364 3844 1573 3909 habet.
1623 3843 1886 3908 Etenim
1934 3848 2008 3907 ut
2055 3864 2169 3928 per
2215 3863 2442 3908 vocem
2479 3837 2670 3918 οὗτος,
2710 3844 2801 3905 sic
2839 3843 3038 3906 etiam

651 3972 764 4035 per
815 3950 1042 4015 τοιόσδε
1093 3954 1157 4015 et
1204 3949 1471 4022 τοιοῦτός
1521 3974 1614 4022 τις
1664 3951 2026 4015 Antoninus
2075 3948 2416 4034 aliquoties
2463 3968 2587 4042 nqn
2633 3954 2768 4012 tam
2814 3968 3040 4012 vocem

649 4054 936 4140 aliquam
994 4059 1062 4120 in
1107 4058 1248 4141 ipsa
1294 4058 1612 4124 sententia
1656 4054 2142 4141 praecedentem
2190 4052 2296 4119 vel
2344 4059 2715 4138 sequentem
2760 4051 3042 4116 indicare

651 4161 758 4226 sed
804 4183 903 4226 res
950 4167 1131 4227 notas
1179 4166 1243 4227 et
1286 4163 1352 4225 in
1402 4163 1539 4227 vita
1587 4160 1906 4226 cotidiana
1952 4166 2350 4225 occurrentes
2390 4158 2724 4244 designare
2760 4157 3039 4233 videtur,

649 4269 742 4330 ita
787 4272 865 4331 ut
912 4290 1136 4334 vocem
1184 4273 1451 4339 τοιοῦτος
1499 4268 1628 4332 fere
1665 4265 1891 4331 reddas
1930 4287 2045 4350 per
2079 4265 2383 4346 vulqarie,
2421 4264 2669 4343 solitum
2731 4263 2807 4328 cf.
2835 4261 2909 4326 V.
2955 4258 3037 4327 17

651 4371 720 4432 τὸ
770 4371 854 4435 τοὶ
903 4373 1186 4437 ἀδύνατα
1234 4372 1461 4437 διώκειν
1509 4369 1801 4447 μανικόν·
1856 4371 2157 4435 ἀδύνατον
2208 4370 2267 4434 δὲ
2317 4371 2386 4434 τὸ
2434 4370 2575 4440 τοὺς
2621 4367 2907 4445 Φαύλους
2950 4367 3039 4440 μῆ

651 4476 912 4538 τοιαῦτα
975 4501 1112 4540 τινα
1177 4486 1385 4541 ποιεῖν.
1448 4477 1670 4561 Itaque
1728 4475 1906 4539 locus
1971 4483 2185 4542 noster
2230 4477 2321 4539 sic
2369 4473 2713 4541 vertendus
2760 4493 2897 4537 esse
2945 4473 3038 4536 vi-
