3392 5384
1411 448 1726 498 nonnus.
1924 436 1935 443 ’
2684 436 2768 498 19

478 618 536 681 V
584 618 647 684 2.
685 616 770 683 68
795 616 890 696 (2)
952 615 1376 701 Interrogatio
1435 614 1590 679 haec
1651 616 2154 699 increpationem
2218 620 2502 683 continet
2560 621 2773 704 impu-

390 724 751 790 dentissimi
807 722 982 786 facti.
1144 722 1241 800 (3)
1288 719 1462 784 Haec
1507 721 1925 805 interrogatio
1969 723 2283 787 irrisionis
2330 722 2518 809 plena
2566 729 2664 789 est
2706 726 2776 788 in

393 851 579 906 eum,
629 850 821 913 quem
868 826 1035 890 nihil
1079 826 1336 911 pudeat.

481 934 638 999 Fere
705 932 976 1008 similia,
1043 931 1153 996 sed
1215 930 1493 995 alterum
1557 929 1669 1010 (3)·
1717 928 1908 1015 paulo
1969 935 2241 1009 rectius,
2304 955 2454 998 nam
2500 935 2774 1019 Pythias

397 1060 545 1105 cum
592 1038 749 1101 dicit
795 1036 1045 1116 „Quam
1095 1038 1173 1100 ob
1219 1056 1356 1099 rem
1403 1034 1661 1099 tandem
1708 1046 1819 1113 (sc.
1863 1033 2116 1116 abeas)?
2164 1039 2259 1101 An
2303 1042 2453 1123 quia
2490 1039 2689 1123 pudet
2705 1037 2773 1102 ‘P’

396 1166 524 1209 non
568 1146 889 1227 increpat,
939 1141 1050 1205 sed
1094 1140 1320 1204 irridet
1370 1140 1661 1204 subitum
1702 1136 2016 1206 Chaereae
2055 1142 2363 1227 pudorem
2382 1192 2397 1221 ,
2440 1146 2551 1229 qui
2587 1142 2778 1229 paulo

397 1253 544 1314 ante
589 1250 912 1332 virginem
960 1244 1200 1309 violare
1247 1265 1440 1309 ausus
1486 1248 1589 1309 sit.
1639 1242 1807 1310 Cum
1844 1249 2051 1331 igitur
2090 1248 2186 1327 (2)
2225 1248 2326 1311 IP
2365 1249 2778 1315 tribuendum

397 1356 513 1431 sit,
554 1355 884 1437 quaeritur
920 1352 1308 1435 receperitne
1347 1352 1418 1413 in
1457 1350 1805 1415 editionem
1844 1352 2032 1415 modo
2055 1356 2572 1418 retractationem
2596 1375 2780 1419 suam

398 1480 477 1523 an
538 1459 737 1521 etiam
789 1454 984 1521 schol.
1032 1456 1395 1544 genuinum
1441 1454 1697 1519 Donati.
1763 1454 1981 1519 Primo
2030 1458 2257 1521 auditu
2303 1461 2581 1544 suspicio
2625 1462 2780 1524 satis

395 1563 667 1628 absurda
726 1569 856 1639 est,
919 1563 1315 1624 imitatorem
1380 1562 1470 1624 sic
1532 1566 1737 1624 semet
1797 1563 2014 1645 ipsum
2060 1562 2436 1647 prodidisse.
2485 1563 2608 1628 Sed
2654 1567 2781 1649 ipsi

397 1668 519 1733 hoc
567 1665 757 1731 aliter
803 1665 1161 1743 videbatur,
1224 1685 1340 1728 sua
1383 1686 1612 1750 nempe
1653 1667 1921 1730 inventa
1966 1670 2320 1750 praenitere
2368 1668 2672 1733 Donateis
2718 1675 2783 1733 et

399 1773 556 1838 haec
599 1772 734 1835 illis
785 1772 1128 1835 obscurari.
1178 1770 1318 1834 Hac
1365 1776 1621 1834 tantum
1666 1774 1914 1835 ratione
1960 1771 2264 1857 explicari
2311 1782 2576 1858 possunt
2614 1795 2784 1859 repe-

403 1882 666 1943 titiones
723 1877 1120 1953 manifestae,
1184 1876 1296 1939 ubi
1344 1897 1573 1960 nempe
1621 1876 1835 1960 aliqua
1881 1880 2240 1942 coniunctio
2264 1886 2427 1957 (aut
2468 1880 2567 1942 vel
2610 1883 2783 1959 sim.)

402 1982 511 2049 vel
549 1982 828 2047 formula
867 1988 984 2058 „ut
1022 1982 1357 2045 diximus*
1393 1980 1650 2046 aliudve
1686 1982 2001 2046 indicium
2026 1984 2305 2048 ostendit
2330 1989 2394 2048 et
2416 1983 2785 2070 exemplum

407 2093 474 2155 et
517 2091 952 2153 imitationem
991 2087 1069 2150 ab
1117 2108 1190 2151 eo
1238 2092 1492 2171 recepta
1539 2087 1757 2151 fuisse.
1806 2088 2031 2173 Itaque
2076 2092 2144 2152 in
2190 2088 2379 2167 locis,
2428 2090 2636 2174 qualis
2680 2091 2786 2153 hic

405 2201 536 2271 est,
598 2215 724 2258 non
787 2214 1037 2257 necesse
1099 2198 1194 2255 est
1257 2194 1540 2276 cogitare
1603 2192 1679 2256 de
1734 2192 1858 2257 alio
1916 2194 2123 2271 fonte,
2172 2194 2340 2258 unde
2388 2192 2786 2278 Gompilator

406 2302 767 2387 genuinum
814 2298 1190 2383 exemplum>
1232 2298 1536 2362 hauserit.
1586 2295 1740 2361 Alia
1784 2319 1883 2363 res
1932 2306 2027 2362 est
2072 2301 2136 2362 in
2187 2298 2573 2383 quibusdam
2608 2298 2786 2374 locis,

407 2407 614 2473 veluti
661 2405 854 2469 Andr.
902 2404 966 2468 II
1015 2404 1077 2469 6.
1105 2404 1190 2468 26
1217 2405 1332 2485 (4),
1383 2425 1574 2488 quem
1623 2424 1815 2488 supra
1863 2406 2171 2481 tractavi,
2220 2404 2328 2468 sed
2364 2405 2436 2467 hi
2473 2406 2600 2468 rari
2639 2410 2790 2469 sunt

409 2519 475 2578 et
523 2533 561 2576 a
605 2532 711 2575 me
757 2510 1227 2574 indicabuntur.
1539 2500 1542 2502 Α

500 2729 632 2793 Ad.
677 2727 772 2791 111
817 2727 878 2792 2.
911 2726 994 2791 10
1041 2726 1301 2792 Sostr.
1351 2726 1493 2792 Non
1539 2726 1841 2812 intelligo
1890 2730 2044 2791 satis
2093 2748 2253 2811 quae
2297 2727 2584 2811 loquitur

500 2833 596 2914 (3)
657 2833 756 2897 Ad
819 2833 938 2896 hoc
998 2831 1284 2895 Sostrata
1342 2834 1644 2916 ignorans
1688 2833 2038 2907 inducitur,
2090 2839 2163 2896 ut
2214 2833 2378 2898 malo
2425 2835 2651 2896 nuntio
2697 2852 2791 2897 re-

408 2944 598 3025 pente
636 2938 922 3011 feriatur,
967 2943 1028 3000 et
1067 2939 1218 3020 quia
1256 2939 1540 3022 oportuit
1575 2939 1855 3022 priorem
1894 2937 2107 3022 loqui,
2149 2959 2442 3023 praesens
2480 2938 2791 3023 loquitur,

412 3046 564 3130 quia
617 3047 840 3107 autem
901 3063 1027 3107 non
1090 3047 1186 3105 est
1243 3028 1560 3127 perdenda
1620 3049 1756 3107 tam
1813 3045 2030 3107 suavis
2076 3046 2345 3119 ἠθοποιίας
2393 3044 2667 3108 dolentis
2714 3043 2792 3108 ad

411 3152 822 3224 irascentem,
887 3146 1124 3211 idcirco
1183 3168 1308 3212 non
1354 3148 1536 3211 audit
1581 3145 1781 3224 Geta,
1832 3169 2173 3212 conversus
2221 3170 2299 3213 ne
2348 3149 2426 3213 ob
2468 3147 2651 3211 illam
2699 3148 2793 3211 lo-

414 3255 526 3338 qui
572 3252 840 3317 desinat.

501 3356 606 3421 Sic
653 3355 730 3419 D.
783 3353 1108 3440 eleganter
1153 3360 1218 3419 et
1262 3354 1466 3440 plene.
1517 3356 1916 3420 Otiosissima
1961 3363 2059 3420 est
2104 3356 2338 3441 duplex
2377 3359 2675 3441 repetitio
2715 3358 2795 3421 ad

416 3461 535 3524 11:
603 3460 829 3523 Adhuc
890 3480 1017 3531 non
1065 3460 1363 3524 audiente
1410 3459 1574 3525 Geta
1619 3459 1941 3545 loquitur:
1990 3460 2224 3526 idcirco
2267 3483 2381 3526 nec
2425 3463 2607 3526 audit
2652 3484 2794 3542 eam

413 3586 636 3631 servus
698 3586 812 3629 nec
859 3565 1116 3629 videtur
1161 3566 1239 3630 ab
1288 3586 1360 3629 60
1407 3565 1712 3630 Sostrata.
1899 3566 2075 3631 Haec
2133 3588 2304 3632 nova
2363 3570 2603 3652 species
2664 3575 2793 3644 est,

412 3692 642 3755 nempe
689 3676 765 3735 ut
812 3668 1037 3733 Editor
1097 3670 1178 3734 ad
1240 3677 1612 3756 sequentem
1675 3692 1737 3735 v.
1800 3672 2059 3736 brevius
2119 3678 2401 3757 repetat,
2449 3674 2614 3791 quod
2657 3675 2796 3758 ipse

415 3797 450 3841 6
496 3775 744 3839 Donato
790 3774 1045 3838 rettulit
1097 3775 1174 3838 ad
1222 3776 1724 3859 praecedentem.

505 3878 602 3945 111
648 3880 710 3943 4.
739 3878 826 3943 26
873 3878 1139 3942 Utinam
1189 3878 1295 3943 hic
1343 3882 1430 3943 sit
1473 3880 1662 3944 modo
1711 3880 2088 3945 defunctum

509 3983 614 4063 (5)·
670 3982 1148 4059 „Defunctum”
1212 3983 1506 4061 finitum,
1569 3985 1635 4049 id
1683 3990 1814 4049 est:
1862 3990 1936 4047 ut
1980 4006 2106 4049 non
2150 3987 2366 4069 peiora
2410 3988 2795 4049 committat.
2849 4017 2862 4031 ·

418 4087 515 4167 (6)
557 4086 1042 4164 „Defunctum”
1082 4087 1379 4166 finitum,
1420 4089 1538 4153 hoc
1579 4095 1712 4153 est:
1753 4109 1832 4153 ne
1869 4089 2145 4153 ulterius
2184 4094 2399 4174 peccet
2426 4091 2797 4154 Aeschinus.

321 4249 328 4254 .
416 4191 788 4257 Secundum
849 4191 1177 4256 Donatum
1247 4195 1316 4255 in
1378 4191 1474 4271 (3)
1539 4192 1892 4270 „Utinam”
1956 4193 2325 4278 desperandi
2387 4196 2526 4258 vim
2587 4194 2799 4259 habet.

417 4296 623 4362 Verba
669 4298 879 4382 igitur
923 4298 1014 4360 sic
1058 4299 1332 4380 accepit:
1384 4296 1615 4361 Vereor
1663 4304 1738 4360 ut
1782 4298 1887 4361 hic
1928 4297 2302 4361 defunctum
2339 4298 2652 4377 (finitum)
2692 4301 2796 4363 sit.

419 4402 518 4466 Ab
565 4402 686 4467 hoc
732 4422 774 4467 v
793 4406 928 4465 oto
972 4403 1288 4465 sententia
1333 4401 1723 4485 prohibitiva
1770 4423 1881 4486 per
1930 4409 2047 4478 „ut
2092 4402 2259 4467 non'’
2302 4402 2408 4467 vel
2450 4404 2613 4479 „ne”
2653 4424 2802 4486 pen-

418 4506 566 4570 dere
629 4526 755 4571 non
821 4511 1051 4589 potest.
1116 4504 1342 4589 Itaque
1388 4506 1465 4569 D.
1515 4508 1810 4605 exhibuit
1854 4514 2145 4571 tantum:
2198 4506 2541 4584 „finitum”
2561 4528 2577 4584 ;
2627 4509 2795 4572 unde
