3392 5384
698 412 833 478 224
1741 429 2054 479 nouum.

785 595 991 662 Verba
1049 597 1143 660 ita
1200 594 1677 681 interpretanda
1741 600 1892 660 sunt
1951 600 2027 660 ut
2089 594 2404 662 Phaedria
2465 595 2713 662 Dorum
2773 617 2812 661 a
2871 595 3070 663 latere

692 707 934 769 iterum
1002 723 1235 789 negare
1297 703 1553 779 iubeat,
1618 702 1790 786 quod
1851 705 1983 767 iam
2047 701 2245 767 semel
2304 690 2588 789 ne'gavit.
2730 703 2894 769 Don.
2947 705 3074 785 (l):

700 808 1067 888 „Rursum”
1128 830 1251 873 non
1316 809 1394 874 ad
1454 809 1771 894 „negato”
1833 795 2145 894 pertinet,
2192 809 2301 875 sed
2348 809 2428 874 ad
2472 811 3075 896 interrogationem,

694 923 771 981 ut
810 918 926 981 sit:
978 937 1243 994 „rursus
1287 918 1615 1000 interrogo
1657 914 1786 980 te''.
1927 914 2027 979 IP
2067 915 2198 996 (2):
2247 915 2614 993 „Rursum”
2667 923 2895 983 retro
2928 916 2974 997 ¹)
3013 918 3081 981 id

694 1029 791 1088 est
862 1027 992 1099 (e)
1062 1011 1499 1088 contrario
1570 1041 1640 1086 ac
1715 1042 1827 1106 per
1897 1021 2050 1086 hoc:
2128 1026 2561 1099 „contrarium
2633 1024 3075 1108 superioribus

696 1127 958 1194 dicito''.
3069 1125 3072 1130 ’

784 1236 1068 1320 Uterque
1113 1235 1385 1311 erravit,
1436 1233 1545 1298 sed
1590 1232 1819 1299 Editor
1863 1236 2233 1320 graviorem
2284 1235 2495 1300 verbis
2543 1236 2683 1300 vim
2727 1235 2976 1299 intulit.

784 1341 946 1406 Ibid.
998 1339 1082 1404 53
1110 1362 1204 1425 sq.
2112 1339 2211 1405 'I'u
2259 1340 2400 1425 pol,
2451 1343 2506 1404 si
2553 1343 2759 1426 sapis,

828 1446 1011 1528 Quod
1049 1449 1173 1510 scis
1211 1448 1443 1523 nescis,
1486 1466 1691 1531 neque
1733 1446 1808 1510 de
1847 1446 2138 1511 eunucho
2177 1467 2382 1531 neque
2421 1446 2497 1513 de
2537 1449 2700 1513 vitio
2743 1447 3036 1532 virg-inis·

784 1554 1115 1618 Habemus
1180 1552 1570 1618 scholiorum
1634 1553 1928 1628 triades:
1974 1551 2059 1616 53
2086 1552 2180 1634 (3)
2241 1552 2386 1618 Non
2441 1574 2784 1640 possumus
2839 1555 3080 1618 nescire

692 1661 863 1744 quod
929 1662 1197 1738 scimus;
1272 1663 1382 1724 sed
1443 1661 1536 1724 ita
1604 1680 1752 1724 sane
1827 1659 2197 1736 „concordia
2259 1659 2538 1725 discors’'
2603 1660 2788 1740 (Hor.
2853 1659 3074 1740 Luc.);

690 1766 1014 1853 Vergilius
1066 1768 1522 1851 „sequiturque
1570 1765 1984 1851 sequentem''
2040 1765 2177 1845 (11.
2205 1765 2382 1847 695).
2479 1765 2564 1830 54
2591 1765 2685 1847 (3)
2733 1765 2806 1830 In
2855 1765 3078 1831 Heau-

689 1876 1238 1939 tontimorumeno
1297 1875 1543 1951 „nescis
1604 1871 1773 1957 quod
1820 1874 1978 1946 scis,
2030 1871 2308 1950 Dromo,
2358 1875 2414 1937 si
2461 1873 2671 1959 sapis’'
2722 1878 2844 1954 (vs.
2901 1870 3077 1952 748),

690 1985 754 2046 et
794 1981 915 2046 hoc
962 1987 1059 2044 est
1106 1979 1273 2064 quod
1324 1977 1657 2056 κακόζηλον
1706 1979 1962 2044 dicitur.
2058 1978 2152 2060 (4)
2203 1979 2612 2045 Proverbiale
2661 1986 2758 2044 est
2805 1985 2871 2044 et
2918 1977 3084 2043 mul-

688 2095 833 2152 tum
894 2087 1064 2172 apud
1126 2085 1545 2156 διαλεκτικούς
1614 2090 1995 2164 tractatum,
2063 2094 2137 2150 ut
2201 2086 2406 2163 „facio
2471 2093 2535 2152 et
2588 2108 2712 2151 non
2763 2086 2966 2151 facio'’
3017 2091 3082 2150 et

693 2196 977 2272 „amicus
1038 2214 1181 2258 sum
1248 2200 1311 2258 et
1372 2213 1496 2257 non
1553 2192 1742 2256 sum''
1796 2201 1860 2257 et
1913 2193 2142 2269 „audio
2193 2199 2256 2257 et
2303 2215 2426 2258 non
2475 2191 2708 2258 audio’'
2761 2199 2826 2258 et
2874 2198 3080 2258 cetera

688 2297 1081 2365 huiusmodi.
1198 2299 1284 2364 Et
1324 2305 1675 2385 praeterea:
1722 2297 1806 2362 54
1833 2299 1928 2379 (l)
1975 2298 2094 2377 „de
2132 2297 2467 2365 eunucho''
2497 2298 2665 2383 quod
2688 2299 2886 2364 fuerit
2915 2297 2984 2379 2).

689 2407 784 2487 (2)
850 2407 967 2484 „de
1028 2405 1360 2472 eunucho''
1426 2405 1593 2490 quod
1655 2403 1938 2471 Chaerea
2000 2407 2119 2484 sit,
2186 2427 2311 2470 non
2359 2406 2712 2471 eunuchus.
2809 2405 2905 2487 (5)
2957 2405 3077 2482 „de

686 2515 849 2580 vitio
896 2512 1213 2599 virginis''
1266 2511 1431 2596 quod
1480 2514 1611 2577 iam
1659 2510 1897 2576 mulier
1944 2512 2114 2576 facta
2157 2518 2273 2577 est.

781 2620 873 2686 De
934 2620 1034 2684 his
1099 2618 1399 2684 Wessn.
1464 2622 1530 2683 in
1593 2619 1992 2704 Appendice:
2061 2616 2461 2696 „Cohaerent
2506 2621 2674 2684 inter
2719 2640 2787 2684 se
2832 2616 3075 2684 scholia

691 2725 751 2803 1,
793 2725 834 2790 2
876 2731 939 2790 et
980 2727 1052 2803 5;
1098 2724 1291 2790 schol.
1329 2723 1414 2789 54
1440 2724 1538 2804 (3)
1579 2725 1846 2790 fortasse
1871 2724 2029 2790 olim
2054 2726 2471 2790 coniunctum
2497 2731 2633 2790 erat
2657 2746 2809 2790 cum
2833 2723 3076 2792 scholio

690 2830 775 2895 53
800 2831 958 2915 (3)”.
1010 2832 1149 2896 Hoc
1195 2837 1260 2895 et
1306 2852 1426 2917 ego
1475 2851 1621 2894 sane
1663 2831 1886 2907 cred0,
1938 2840 2003 2896 et
2048 2833 2142 2898 ita
2189 2830 2449 2916 quidem
2495 2837 2570 2896 ut
2607 2833 2674 2896 in
2711 2836 3076 2897 commento

688 2937 922 3003 Donati
967 2939 1379 3022 praecesserit
1427 2934 1511 2999 54
1539 2935 1654 3017 (3).
1709 2936 1951 3002 Wessn.
1997 2943 2166 3003 tacet
2203 2936 2278 3002 de
2320 2936 2436 3018 (4),
2474 2937 2642 3022 quod
2683 2939 2774 3002 sic
2813 2939 3075 3022 accipio,

687 3065 836 3108 eum
892 3043 1011 3108 hoc
1056 3043 1373 3108 scholium
1421 3064 1547 3108 non
1594 3064 1744 3108 cum
1792 3043 1922 3108 illis
1969 3046 2383 3108 coniunctum
2431 3044 2628 3109 fuisse
2675 3047 2958 3129 opinari:
3008 3048 3078 3108 at

687 3148 871 3215 valde
934 3151 1314 3234 contiguum
1378 3156 1472 3214 est
1532 3149 1803 3234 ideoque
1868 3150 2281 3215 tribuendum
2344 3149 2577 3216 Donati
2619 3149 2907 3228 aemulo,
2960 3152 3075 3234 qui

684 3256 958 3323 libenter
994 3259 1085 3322 sic
1122 3255 1516 3343 generaliter
1554 3256 1907 3322 doctrinam
1945 3259 2175 3334 iactat,
2212 3257 2322 3321 sed
2363 3277 2601 3343 vagam
2639 3263 2702 3320 et
2739 3258 3072 3334 incertam,

684 3363 854 3428 unde
900 3362 1066 3427 nihil
1116 3363 1291 3450 frugi
1339 3363 1665 3428 discimus.
1727 3362 1949 3428 Altera
1997 3363 2382 3428 scholiorum
2433 3365 2588 3428 trias
2626 3364 2716 3428 sic
2754 3362 3071 3440 cohaeret,

685 3476 760 3534 ut
796 3462 916 3551 ‘(2)
977 3475 1041 3534 et
1100 3469 1195 3551 (5)
1259 3470 1539 3554 profecta
1598 3471 1730 3534 sint
1791 3470 1869 3534 ab
1931 3469 2152 3534 eodem
2215 3453 2581 3555 magistello
2645 3471 2756 3552 qui
2813 3469 3072 3554 scripsit

684 3575 881 3641 schol.
931 3575 1027 3640 III
1075 3574 1135 3639 4.
1165 3574 1340 3640 4--8
1390 3596 1504 3660 per
1555 3575 1790 3660 „quia”
1844 3580 1909 3640 et
1957 3574 2237 3662 „quod'',
2286 3596 2478 3661 supra
2524 3596 2561 3641 a
2608 3595 2711 3640 me
2748 3575 3062 3652 indicata3

686 3681 764 3747 de
810 3683 908 3762 (1)
957 3682 1102 3747 vide
1148 3683 1313 3747 infra
1360 3682 1860 3748 adnotationem.
2628 3686 2634 3692 '

773 3896 858 3962 IV
910 3896 970 3962 5.
1001 3896 1039 3961 5
1113 3896 1299 3965 Certe
1345 3904 1420 3963 tu
1468 3898 1729 3984 quidem
1777 3897 1886 3984 pol
1933 3897 2144 3964 multo
2191 3897 2456 3964 hilarior

776 4003 934 4070 Don.
990 4004 1086 4086 (1)
1146 4005 1230 4069 Et
1280 4005 1534 4082 „certe”
1586 4012 1649 4070 et
1698 4005 1890 4091 „pol”
1940 4006 2094 4071 haec
2139 4004 2466 4091 (Pythias)
2514 4004 2709 4082 dixit,
2750 4010 2835 4105 ‘ut
2881 4023 3068 4090 appa-

683 4117 850 4176 reret
894 4111 1057 4176 hanc
1104 4132 1252 4177 vere
1299 4111 1477 4197 loqui
1522 4133 1682 4196 quae
1731 4113 1940 4178 sobria
1991 4116 2119 4190 est,
2167 4111 2355 4177 illum
2406 4132 2555 4177 vero
2595 4131 2671 4176 ex
2711 4113 2864 4177 vino
2905 4109 3058 4178 falli.

750 4405 807 4472 1)
845 4403 921 4455 Cf.
955 4405 1042 4455 Δᾱ.
1080 4402 1105 4453 Ι
1143 4405 1273 4454 1.46
1306 4405 1376 4468 (3)
1412 4401 1683 4456 „Rursum”
1720 4407 1792 4453 cst
1825 4409 1956 4454 retro
1991 4419 2194 4454 versum.

746 4489 800 4551 2)
850 4488 957 4537 Hoc
1000 4503 1095 4537 non
1129 4485 1362 4551 intelligo.
1394 4486 1784 4552 Supplendumne
1825 4485 2116 4546 achaei-eff,
2154 4502 2213 4536 an
2248 4484 2500 4551 legendum
2540 4486 2674 4552 .quis
2710 4483 2925 4539 fuerit”i'
2958 4484 3061 4537 uti-

678 4585 770 4636 que
804 4569 1028 4636 repetitio
1060 4573 1132 4619 est
1166 4569 1335 4619 scholii
1372 4570 1435 4618 54
1453 4570 1541 4632 (2).
