3392 5384
1381 418 1689 468 nonnus.
2688 396 2728 463 ¹7

347 594 612 657 secutus
661 587 1039 654 confuderit.
1102 588 1274 652 Mira
1322 586 1593 671 denique
1636 585 2024 650 condicio
2069 583 2589 649 scholiorum
2638 582 2732 648 ad

345 696 521 761 Pho
543 715 680 758 rm.
742 692 807 757 Π
868 691 908 756 3
949 714 1082 777 sqq.
1143 691 1292 756 inde
1355 691 1731 777 explicatur,
1790 689 1962 775 quod
2022 688 2401 775 compilator
2446 688 2573 754 duo
2618 688 2733 754 ffla

349 804 648 885 excerpta
722 800 902 883 prius
977 800 1318 881 separatim
1395 796 1643 861 duobus
1726 795 2048 860 columnis
2113 796 2301 859 iuxta
2368 798 2597 880 positis
2662 797 2729 859 in

347 906 637 971 chartam
684 924 868 967 suam
916 901 1352 967 transtulisset
1397 923 1469 966 ac
1515 901 1660 966 dein
1708 904 2073 965 miscuisset
2118 921 2230 985 per
2274 899 2330 964 V
2372 898 2621 965 fabulas
2666 906 2733 964 et

346 1013 536 1075 initio
599 1009 1006 1073 Phormionis
1027 1057 1042 1085 ,
1104 1008 1213 1073 sed
1257 1008 1405 1071 inde
1451 1028 1488 1072 a
1533 1007 1795 1071 Phorm.
1843 1005 1905 1069 ΙΙ
1953 1004 2162 1071 taedio
2208 1017 2535 1090 correptus
2579 1004 2735 1069 haec

349 1114 730 1181 confundere
779 1114 1181 1179 destititisset
1228 1119 1497 1198 tumque
1543 1115 1756 1197 primo
1803 1118 2144 1196 utramque
2188 1114 2417 1176 seriem
2464 1110 2735 1175 alteram

351 1226 497 1305 post
557 1218 826 1284 alteram
848 1267 862 1295 ‚
926 1218 1071 1283 dein
1132 1240 1283 1284 vero
1343 1238 1382 1282 a
1443 1217 1686 1282 III—-V
1745 1238 1943 1281 unam
2007 1223 2262 1281 tantum
2325 1220 2553 1281 seriem
2596 1216 2734 1281 red-

349 1325 634 1389 didisset.

443 1430 619 1495 Haec
666 1432 1175 1495 coniecturarum
1217 1435 1539 1495 structura
1576 1434 1714 1493 tam
1751 1429 2084 1513 ingeniosa
2121 1428 2397 1505 videtur,
2437 1432 2512 1492 ut
2552 1427 2735 1493 facile

349 1538 734 1621 praestigias
796 1536 987 1600 faciat
1050 1538 1351 1620 imperito
1411 1534 1654 1599 lectori.
1720 1535 1806 1598 At
1864 1554 2085 1599 revera
2132 1538 2243 1598 est‘
2273 1536 2627 1598 immatura
2672 1541 2738 1599 et

346 1662 798 1726 praepropera,
846 1661 999 1705 nam
1044 1646 1108 1704 et
1153 1642 1609 1724 repetitionum
1655 1643 1845 1724 atque
1893 1646 2338 1723 excerptorum
2386 1642 2626 1724 species
2673 1645 2738 1703 et

349 1746 707 1832 perturbati
770 1746 1006 1811 ordinis
1053 1748 1217 1810 ratio
1266 1752 1331 1810 et
1377 1745 1770 1811 scholiorum
1815 1744 1894 1809 ad
1942 1744 2203 1809 Phorm.
2253 1744 2315 1808 ΙΙ
2363 1744 2551 1808 3—V
2598 1766 2738 1809 con-

349 1852 517 1916 dicio
577 1872 835 1936 prorsus
895 1851 1024 1916 alia
1085 1856 1236 1915 sunt
1295 1857 1486 1935 atque
1533 1853 1919 1916 coniectores
1966 1872 2044 1915 ex
2089 1849 2328 1915 leviore
2347 1898 2363 1927 ‚
2413 1854 2483 1914 ni
2527 1850 2735 1929 fallor,

348 1957 585 2021 harum
642 1978 860 2020 rerum
914 1956 1325 2041 indagatione
1373 1954 1796 2021 crediderunt.
1844 1956 1987 2019 Nisi
2034 1958 2207 2020 enim
2255 1958 2433 2041 prius
2481 1956 2738 2041 singula

348 2061 589 2126 scholia
649 2082 777 2126 non
838 2067 1097 2125 tantum
1159 2063 1569 2126 excutiantur
1631 2067 1713 2125 et-
1753 2063 2217 2137 examinentur,
2268 2060 2378 2125 sed
2427 2064 2622 2126 etiam
2666 2065 2739 2125 in

349 2167 603 2231 diversa
640 2169 1129 2251 repetitionum,
1172 2172 1650 2250 excerptorum,
1690 2166 2295 2250 interpolationum,
2337 2164 2742 2250 supplemen-

352 2279 572 2337 torum
647 2293 882 2357 genera
943 2272 1365 2357 disponantur
1429 2274 1787 2357 horumque
1850 2272 2217 2336 discrimina
2278 2279 2343 2336 et
2402 2278 2737 2365 auctorum

347 2380 769 2463 proprietates
805 2376 1106 2463 religiose
1149 2378 1539 2463 indagentur
1585 2382 1648 2441 et
1697 2384 2009 2461 quantum
2058 2376 2194 2441 fieri
2234 2379 2471 2461 poterit
2510 2380 2739 2441 consti-

351 2489 652 2559 tuantur„
690 2478 899 2548 omnis
946 2486 1222 2569 suspicio
1269 2484 1345 2547 de
1390 2482 1705 2567 exemplis
1755 2483 1988 2566 quibus
2034 2482 2413 2568 compilator
2458 2505 2614 2547 usus
2653 2486 2741 2547 sit

353 2595 420 2653 et
465 2591 533 2651 in
578 2609 811 2673 genere
861 2589 936 2653 de
983 2592 1330 2654 commenti
1376 2590 1841 2674 compositione
1888 2594 1953 2652 et
2002 2590 2249 2674 origine
2296 2588 2627 2654 vacillabit
2673 2596 2738 2653 et

349 2693 537 2757 facile
581 2696 784 2758 everti
829 2696 1066 2778 poterit
1095 2694 1164 2773 ¹).
1213 2694 1593 2759 Praecedere
1639 2696 1849 2780 igitur
1895 2700 2142 2780 oportet
2181 2716 2339 2782 opus
2377 2696 2737 2760 taediosum

347 2819 500 2863 sane
562 2805 626 2864 et
682 2820 1053 2883 operosum,
1105 2798 1273 2883 quod
1321 2800 1480 2864 olim
1523 2800 1899 2865 incohatum
1944 2821 2127 2885 spero
2172 2802 2305 2866 fore
2354 2811 2428 2865 ut
2472 2799 2550 2864 ad
2600 2821 2739 2884 pro-

348 2902 632 2969 babilem
694 2903 978 2988 aliquem
1039 2906 1288 2969 exitum
1351 2905 1694 2989 perducere
1752 2904 2093 2990 aliquando
2138 2908 2414 2991 possim,
2465 2905 2738 2991 quando-

349 3007 611 3093 quidem
671 3010 868 3074 huius
917 3012 1233 3094 aenigatis
1278 3008 1569 3075 solvendi
1615 3010 1966 3075 obstinacia
2012 3032 2116 3075 me
2161 3014 2371 3076 nescio
2419 3012 2736 3096 quomodo

347 3117 644 3199 arripuit.
888 3100 894 3105 ⁵

446 3220 768 3285 Wessneri
833 3226 898 3285 et
969 3220 1257 3285 Rabbovi
1326 3223 1760 3285 coniecturam
1832 3221 2003 3304 quod
2065 3223 2297 3287 attinet
2358 3222 2437 3286 ad
2498 3226 2735 3288 miram

353 3325 745 3390 scholiorum
791 3326 1224 3391 condicionem
1272 3328 1339 3389 in
1388 3326 1648 3391 Phorm.
1698 3326 1762 3389 Π
1805 3324 1844 3389 3
1884 3332 1947 3391 et
1986 3325 2246 3403 III—V,
2288 3330 2420 3391 iam
2458 3329 2739 3395 refutavi

353 3433 424 3495 in
477 3432 722 3495 Mnem.
766 3430 1041 3508 XXXII,
1087 3430 1260 3495 1904
1299 3452 1362 3515 p.
1405 3430 1536 3495 212
1563 3454 1654 3516 sq.
1698 3438 1762 3496 et
1805 3430 1935 3496 246
1976 3452 2067 3517 sq.
2116 3431 2307 3517 idque
2344 3436 2413 3497 in
2452 3439 2741 3519 sequenti

355 3536 788 3620 disputatione
850 3536 1162 3601 efficacius
1208 3539 1406 3602 etiam
1454 3540 1576 3602 erit
1618 3537 2001 3603 faciendum.
2052 3538 2237 3604 Nunc
2280 3540 2605 3624 imprimis
2648 3541 2741 3605 di-

354 3640 630 3706 cendum
678 3644 802 3706 erit
846 3641 923 3707 de
968 3645 1476 3728 repetitionibus

426 3916 480 3977 1)
534 3916 674 3964 Wes
693 3931 714 3964 s
733 3931 765 3964 n
784 3931 809 3964 e
829 3931 942 3965 rus
995 3914 1116 3964 hanc
1163 3930 1344 3974 curam,
1395 3931 1514 3979 quae
1565 3920 1697 3965 extra
1747 3916 1945 3966 editoris
1995 3917 2289 3982 provinciam
2334 3922 2439 3969 erat
2483 3920 2655 3985 posita,
2688 3920 2740 3969 in

360 3998 504 4046 Burs.
541 3999 662 4045 Anu.
704 4013 746 4045 a.
785 3996 916 4046 1902
952 4014 998 4062 p.
1036 3997 1132 4049 176
1169 3996 1234 4045 sic
1269 3998 1507 4047 definivit:
1548 3998 1668 4047 ‚Ein
1706 3999 2058 4048 annaherendes
2094 3999 2343 4063 Ergebnies
2376 4000 2492 4050 liiset
2520 4000 2619 4050 sich
2649 4017 2742 4052 nur

359 4081 597 4128 erwarteu
633 4094 726 4127 von
759 4078 892 4127 einer
926 4078 1238 4141 sorgfaltigen
1274 4078 1478 4142 Analyee
1511 4080 1592 4128 des
1627 4081 1964 4129 Kommeutars
1999 4081 2149 4130 durch
2184 4082 2449 4145 Zerlegung
2483 4083 2568 4130 der
2602 4082 2747 4131 Scho-

357 4160 843 4223 lienconglomeraten
892 4159 942 4208 in
988 4160 1128 4208 ihren
1175 4160 1417 4209 einzelnen
1461 4161 1787 4211 Bestandteile
1834 4166 1974 4211 anter
2018 4166 2235 4226 strenger
2280 4164 2743 4230 Beriicksichtigung

356 4243 443 4291 der
496 4240 833 4291 iibcrlieferten
879 4242 1177 4306 Anordnung
1221 4241 1336 4315 bqw.
1371 4243 1674 4309 Unorduung
1709 4246 1803 4293 und
1839 4244 1989 4294 durch
2022 4244 2381 4308 Ausscheidung
2414 4246 2498 4294 der
2529 4246 2743 4297 eicheren

357 4321 839 4387 Interpolationen.''.
