3392 5384
711 403 798 470 54
1251 423 1258 428 ·
1716 427 2065 475 nomnium.

811 592 935 658 Sed
979 612 1186 676 neque
1229 590 1516 676 urgenda
1555 592 1709 656 haec
1744 590 2046 656 videntur
2079 611 2283 675 neque
2319 590 2593 656 ult-erius
2631 590 3065 675 persequenda
3075 610 3092 668 ;

709 718 1100 782 quamquam
1145 717 1495 782 anonymos
1541 695 1688 762 illos
1736 697 2006 762 Paeonis
2052 695 2217 761 filios
2257 704 2321 762 et
2359 697 2773 761 Pisistratum
2810 695 3092 761 alterum

709 802 787 866 ad
848 802 1203 887 explendos·
1246 803 1606 867 stemmatis
1666 800 1838 866 locos
1892 822 2126 868 vacuos
2172 803 2563 887 excogitatos
2611 821 2745 867 esse
2792 803 2946 866 satis
2994 800 3093 865 lu-

710 907 995 973 culenter
1040 912 1236 992 patet.

799 1012 974 1091 Quae
1036 1033 1187 1076 vero
1249 997 1725 1096 disputavimus
1784 1018 1859 1076 ut
1918 1014 2136 1096 paucis
2183 1014 2381 1076 etiam
2427 1012 2639 1077 verbis
2686 1011 3096 1096 comprehen-

709 1118 965 1198 damus,
1016 1118 1272 1194 γέροντα
1320 1117 1654 1182 Nestorem
1693 1119 1972 1182 cecinere
2012 1125 2233 1201 poetae
2270 1119 2433 1202 epici
2468 1118 3095 1202 quinquagenarium

710 1223 815 1288 vel
886 1225 1410 1308 sexagenarium,
1483 1243 1633 1287 cum
1694 1221 2139 1306 Dicaeopolide
2197 1225 2408 1307 igitur
2468 1225 2708 1287 comico
2768 1221 2876 1287 vel
2938 1242 3094 1286 cum

709 1329 1032 1393 Pisetaero
1096 1328 1592 1413 comparandum
1611 1376 1627 1405 ,
1679 1349 1803 1393 non
1848 1349 1999 1392 cum
2046 1328 2411 1413 Euripideis
2454 1327 2589 1392 illis
2634 1328 2924 1403 senibus,
2981 1328 3099 1410 qui

715 1431 945 1512 »ὄχλον
987 1434 1089 1496 καὶ
1131 1433 1404 1511 σχῆμοι”
1447 1433 1551 1499 vel
1595 1437 1841 1511 „mco-airu
1881 1435 1984 1497 xa)
2011 1433 2481 1499 σκιάν”νοοαι·9
2504 1454 2571 1498 se
2595 1432 2805 1498 solent
2833 1432 2901 1512 ¹).
2949 1431 3098 1496 Non

710 1538 1028 1603 malorum
1094 1542 1455 1603 maximum
1516 1544 1911 1604 senectutem
1973 1540 2167 1604 habet
2226 1539 2458 1604 Nestor
2516 1538 2933 1614 Homericus,
2982 1536 3098 1601 sed

711 1646 1027 1709 bonorum
1089 1647 1446 1710 maximum
1509 1650 1803 1710 senectus
1850 1650 1911 1709 ei
1955 1643 2179 1710 attulit
2225 1644 2653 1730 prudentiam.
2722 1644 2818 1708 Ab
2866 1644 3099 1708 Oeneis

711 1745 1417 1836 Amphitryonibusque
1485 1751 1885 1816 cothurnatis
1954 1753 2212 1814 tantum
2281 1750 2477 1814 distat
2545 1755 2856 1834 quantum
2927 1749 3095 1831 epici

711 1857 879 1919 vatis
926 1876 1027 1919 ars
1071 1855 1275 1919 hilara
1321 1855 1518 1920 distat
1562 1876 1598 1920 a
1644 1857 1876 1940 tragici
1920 1857 2179 1940 ingenio
2227 1857 2399 1920 tristi
2446 1860 2635 1939 atque
2682 1874 2951 1920 moroso.

712 2113 786 2162 nis
819 2106 905 2162 nec
938 2128 1033 2162 non
1065 2112 1167 2162 eius
1199 2128 1313 2161 avus
1337 2113 1527 2162 'Nestor
1559 2111 1686 2162 inter
1719 2112 1933 2177 ipsorum
1968 2111 2141 2160 fratres
2175 2111 2355 2161 fuerint
2388 2114 2507 2160 natu
2536 2111 2722 2161 minimi
2752 2111 2830 2171 (cf.
2859 2109 3095 2160 Roscheri

711 2197 825 2246 Lex.
861 2195 1020 2258 Myth.
1057 2195 1137 2244 ΙΙΙ
1172 2211 1219 2259 p.
1261 2195 1393 2257 111).
2840 2204 2844 2206 ’

782 2278 836 2342 1)
867 2277 981 2327 Eur.
1015 2278 1076 2327 fr.
1113 2278 1194 2337 25,
1232 2278 1342 2326 512.
1381 2277 1453 2326 Cf.
1489 2279 1536 2326 et
1571 2275 1923 2326 vWilamowitz
1960 2276 2223 2326 Herakles²
2264 2275 2317 2324 11
2352 2291 2401 2340 p.
2437 2273 2518 2326 71.

1415 2637 1500 2682 AD
1547 2635 1819 2684 SGHOLIA
1864 2634 2389 2684 ARISTOPHANIOA.

801 2799 917 2883 Eq.
969 2797 1055 2863 89
1118 2799 1199 2865 ad
1259 2800 1482 2864 verba:
1553 2796 1858 2877 „danosffi
1924 2795 2173 2876 οὖτος;”
2237 2802 2409 2867 sive:
2470 2799 2701 2877 „sicine
2743 2800 2975 2864 v‘ero?”
3023 2803 3096 2865 in

712 2904 922 2970 codice
970 2903 1025 2968 V
1072 2904 1389 2988 adscripta
1436 2910 1588 2968 sunt
1633 2905 1817 2969 haec:

804 3009 1327 3089 προπαροξυτόνως
1394 3009 1818 3085 ἀναγνωστέον
1882 3016 1945 3075 et
1990 3012 2210 3096 paucis
2255 3013 2638 3076 interiectis:
2690 3011 2973 3086 σημαίνει
3023 3013 3094 3077 τὸ

711 3096 934 3201 'AAI-i.
973 3134 1329 3200 Scribatur:
1373 3137 1442 3198 τὸ
1483 3097 1650 3201 'Ani
1694 3138 1830 3200 sive
1876 3136 1944 3200 τὸ
1992 3138 2401 3200 ἀπίθανον.
2453 3135 2577 3216 Qui
2608 3159 2830 3218 pamm
2862 3137 3090 3218 proba-

708 3241 860 3305 bibia
904 3240 1112 3319 audit,
1165 3240 1509 3319 ,,ο”ὶληθες;”
1557 3242 1867 3306 exclamat.

797 3458 1014 3523 Etiam
1081 3461 1150 3522 in
1218 3461 1454 3523 vicinia
1512 3457 1731 3523 littera
1794 3467 1848 3522 Π
1913 3456 2081 3521 male
2141 3456 2306 3522 lecta
2372 3459 2589 3523 turbas
2653 3456 2847 3523 dedit.
2917 3459 3086 3524 Nam

709 3583 803 3628 ve.
857 3561 985 3626 103
1048 3562 1127 3627 ad
1187 3564 1409 3628 verba:
1476 3564 1850 3641 „borinum
1911 3562 2127 3637 λείξας
2194 3564 2554 3641 δημιόπραθ’
2601 3563 2627 3626 ὃ
2677 3563 3047 3650 βάσκανοοΙ

707 3667 955 3748 §mest
1026 3665 1364 3732 scholiasta
1432 3671 1777 3751 postquam
1839 3667 2175 3752 adscripsit
2237 3669 2919 3752 interpretamentum,
2993 3671 3085 3734 sic

708 3774 956 3858 pergit:
1023 3773 1100 3849 »ἢ
1153 3771 1546 3849 δημιόπρατα
1595 3770 1874 3849 ἔμιξεν
1918 3775 1997 3842 ὡς
2045 3773 2112 3835 ἐκ
2160 3772 2445 3847 δημοσίου
2492 3773 2850 3850 πράγματα
2899 3775 3088 3838 αὐτοῦ

709 3877 1125 3958 nummu-oc?
1175 3877 1531 3943 Scribatur:
1582 3877 1872 3954 ἔπαιξε
1894 3901 1943 3942 ν.
2002 3878 2200 3944 Poeta
2246 3879 2482 3943 dicitur
2527 3878 2841 3945 adiectivo
2887 3879 3092 3955 δημιο-

708 3985 957 4062 προὶτοις
1019 3983 1246 4049 ludens
1309 3983 1696 4069 significasse
1747 3986 2064 4049 aerarium
2108 3983 2441 4069 publicum
2490 4006 2526 4049 a
2574 3983 2804 4051 Cleone
2851 3987 3092 4070 compi-

707 4090 936 4154 latum.

797 4195 1078 4259 Litterae
1141 4205 1197 4259 Λ
1262 4190 1420 4259 olim
1483 4194 1821 4259 simillima
1867 4195 1995 4259 fuit
2040 4205 2116 4260 Π.
2174 4194 2369 4261 Plena
2416 4194 2861 4280 exemplorum
2909 4195 3090 4261 verbi

706 4319 896 4363 causa
941 4306 1037 4363 est
1083 4320 1398 4384 papyrus,
1448 4319 1608 4384 quae
1655 4301 1765 4371 τὴν
1814 4301 2142 4373 Ἀθηναίων
2194 4302 2514 4366 πολιτείαν
2560 4301 2839 4366 exhibet.
2911 4301 3096 4380 Abiit

707 4405 915 4488 igitur
965 4411 1331 4468 ΕΑΑΙΞΕΝ
1379 4405 1448 4467 in
1498 4411 1839 4472 ΕΜΙΞΕΝ.
2194 4427 2199 4432 ·
2806 4422 2868 4471 V.
2926 4405 2999 4472 L.
