3392 5384
1362 450 1672 499 nonnus.
2625 429 2708 496 37

336 641 530 708 quam
590 618 775 688 illud.
841 655 924 668 —
990 618 1089 705 (3)
1150 620 1242 683 sic
1304 617 1496 704 Verg.
1549 616 1662 698 (IV
1713 615 1878 700 217)ι
1938 637 2094 693 „nos
2137 637 2405 680 munera
2451 616 2711 701 templis

330 729 564 812 quippe
631 727 763 790 tuis
823 724 1131 790 ferimus'’
1195 728 1260 788 et
1319 744 1467 788 cum
1532 723 2033 808 interrogatione
2080 721 2186 786 vel
2234 743 2382 786 cum
2430 724 2709 808 increpa-

323 835 498 897 tione
546 832 812 917 proferri
848 835 1076 915 potest.

415 937 506 1002 Ut
569 935 723 1001 alibi
780 934 880 1000 IP
942 956 1054 1020 per
1114 933 1457 999 formulam
1512 942 1569 998 et
1613 933 1826 997 melius
1872 932 2287 1017 interpolavit
2333 936 2710 1000 continuum

324 1041 641 1108 scholium
687 1041 941 1106 Donati.
1080 1039 1312 1106 Sabb.
1360 1043 1688 1105 immerito
1734 1040 1886 1103 huic
1933 1041 2174 1122 eripuit
2218 1060 2468 1125 quoque
2516 1040 2630 1126 (3).

416 1147 577 1213 Ibid.
621 1146 705 1213 93
755 1146 887 1212 Scit
920 1149 1227 1211 meretrix
1251 1152 1298 1222 †
1322 1148 1726 1210 contentione
1753 1144 2028 1229 quadam
2055 1147 2310 1230 negari:
2346 1167 2499 1231 ergo
2524 1145 2713 1233 fingit

324 1274 391 1319 se
458 1255 666 1334 vinci,
729 1259 805 1316 ut
867 1251 1338 1317 adulescentem
1386 1250 1639 1316 molliat
1686 1257 1753 1315 et
1799 1253 1937 1335 ipsa
1984 1250 2182 1329 cedit,
2233 1257 2307 1314 ut
2355 1258 2418 1316 et
2465 1250 2576 1315 ille
2621 1274 2712 1317 re·
2761 1277 2768 1283 ·

322 1360 546 1424 mittat
590 1360 1027 1443 pertinaciam.

280 1447 283 1451 ⁵
414 1463 687 1529 Initium
732 1465 827 1528 ita
874 1463 1295 1527 correxerim:
1338 1464 1885 1545 ,concessione
1936 1461 2282 1546 quadam
2331 1467 2442 1541 (sc.
2490 1484 2714 1549 rogan-

328 1573 438 1651 tis)
501 1573 815 1655 negata
877 1568 1077 1633 dari.
1142 1566 1447 1633 Ceterum
1512 1568 1629 1633 hoc
1690 1566 2007 1632 scholium
2067 1569 2198 1634 fere
2260 1568 2711 1654 compendium

323 1681 421 1740 est
466 1674 883 1761 longissimae
927 1673 1351 1739 adnotationis
1395 1672 1475 1737 D.
1525 1673 1604 1738 ad
1646 1671 1734 1737 94
1761 1672 1879 1757 (2).
1995 1672 2325 1739 Editorem
2363 1681 2713 1761 utrumque

325 1780 575 1846 dedisse
622 1782 865 1865 opinor.
2447 1779 2512 1846 S.
2563 1802 2617 1845 c.

413 1886 573 1952 Ibid.
618 1883 703 1949 95
731 1885 830 1969 (1)
882 1884 1098 1963 „Istuc
1138 1883 1451 1950 verbum’'
1494 1905 1608 1970 pro
1648 1885 2158 1949 tota-sententia.
2203 1884 2302 1970 (2)
2343 1884 2709 1962 „Verbum”

320 2013 435 2079 pro
499 1991 701 2075 dicto;
766 1990 876 2055 sed
936 1992 1189 2076 proprie
1254 1990 1538 2067 ἀξίωμα,
1593 1991 1660 2054 id
1708 1994 1804 2054 est
1844 1993 2156 2055 sententia
2202 1991 2308 2056 vel
2355 1995 2712 2057 enuntiatio

324 2118 484 2182 quae
532 2117 658 2167 uno
706 2097 1052 2181 stringitur
1099 2101 1165 2160 et
1208 2095 1455 2180 ligatur
1500 2096 1732 2173 verb0,
1783 2097 2124 2161 verbum
2173 2117 2209 2160 a
2251 2098 2585 2176 ,veteribus
2625 2097 2714 2161 di·

326 2204 606 2282 cebatur.
748 2199 833 2266 98
860 2200 958 2287 (1)
996 2200 1210 2279 „Istuc
1236 2201 1548 2266 verbum’'
1576 2200 1698 2283 (vs.
1729 2199 1843 2283 95)
1869 2205 1934 2265 et
1961 2222 2130 2279 „uno
2156 2200 2391 2266 verbo”
2421 2202 2545 2283 (vs.
2575 2200 2712 2284 98),

331 2313 407 2371 ut
469 2307 787 2383 diximus,
850 2309 940 2370 sic
1001 2309 1246 2391 accipe,
1296 2313 1371 2371 ut
1420 2306 1778 2384 „verbum”
1829 2306 2075 2370 dictum
2124 2305 2497 2392 intellegas,
2546 2306 2714 2391 quod

326 2413 522 2477 verbo
577 2410 1029 2495 complectitur
1075 2410 1429 2496 completae
1475 2413 1826 2475 sententiae
1874 2413 2494 2496 pronuntiationem,
2545 2412 2715 2497 quod

328 2516 580 2594 ἀξίωμα
628 2516 1098 2581 nominabatur.
2321 2585 2330 2597 ‚
2437 2598 2444 2604 ,

288 2672 295 2678 .
416 2621 716 2688 'Praetavi
777 2619 992 2686 locum
1050 2624 1120 2685 in
1165 2621 1411 2687 Mnem.
1461 2620 1720 2686 XXXII
1765 2643 1826 2705 p.
1878 2620 2012 2686 220
2059 2621 2134 2687 ad
2185 2622 2381 2687 Andr.
2432 2622 2462 2686 I
2516 2623 2710 2703 1.18,

324 2730 439 2794 ubi
487 2729 642 2792 haec
688 2725 1033 2812 leguntur:

415 2834 513 2920 (1)
564 2832 750 2911 „Uno
796 2832 1031 2898 verbo'’
1079 2853 1209 2898 una
1256 2831 1613 2911 ἐξιῶμοιῐο,
1663 2853 1792 2898 una
1837 2836 2186 2911 sententia,
2236 2855 2385 2900 nam
2434 2833 2537 2908 ἑξ.
2580 2856 2714 2900 sen-

321 2941 525 3028 tentia
572 2943 667 3004 est
714 2937 822 3004 vel
860 2941 1217 3003 enuntiatio
1255 2959 1383 3003 uno
1422 2939 1615 3003 verbo
1656 2959 1889 3003 nexam
1926 2941 2254 3004 continens
2277 2947 2341 3004 et
2363 2941 2714 3025 perfectam

224 3050 228 3054 '
321 3043 857 3130 intelligentiam:
921 3042 1173 3119 ἀξίωμα
1236 3047 1409 3110 enim
1474 3049 1724 3109 constat
1769 3065 1848 3109 ex
1896 3047 2154 3110 nomine
2201 3050 2266 3110 et
2311 3047 2526 3111 verbo.

324 3150 424 3238 (3)
489 3171 658 3227 „uno
719 3149 955 3214 verbo'’
1023 3170 1149 3214 una
1210 3152 1558 3228 sententia,
1625 3156 1702 3215 ut
1761 3151 1830 3214 in
1891 3147 2011 3215 Ad.
2067 3150 2148 3233 (V
2198 3150 2261 3215 8.
2289 3150 2404 3237 29)
2460 3199 2474 3216 .
2503 3201 2562 3217 ..
2612 3152 2711 3216 Ad

324 3259 495 3324 hunc
544 3263 760 3323 autem
808 3255 1082 3341 Adelph.
1129 3255 1343 3321 locum
1392 3256 1548 3321 haec
1595 3256 1790 3320 habet
1837 3260 2314 3321 commentum:

416 3363 514 3447 (1)
577 3361 764 3428 Nunc
828 3362 1183 3439 „verbum”
1231 3381 1372 3446 pro·
1398 3359 1715 3435 αὶξιώμαω
1761 3363 2010 3446 posuit,
2061 3362 2231 3447 quod
2276 3383 2405 3426 uno
2453 3365 2715 3448 stringi-

324 3477 436 3535 tur
480 3469 696 3535 verb0.
741 3468 903 3548 Ergo
946 3467 1181 3530 verbum
1228 3466 1421 3530 brevis
1468 3466 1766 3530 sententia
1813 3465 1942 3548 (W.
1986 3467 2091 3549 c.).
2189 3465 2287 3551 (2)
2329 3467 2495 3532 Nota
2537 3489 2717 3546 „ver-

329 3575 528 3641 bum”
575 3595 691 3660 pro
738 3574 1090 3650 sententia,
1139 3577 1214 3637 ut
1259 3572 1456 3637 Andr.
1508 3571 1567 3655 (Ι
1617 3572 1676 3637 1.
1709 3571 1819 3657 18)
1867 3577 1930 3637 et
1978 3572 2035 3656 (I
2084 3571 2146 3650 5,
2175 3572 2265 3656 5).
2379 3575 2473 3660 (3)
2526 3574 2717 3653 „Ver-

328 3683 486 3747 bum
552 3681 718 3745 dixit
778 3699 996 3744 veram
1058 3681 1476 3758 sententiam,
1541 3699 1693 3743 nam
1741 3680 1994 3744 verba
2043 3700 2079 3744 a
2124 3683 2495 3762 veritate
2546 3682 2716 3748 dicta

329 3808 465 3853 esse
514 3788 696 3851 testis
744 3791 840 3850 est
885 3783 1102 3850 Varr0.
2283 3854 2290 3860 ⁸

417 3892 708 3976 Denique
768 3891 847 3955 ad
908 3889 1108 3956 Andr.
1171 3889 1204 3955 I
1266 3888 1328 3959 5.
1356 3889 1395 3954 5
1459 3888 1743 3976 legimns
1811 3891 2162 3968 „verbum”
2227 3911 2340 3976 pro
2399 3891 2716 3969 ἑξιώμαιο

326 4019 507 4064 more
554 4018 668 4062 suo
715 3998 952 4083 posuit.

418 4103 586 4172 Cum
628 4106 695 4168 in
736 4105 836 4168 his
876 4103 1349 4169 definitionibus
1387 4123 1533 4180 eae,
1575 4124 1739 4189 quae
1778 4102 2128 4169 identidem
2167 4104 2471 4184 redeunt,
2511 4107 2716 4191 ipsius

325 4210 470 4277 Aeli
539 4210 1028 4295 descriptionem
1090 4209 1323 4274 referre
1386 4208 1749 4286 videantur,
1817 4212 2106 4294 sequitur
2167 4230 2316 4273 eum
2367 4232 2462 4276 ve
2483 4212 2714 4276 rbu’m

325 4319 443 4383 hoc
489 4338 678 4382 sensu
725 4315 1119 4382 definivisse:
1171 4315 1527 4393 „dictum'',
1581 4316 1945 4393 „axioma'’,
1997 4318 2486 4395 „sententiam'',
2539 4339 2717 4396 „sen-

326 4425 598 4489 tentiam
661 4421 765 4488 vel
835 4423 1376 4499 enuntiationem,
1456 4442 1617 4506 quae
1688 4443 1816 4486 uno
1887 4423 2234 4506 stringitur
2301 4422 2406 4487 vel
2475 4423 2720 4510 ligatur

324 4527 583 4595 verbo''.
724 4527 892 4592 Bene
947 4528 1156 4612 igitur
1216 4525 1678 4592 Sabbadini
1738 4531 1954 4591 nostro
2000 4525 2139 4592 loco
2189 4525 2437 4593 Donato
2486 4530 2716 4595 tribuit
