3392 5384
1377 407 1690 462 nom-ms
2577 395 2727 466 23¹7·

319 605 450 670 per,
501 589 610 646 aut
667 583 941 646 correxit
1008 579 1234 644 Editor
1291 578 1507 644 addito
1569 577 1863 664 exemplo
1926 577 2359 658 Sallustian0‚
2433 601 2513 647 an
2575 584 2713 667 ipse

321 689 546 756 Aelius
609 693 707 753 est
767 689 880 772 qui
937 687 1154 751 iunxit
1215 685 1311 768 (2)
1375 707 1523 750 cum
1571 682 1713 764 (1)?
1760 683 2055 750 Tertium
2106 688 2330 772 utique
2378 707 2415 752 a
2464 687 2714 754 Donato

322 794 820 862 abiudicandum
866 793 1144 864 videtur.

414 901 577 967 Ibid.
632 899 712 965 19
786 901 959 964 Miro
1021 897 1290 964 artificio
1336 903 1560 983 poetae
1608 901 1672 963 et
1720 899 1799 962 ab
1846 899 2034 963 initio
2082 920 2206 964 non
2253 898 2543 985 placatur
2587 901 2715 989 Py-

320 1010 492 1075 thias
528 1029 642 1073 nec
682 1006 847 1071 redit
884 1007 952 1070 in
975 1007 1255 1091 gratiam
1296 1002 1611 1071 Chaereae
1649 1009 1716 1068 et
1753 1007 2014 1089 insuper
2050 1027 2218 1071 nunc
2248 993 2294 1071 ⁸a
2318 1006 2713 1073 Parmenone

318 1116 612 1180 irritatus
652 1114 894 1198 magis,
937 1118 1011 1175 ut
1050 1131 1163 1195 per
1199 1132 1340 1176 eam
1383 1110 1695 1176 Parmeno
1736 1115 2070 1190 terreatur,
2110 1133 2222 1197 per
2245 1112 2711 1180 Parmenonem

319 1220 574 1308 ingredi
635 1219 714 1284 ad
775 1217 1086 1283 Thaidem
1149 1224 1418 1304 cogatur
1478 1221 1664 1282 senex
1685 1266 1703 1296 ,
1760 1239 1874 1303 per
1921 1239 2133 1283 senem
2187 1222 2450 1305 nuptiae
2500 1220 2721 1286 confir-

320 1332 602 1393 mentur.
649 1325 822 1390 Haec
865 1346 998 1404 erqo
1036 1323 1371 1407 artificibus
1417 1330 1475 1387 et
1510 1323 1790 1402 eruditis,
1830 1331 2020 1388 cetera
2057 1326 2502 1407 spectatoribus
2530 1333 2718 1410 poeta

322 1434 578 1498 ambibat.
1321 1427 1326 1432 ·
1709 1519 1716 1524 ‚
1997 1418 2004 1422 ’

408 1541 743 1606 Postrema
809 1537 1297 1602 Wessnerus
1367 1539 1601 1602 merito
1673 1535 2004 1601 inclinatis
2077 1537 2315 1603 litteris
2384 1559 2421 1604 a
2483 1539 2721 1606 Donati

320 1647 558 1715 scholio
607 1647 683 1712 de
730 1646 1098 1711 oeconomia
1147 1643 1401 1709 fabulae
1449 1645 1793 1728 separavit.
1842 1643 2095 1709 Mirum
2142 1647 2211 1709 in
2259 1645 2526 1711 modum
2572 1646 2725 1711 Edi·

324 1762 445 1833 tor,
518 1774 662 1819 nam
734 1755 790 1817 is
861 1757 992 1829 est,
1064 1753 1309 1837 opinor,
1379 1771 1570 1836 quem
1643 1751 1981 1829 audimus,
2056 1773 2093 1817 a
2165 1755 2717 1839 „spectatoribus”

324 1862 624 1928 distinxit
702 1859 1064 1936 „eruditos”
1147 1861 1190 1924 i.
1233 1880 1286 1924 e.
1353 1861 1813 1944 grammaticos
1876 1865 1940 1924 et
2002 1859 2289 1927 rhetores
2350 1865 2721 1947 posterioris

324 1971 504 2046 aevi,
554 1987 712 2054 quas
756 1973 1010 2051 poetam
1057 1968 1189 2030 iam
1237 1972 1384 2031 ante
1433 1965 1649 2031 oculos
1698 1965 1996 2031 habuisse
2044 1966 2265 2035 credit.

417 2073 517 2139 Ad
593 2074 757 2138 hanc
824 2071 1150 2137 insolitam
1213 2070 1731 2157 interpolationis
1792 2074 2070 2157 speciem
2134 2074 2331 2140 refero
2393 2078 2589 2141 etiam
2653 2078 2721 2140 in

325 2182 444 2247 hac
480 2199 735 2246 scaena:
782 2177 866 2242 43
911 2177 1062 2256 ,‚sed
1101 2183 1288 2264 poeta
1326 2178 1445 2243 hoc
1486 2180 1662 2264 agit,
1705 2199 2008 2264 personae
2033 2181 2365 2245 nesciunt'’
2408 2189 2473 2247 et
2512 2183 2598 2246 45
2624 2183 2721 2265 (2)

327 2288 632 2374 ,‚ehoragi
688 2292 789 2373 est
852 2285 1360 2363 administratio,
1421 2290 1499 2350 ut
1544 2292 1902 2371 opportune
1949 2288 2016 2350 in
2062 2291 2507 2373 proscaenium
2555 2288 2719 2369 (scil.

326 2415 514 2461 senex
575 2393 928 2479 prodeat).''
1001 2391 1482 2457 Eiusdemmodi
1558 2391 1799 2457 scholia
1869 2392 2157 2460 Donatus
2226 2401 2588 2482 opportuna
2657 2401 2725 2462 'et

330 2500 647 2588 elegantia
693 2499 956 2566 exhibet
999 2519 1152 2565 mox
1199 2497 1277 2564 ad
1323 2498 1375 2562 V
1427 2499 1489 2563 5.
1517 2495 1626 2576 27,
1679 2495 1738 2563 7.
1772 2497 1804 2561 1
1834 2497 1953 2578 (3),
2004 2498 2069 2564 8.
2094 2502 2157 2566 4.
2256 2495 2265 2502 ’

417 2607 580 2674 Ibid.
633 2607 722 2672 30
930 2664 935 2670 .
1647 2631 1674 2650 0
1841 2605 2177 2693 Virginem
2224 2610 2422 2675 etiam
2476 2659 2490 2676 .
2520 2656 2537 2676 .
2568 2658 2581 2676 .

599 2714 739 2781 Scis
787 2734 928 2779 eam
974 2714 1123 2778 hinc
1171 2713 1380 2778 civem
1430 2709 1602 2778 esse?
1651 2717 1716 2778 et
1761 2713 2025 2779 fratrem
2074 2717 2214 2781 eius
2253 2737 2387 2782 esse
2426 2717 2716 2803 adprime

601 2819 886 2886 nobilem
1343 2845 1350 2848 ·
2714 2843 2719 2847 ·

420 2928 582 2995 Don.
631 2927 728 3007 (2)
778 2927 956 2992 Haec
1001 2927 1078 2992 ad
1126 2931 1434 2992 terrorem
1473 2925 1794 3013 gradatim
1835 2933 2022 2994 aucta
2064 2934 2235 2995 sunt.
2375 2929 2723 3016 Supplevit

327 3034 481 3101 Fida
546 3033 715 3099 Nam
778 3035 989 3119 primo
1038 3033 1469 3119 ,‚virgiuem”,
1517 3037 1664 3118 post
1714 3034 2031 3115 „civem'',
2083 3036 2160 3101 ad
2207 3036 2520 3104 ultimum
2575 3062 2724 3117 „no-

327 3141 477 3206 bilis
524 3139 872 3205 sororem''.
921 3137 1019 3206 Of.
1068 3138 1154 3203 IV
1204 3136 1265 3204 7.
1294 3138 1378 3203 35
1405 3137 1503 3219 (5)
1549 3160 1744 3225 supra
1791 3163 1855 3227 p.
1907 3138 2086 3207 231?
2476 3123 2487 3132 “

417 3247 578 3312 Ibid.
630 3245 717 3312 33
788 3243 1159 3331 Conligavit
1205 3267 1357 3310 eum
1405 3247 1692 3329 primum
1743 3248 1998 3312 miseris
2044 3248 2251 3314 modis

418 3353 615 3419 Don.:
656 3354 828 3417 Mira
868 3351 1132 3417 tarditas
1170 3351 1247 3416 ad
1289 3350 1720 3436 torquendum
1759 3350 2242 3419 Parmenonem.
2382 3354 2719 3441 Sequitur:

325 3459 540 3526 Simul
587 3462 761 3525 enim
803 3456 1066 3544 relictus
1107 3457 1185 3523 ad
1228 3457 1731 3523 succurrendum
1769 3457 1968 3524 locus,
2144 3457 2416 3528 Addidit
2460 3462 2579 3526 hoc
2618 3463 2723 3528 In-

326 3564 672 3653 terpolator
707 3587 822 3652 per
862 3564 1185 3650 prolepsin
1223 3564 1441 3644 illius,
1485 3565 1653 3650 quod
1694 3563 1853 3631 Don.
1900 3565 2168 3632 daturus
2206 3575 2343 3634 erat
2367 3568 2445 3633 ad
2473 3589 2563 3634 vs,
2594 3568 2719 3635 35:

328 3673 426 3754 (5)
488 3674 658 3739 Bene
724 3673 1120 3750 ‚‚minatur'',
1178 3678 1255 3738 ut
1315 3675 1600 3738 succurri
1663 3675 1870 3759 possit
1932 3676 2026 3753 ei,
2074 3678 2187 3760 qui
2232 3676 2617 3757 non<dum>
2647 3676 2721 3757 ¹).

329 3783 414 3846 sit
458 3800 702 3866 passus.
759 3839 767 3850 ,
808 3779 907 3844 Ad
956 3786 1250 3845 nostrum
1301 3785 1521 3845 autem
1567 3801 1829 3845 versum
1877 3781 2200 3848 adnotat-io
2246 3789 2341 3848 est
2387 3786 2625 3869 inepta.

418 3887 578 3952 Ibid.
631 3886 716 3954 46
788 3884 1016 3951 Dicam
1062 3887 1218 3951 huic
1265 3908 1345 3952 an
1393 3907 1519 3952 non
1570 3885 1824 3953 dicam?
1870 3887 2097 3953 Dicam
2146 3888 2356 3955 hercle

421 3993 618 4060 Don.:
667 3994 812 4059 Non
875 3999 1041 4060 esset
1104 3994 1458 4059 verisimile
1523 3993 1684 4075 (scil.
1737 3999 1813 4060 ut
1854 3996 1925 4059 in
1970 4017 2039 4060 re
2086 4002 2221 4061 tam
2260 3999 2556 4082 ancipiti)
2596 3999 2721 4062 nisi

330 4101 700 4167 dubitasset.
840 4100 957 4165 Ed.
1028 4100 1307 4166 addidit:
1372 4099 1553 4181 Quod
1617 4104 1792 4167 enim
1854 4102 1933 4167 ad
1997 4100 2342 4169 Chaeream
2404 4107 2719 4189 pertinet,

328 4229 450 4272 non
505 4207 673 4294 quod
722 4204 801 4271 ad
845 4209 1063 4294 ipsum
1114 4210 1429 4293 pertinet,
1480 4208 1756 4273 dubitat.
1894 4208 2140 4286 Immo,
2191 4209 2523 4275 dubitabat
2571 4212 2720 4277 Par-

329 4335 514 4380 meno
576 4319 838 4400 propter
895 4335 1086 4381 suum
1149 4316 1486 4401 praecipue
1548 4313 1911 4400 periculum
1931 4362 1948 4393 ,
2016 4321 2091 4380 ut
2138 4315 2366 4382 docent
2413 4337 2575 4402 quae
2626 4338 2723 4382 se-

353 4534 360 4541 ’
397 4543 454 4615 l)
486 4543 564 4592 Sic
595 4543 778 4594 correxi
813 4558 900 4608 pro
939 4541 1120 4592 „non”-
