3392 5384
695 397 830 465 320
1732 415 2049 466 neurus.

694 584 882 649 tum”
923 585 1244 649 versutiae
1273 584 1345 664 ¹),
1389 584 1715 662 „vanum”
1756 583 2110 651 vecordiae.
2247 582 2347 666 (5)
2387 583 2675 663 „Falsis”
2704 583 3086 672 decipimur,

696 689 943 770 „fictis”
993 688 1408 769 delectamur,
1461 692 1709 768 „vana”
1760 693 2256 757 contemnimus,

784 796 972 863 Facio
1033 818 1184 862 cum
1239 795 1795 876 Sab‘badinim
1862 801 1975 883 qui
2037 799 2189 863 haec
2252 799 2470 863 omnia
2523 797 3087 884 interpolatoribus

694 902 904 970 dedit:
951 925 1080 982 „un
1122 906 1404 990 esempio
1445 904 1510 968 di
1549 910 1808 988 quattro
1848 905 2249 970 variazione''
2290 903 2505 986 (Stud.
2546 904 2625 969 It.
2668 903 2762 969 III
2802 926 2865 991 p.
2908 904 3088 986 341).

693 1009 918 1076 Dicere
980 1012 1091 1076 vix
1154 1031 1315 1096 opus
1375 1017 1472 1076 est
1531 1032 1638 1076 me
1699 1010 1897 1076 schol.
1944 1011 2041 1092 (2)
2102 1031 2217 1097 per
2278 1011 2376 1074 vel
2420 1010 2669 1076 Editori
2716 1010 3091 1098 adsignare3

691 1116 940 1202 reliqua
1003 1123 1131 1182 tres
1179 1120 1479 1205 magistri
1525 1117 1844 1184 luserunt.
1984 1117 2082 1185 cf.
2134 1117 2348 1185 Gloss.
2396 1141 2459 1205 p.
2508 1118 2642 1185 449
2695 1119 2962 1198 „fictum
3012 1118 3092 1185 ad

693 1229 914 1310 poetas
975 1226 1286 1310 pertinet,
1350 1225 1465 1290 ubi
1525 1245 1687 1310 quae
1752 1225 1916 1290 facta
1976 1246 2103 1290 non
2150 1231 2303 1290 sunt
2350 1226 2516 1291 facta
2563 1225 2887 1305 dicuntur,
2935 1247 3093 1312 ergo

693 1331 917 1397 fictum
979 1331 1216 1397 dicitur
1277 1329 1447 1418 quod
1513 1336 1767 1397 tantum
1831 1330 2185 1398 verisimile
2250 1331 2415 1411 est'',
2464 1353 2744 1417 quocum
2794 1334 3097 1399 convenit

693 1437 920 1504 Isidor.
969 1437 1102 1503 diff.
1151 1436 1306 1504 221.

783 1543 949 1610 Ibid.
1005 1543 1087 1609 16
1159 1542 1538 1630 Imprudens
1584 1544 1818 1610 harum
1867 1566 2081 1610 rerum
2130 1547 2521 1631 ignarusque
2570 1547 2863 1610 omnium

785 1651 881 1731 (3)
927 1650 1400 1716 Prudentia
1439 1650 1751 1716 naturalis
1790 1657 1919 1730 est,
1960 1654 2357 1738 gnaritas
2393 1654 2789 1718 extrinsecus
2828 1652 3031 1716 venit.

785 1763 882 1839 (4)
949 1756 1413 1844 „Imprudens”
1465 1779 1578 1844 per
1623 1779 1690 1822 se
1743 1757 2093 1844 „ignarus”
2141 1778 2256 1844 per
2302 1755 2483 1824 alios.
2624 1758 2721 1840 (5)
2768 1758 2909 1824 Hoc
2955 1763 3093 1823 est:

696 1865 810 1949 qui
855 1884 971 1928 nec
1019 1863 1378 1949 suspicatus
1423 1865 1512 1928 sit
1555 1884 1761 1948 neque
1809 1885 1889 1928 ex
1936 1862 2151 1949 aliquo
2198 1863 2491 1929 audierit.

787 1969 1119 2036 Manifesti
1156 1975 1309 2035 sunt
1349 1976 1477 2035 tres
1520 1975 1848 2035 auctores:
1890 1969 2211 2049 Donatus,
2252 1973 2358 2036 cui
2397 1970 2513 2052 (5),
2556 1970 2797 2050 Editor,
2838 1973 2944 2036 cui
2968 1969 3093 2052 (3),

695 2078 1010 2164 magister
1053 2075 1320 2162 aliquis,
1369 2077 1475 2142 cui
1517 2076 1612 2157 (4)
1653 2077 1889 2142 tribue.
1962 2076 2195 2143 Sabb.
2238 2079 2611 2164 proscripsit
2650 2076 2765 2158 (4),
2804 2099 2931 2143 non
2968 2076 3094 2158 (3).

784 2182 947 2249 Ibid.
999 2182 1083 2250 67
1155 2182 1491 2276 Praeterea
1555 2189 1631 2248 ut
1691 2185 1827 2248 suis
1889 2186 2228 2250 restituam
2278 2205 2350 2250 ac
2397 2183 2679 2250 reddam.
2741 2182 2891 2250 Sola
2940 2205 3092 2248 sum

699 2290 904 2356 habeo
950 2290 1055 2354 hic
1101 2291 1422 2355 neminem

789 2396 885 2478 (l)
949 2397 1530 2462 Restituimur
1593 2396 1732 2475 his,
1798 2398 2033 2482 quibus
2094 2418 2209 2462 nos
2255 2395 2598 2476 volumus,
2651 2396 3091 2463 reddimur

699 2504 837 2582 1118,
903 2505 1017 2590 qui
1075 2524 1188 2568 1108
1250 2502 1500 2570 volunt.
1574 2541 1658 2553 —
1733 2501 1830 2584 (2)
1894 2501 2069 2590 Ergo
2140 2506 2697 2572 restituimur
2757 2502 3087 2582 volentes,

697 2609 1130 2676 reddimur
1170 2609 1554 2675 volentibus.
1603 2647 1684 2656 —
1724 2609 1848 2676 Sed
1873 2613 1939 2674 in
1962 2610 2081 2676 hac
2106 2616 2457 2696 utrumque
2484 2616 2601 2676 est.
2725 2610 2820 2692 (3)
2848 2609 3085 2689 „Sola”

697 2715 780 2782 ad
839 2716 1260 2782 familiarium
1323 2717 1598 2783 refertur
1660 2718 2012 2782 absentiam
2035 2765 2051 2795 ,
2119 2717 2362 2795 „habeo
2422 2717 2527 2782 hic
2588 2716 2955 2783 neminem'’
3008 2715 3091 2781 ad

699 2822 1056 2889 alienorum
1117 2825 1510 2889 amicitiam:
1559 2827 1771 2909 potest
1819 2825 1993 2887 enim
2038 2822 2171 2888 sola
2218 2844 2388 2899 0880,
2434 2822 2669 2889 habere
2716 2828 2931 2890 tamen
2975 2821 3091 2887 ali-

699 2951 895 3016 quam
955 2925 1167 2995 foris.'
1267 2930 1362 3010 (4)
1428 2930 1510 2995 Et
1576 2931 1820 3009 „habeo
1879 2929 1985 2996 hic
2047 2929 2417 2995 neminem''
2467 2928 2615 3016 plus
2662 2935 2843 2996 sonat
2890 2949 3088 3016 quam

702 3039 1070 3116 „neminem
1115 3037 1219 3102 hic
1263 3037 1532 3103 habeo'’.
1673 3037 1770 3116 (5)
1817 3036 1903 3101 Et
1953 3035 2129 3115 „sola
2174 3037 2362 3102 sum''
2405 3037 2483 3104 ab
2522 3037 2626 3102 his
2664 3058 2823 3123 quos
2858 3041 3091 3102 natura

699 3141 998 3209 conciliat
1066 3164 1179 3229 per
1247 3164 1348 3222 80,
1422 3144 1666 3222 „habeo
1729 3143 1833 3209 hic
1895 3144 2260 3211 neminem'’
2326 3165 2549 3210 eorum
2596 3146 2708 3230 qui
2756 3143 3091 3211 voluntate

699 3251 1081 3336 iunguntur.

791 3354 1046 3421 Scholia
1092 3353 1290 3437 (1)-1-
1315 3354 1409 3437 (2)
1456 3376 1661 3421 unum
1710 3357 2090 3422 continuum
2143 3354 2380 3420 Donati
2427 3355 2748 3434 efficiunt,
2795 3356 2851 3420 81
2894 3355 3089 3420 demi—

698 3468 808 3527 tur
873 3458 1193 3527 emblema
1258 3464 1560 3548 magistri
1628 3462 1706 3540 A,
1779 3483 1972 3546 quem
2042 3463 2380 3540 novimus,
2451 3482 2565 3548 per
2631 3483 2786 3544 erqo,
2868 3460 3085 3526 Etiam

699 3567 899 3634 schol.
947 3567 1043 3649 (3)
1106 3570 1385 3653 optimae
1431 3575 1619 3635 notae
1667 3574 1767 3634 est
1812 3576 1876 3634 01
1923 3571 2317 3655 genuinum,
2366 3570 2471 3633 cui
2516 3566 2743 3633 Editor
2786 3565 2864 3633 de
2909 3586 3087 3631 more

701 3674 903 3740 affixit
949 3694 1134 3738 suum
1186 3672 1301 3754 (5),
1352 3674 1464 3740 ubi
1510 3696 1661 3740 cum
1708 3694 1863 3740 voce
1911 3673 2223 3753 „natura”
2273 3673 2488 3739 confer
2531 3673 2627 3747 id.
2681 3672 2850 3759 quod
2895 3671 3087 3738 modo

699 3780 1015 3846 scribebat
1074 3779 1153 3845 ad
1215 3802 1310 3846 vs.
1361 3779 1446 3845 56
1511 3779 1909 3860 „naturalis”
1974 3786 2037 3846 et
2097 3779 2128 3845 I
2190 3780 2253 3846 2.
2281 3779 2322 3844 4
2370 3779 2465 3861 (2)
2532 3785 2802 3859 „natura
2861 3780 3089 3864 magni

701 3885 994 3964 caloris'',
1043 3886 1120 3952 de
1168 3908 1294 3973 quo
1341 3887 1583 3953 scholio
1630 3887 1777 3954 vide
1827 3909 2020 3975 supra
2065 3909 2130 3974 p.
2182 3885 2290 3976 30.

792 3991 1001 4058 Schol.
1049 3991 1145 4073 (4)
1193 3992 1464 4059 alicuius
1511 3997 1810 4081 magistri
1857 4015 1991 4060 0880
2037 3999 2194 4080 puto
2239 4014 2276 4059 a
2326 3990 2761 4079 compilatore
2806 3994 3090 4078 interpo-

701 4101 923 4165 situm.
1019 4098 1172 4184 Sap
1191 4100 1250 4165 b.
1315 4103 1513 4166 etiam
1575 4101 1906 4168 damnavit
1969 4101 2066 4182 (4)
2113 4107 2177 4166 01
2223 4099 2340 4181 (5),
2404 4121 2517 4165 1100
2562 4121 2685 4166 11011
2736 4098 2853 4181 (2),
2880 4101 3090 4188 ⁸cuius

700 4211 916 4271 tamen
964 4211 1287 4291 postrema
1334 4208 1531 4273 verba
1577 4207 1828 4273 Donato
1875 4206 2081 4273 danda
2126 4228 2262 4274 esse
2305 4207 2545 4272 censui.

772 4514 824 4580 1)
867 4512 1062 4579 Elegans
1095 4513 1327 4564 eorrectio
1364 4513 1623 4564 Bentlei
1657 4530 1747 4580 pro
1780 4513 1890 4565 libr.
1928 4513 2034 4566 lect.
2078 4511 2350 4566 „virtutis’2
