3392 5384
1396 421 1726 468 nunnus.
2624 403 2750 471 107

485 583 637 663 265,
670 583 752 650 19
813 606 929 650 nec
974 591 1189 650 tamen
1235 606 1341 650 me
1386 585 1630 650 sinebat
1674 587 1928 650 animus
1969 607 2189 671 ungue
2234 585 2432 650 latius
2476 585 2762 651 indidem

378 691 629 777 digredi
691 693 801 758 sed
862 695 1150 758 intentus
1217 692 1380 771 (in)
1445 693 1597 758 deae
1643 695 1965 778 specimen
2011 695 2311 778 pristinos
2359 713 2544 780 casus.
2587 715 2763 760 meos

372 789 759 862 recordabar.

463 903 561 968 Ita
606 926 670 969 v.
719 903 780 969 d.
822 903 994 968 Vliet
1042 905 1258 969 scribit
1298 925 1448 968 cum
1487 904 1926 989 compluribus
1968 905 2340 970 editoribus.
2379 905 2754 971 Invenimus

372 1016 591 1074 autem
630 1009 766 1088 (38,
794 1008 908 1089 25)
947 1008 1355 1095 uigilandum
1399 1017 1495 1076 est
1532 1013 1768 1075 exertis
1807 1017 1872 1078 et
1907 1013 2224 1076 inconiuis
2265 1010 2467 1076 oculis
2506 1032 2758 1097 semper

371 1116 437 1178 in
485 1115 750 1180 cadaver
794 1117 1095 1197 intentis3
1145 1121 1213 1180 at
1259 1114 1396 1192 (34,
1430 1115 1538 1194 18)
1578 1116 1823 1201 proelio
2016 1119 2419 1201 proximante
2456 1119 2760 1192 intentus,

369 1222 539 1284 sicut
586 1220 740 1298 268,
769 1220 854 1285 29
894 1223 1183 1287 intentus
1221 1224 1371 1285 miti
1409 1223 1655 1305 quiete;
1708 1242 1936 1286 verum
1985 1222 2254 1307 reliquis
2299 1221 2456 1287 locis
2498 1224 2764 1287 intentus

373 1346 524 1391 cum
563 1329 755 1392 tertio
792 1346 943 1391 casu
985 1328 1411 1392 construitur:
1455 1325 1591 1405 (17,
1623 1326 1736 1408 18)
1772 1329 2065 1420 aerugini
2091 1330 2410 1405 intentus;
2439 1327 2621 1407 (115,
2653 1328 2764 1409 11)

369 1432 758 1516 quaesitioni
789 1430 836 1511 ¹)
875 1428 1213 1516 Cupidinis
1248 1435 1525 1510 intenta;
1569 1429 1751 1511 (257,
1782 1431 1848 1510 5)
1888 1437 2268 1519 magnisque
2306 1435 2594 1518 imperiis
2629 1436 2766 1499 eius

364 1539 635 1602 intenta.
700 1536 827 1602 Hic
898 1558 1147 1622 quoque
1212 1536 1467 1602 dativus
1515 1545 1580 1603 et
1628 1539 1882 1624 dignior
1927 1546 1993 1604 et
2040 1541 2249 1624 aptior
2295 1538 2583 1605 videtur:
2633 1539 2769 1605 noli

366 1647 587 1706 tamen
631 1662 781 1707 cum
820 1642 1336 1728 Pricaeo·legere
1374 1642 1705 1724 specimini,
1746 1646 1950 1708 immo
1988 1643 2277 1727 specimen
2316 1647 2533 1728 potius
2571 1644 2765 1708 abun-

370 1747 509 1824 dat,
550 1768 701 1812 cum
737 1750 804 1811 in
846 1750 1055 1833 priore
1101 1751 1419 1813 sententia
1463 1748 1817 1835 legerimus
1863 1757 1982 1828 (vs.
2039 1747 2148 1828 17)
2195 1749 2576 1814 exosculatis
2622 1771 2762 1814 ues-

366 1855 550 1938 tigiis
598 1853 748 1917 deae
797 1858 902 1932 (cf.
953 1851 1105 1935 270,
1139 1853 1225 1933 6).
1266 1854 1582 1940 Interpres
1623 1856 1885 1939 quidam
1905 1904 1922 1933 ,
1962 1858 2201 1940 opinor,
2248 1875 2469 1920 vocem
2510 1855 2756 1921 addidit

368 1978 619 2022 memor
656 1956 810 2035 252,
844 1957 925 2022 13
967 1967 1321 2045 augustum
1360 1962 1683 2045 specimen
1724 1961 1874 2025 deae
1913 1963 2261 2046 praesentis
2303 1963 2504 2025 statui
2542 1961 2756 2047 depre-

363 2065 500 2127 cari
535 2083 589 2128 e.
616 2086 675 2148 q.
704 2085 734 2128 s
761 2112 778 2141 ,
820 2083 983 2147 quae
1023 2065 1215 2130 verba
1254 2068 1575 2150 pertinent
1614 2067 1691 2131 ad
1735 2069 2225 2151 „praemicantis
2264 2065 2456 2131 lunae
2493 2067 2758 2132 candore

364 2171 571 2234 nimio
610 2169 1005 2254 completum
1048 2169 1309 2236 orbem’'
1337 2170 1516 2256 (252,
1548 2172 1634 2251 3).
1677 2172 1903 2257 Itaque
1940 2173 2124 2237 edere
2166 2172 2425 2237 malim:
2466 2175 2754 2237 intentus

368 2274 521 2338 deae
572 2277 949 2358 [specimen]
998 2278 1299 2360 pristinos
1348 2297 1531 2341 casus
1578 2299 1758 2342 meos
1804 2278 2197 2343 recordabor.

463 2377 783 2444 Similiter
831 2379 1077 2444 dictum
1122 2385 1220 2445 est
1265 2380 1464 2446 Tacit.
1513 2381 1684 2446 Hist.
1733 2381 1820 2447 IV
1860 2381 1948 2446 82
2005 2384 2214 2467 Atque
2270 2388 2381 2461 (sc.
2435 2381 2755 2466 templum

370 2483 816 2569 Vespasianus)
862 2487 1188 2570 ingressus
1234 2488 1648 2572 intentusque
1694 2490 1951 2551 numini
1995 2509 2048 2552 e.
2078 2509 2137 2572 q.
2165 2508 2214 2551 s,

438 2635 551 2692 265,
570 2635 635 2685 22
656 2637 783 2699 fata
815 2638 905 2698 φ’,
939 2640 989 2685 at
1022 2637 1089 2700 φ’
1130 2636 1321 2701 scripsit
1356 2653 1398 2685 m
1434 2653 1579 2703 supra
1612 2643 1633 2686 t
1668 2639 1928 2690 inductam.
1983 2640 2048 2691 22
2075 2654 2338 2703 pennarum
2370 2644 2423 2700 φ.

442 2716 556 2776 266,
577 2719 605 2766 5
637 2717 833 2781 adjutis
865 2718 928 2766 F*
970 2722 1023 2768 at
1055 2723 1163 2784 poet
1184 2720 1233 2783 s
1255 2735 1347 2769 scr.
1381 2724 1452 2770 est
1486 2736 1574 2785 per
1605 2721 1656 2770 d.

464 2846 617 2926 266,
646 2846 685 2911 5
757 2847 1008 2912 Adfatis
1075 2852 1290 2933 itaque
1358 2871 1435 2916 ex
1506 2851 1709 2916 officio
1779 2850 2057 2940 singulis
2126 2853 2523 2935 narratisque
2594 2852 2756 2914 meis

360 2974 623 3034 propere
668 2959 729 3018 et
776 2956 1063 3038 pristinis
1111 2959 1437 3020 aerumnis
1478 2961 1542 3020 et
1578 2959 2021 3041 praesentibus
2060 2957 2315 3043 gaudiis
2354 2979 2458 3024 me
2496 2978 2758 3022 rursum

378 3056 456 3122 ad
502 3058 652 3123 deae
698 3062 1147 3144 gratissimum
1194 3060 1359 3125 mihi
1405 3062 1604 3126 refero
1650 3068 2061 3148 conspectum
2109 3084 2161 3128 e.
2188 3084 2248 3147 q.
2275 3084 2324 3127 s.

467 3162 679 3230 Codex
726 3187 850 3230 non
896 3167 1155 3232 exhibet
1190 3189 1451 3249 propere
1497 3167 1606 3231 sed
1647 3173 1904 3232 tantum
1930 3190 1984 3247 d)
2024 3175 2128 3247 (=
2151 3175 2313 3253 pro).
2363 3167 2592 3233 Novak
2628 3167 2675 3232 l.
2703 3189 2757 3233 c.

372 3291 482 3355 pg.
528 3268 613 3336 ‘70
660 3269 1134 3358 Kronenbergii
1180 3276 1647 3349 coniecturam,
1696 3294 1893 3357 quam
1941 3295 2003 3337 v.
2054 3274 2115 3338 d.
2169 3273 2344 3338 Vliet
2391 3277 2454 3337 in
2505 3279 2760 3338 textum

372 3379 629 3460 recepit,
651 3379 1018 3462 improbans
1042 3379 1362 3444 observat:
1392 3378 1595 3454 „nihil
1618 3379 1889 3463 impedit
1916 3383 2259 3463 quominus
2281 3378 2453 3443 lente
2474 3386 2536 3443 et
2555 3379 2763 3443 fusius

372 3481 652 3546 Lucium
691 3503 837 3547 suas
877 3483 1162 3548 fortunas
1195 3486 1551 3549 narravisse
1593 3485 2106 3548 existimemus.'’
2149 3483 2294 3549 Non
2334 3477 2660 3569 obloquor,
2697 3488 2765 3549 at

374 3593 631 3651 tantum
678 3609 805 3652 non
852 3595 1097 3654 constat
1142 3589 1417 3654 Lucium
1464 3592 1684 3654 statim
1733 3593 2162 3655 narrationem
2207 3591 2553 3656 incohasse.
2601 3590 2766 3656 Scri-

373 3693 600 3757 bamus
664 3713 852 3779 ergo:
902 3698 1296 3780 narratisque
1347 3699 1507 3760 meis
1550 3696 1834 3777 protinus
1881 3705 1945 3761 et
1991 3699 2279 3782 pristinis
2326 3699 2648 3761 aerumnis
2696 3702 2762 3761 et

372 3800 813 3884 praesentibus
860 3800 1114 3886 gaudiis
1161 3821 1215 3864 e.
1244 3823 1303 3886 q.
1332 3823 1381 3866 s.

464 3905 883 3971 Manifestum
934 3912 1029 3971 est
1062 3905 1401 3972 librarium
1442 3915 1745 3993 sequente
1770 3908 2064 3990 pristinis
2104 3908 2443 3993 deceptum
2469 3910 2760 3973 omisisse

369 4012 780 4090 adverbium,
830 4033 954 4097 quo
1002 4014 1273 4097 scriptor
1322 4019 1541 4078 noster
1588 4014 2104 4099 frequentissime
2152 4017 2381 4079 utitur.

440 4152 605 4210 266,6
630 4145 848 4216 Excutim-
888 4152 949 4200 13¹¹
982 4143 1200 4217 Ῑῖςεηέίὂς
1235 4154 1300 4202 13'2
1329 4146 1555 4217 p-sentib3
1590 4153 1655 4202 F·
1694 4157 1771 4216 (ut
1799 4153 1916 4216 vid.)
1936 4153 2277 4218 presentibffp.
2318 4155 2376 4202 11
2409 4153 2695 4219 inseparbilis
2709 4160 2762 4217 φ.

372 4234 434 4282 11
482 4234 583 4283 Nee
625 4235 678 4283 F.
751 4235 813 4285 12
859 4235 963 4284 dies
1006 4238 1095 4297 φ’,
1141 4239 1192 4284 at
1236 4235 1291 4284 di
1343 4239 1634 4301 expunctum
1672 4239 1745 4284 est
1778 4251 1806 4284 a
1843 4251 1905 4285 m.
1927 4252 1968 4285 r.
2002 4239 2051 4284 et
2085 4235 2163 4302 (in
2201 4235 2376 4301 marg.)
2412 4251 2536 4286 corr.
2575 4237 2626 4285 in
2661 4237 2759 4301 qui.

370 4317 435 4364 13
470 4315 648 4365 eiam
686 4319 761 4377 (ut
796 4315 911 4380 vid.)
945 4318 1009 4379 Φ*
1050 4333 1094 4380 ey
1133 4333 1233 4366 una
1261 4317 1387 4380 Ἐφ’.
1446 4318 1512 4367 25
1549 4317 1756 4366 thesalia
1790 4322 1844 4379 φ.

444 4522 501 4586 1)
539 4521 617 4570 ιι.
651 4520 817 4570 scribit
852 4521 992 4571 mm.
