3392 5384
670 366 758 432 24
1705 383 2018 432 nonnus.

668 553 745 613 ut
811 547 986 613 Wes
1005 550 1235 613 sneri
1288 550 1649 613 coniectura
1695 547 2011 635 postulat,
2059 548 2168 622 sed
2213 551 2281 613 in
2327 548 2381 612 B
2425 551 2641 634 ipsum
2688 546 3012 613 Donatum
3031 596 3047 626 ,

666 657 735 720 in
783 657 842 719 A
887 662 1279 741 excerptum.

757 761 916 824 Ibid.
971 759 1054 824 18
1080 762 1171 824 A:
1222 759 1435 825 Habet
1483 762 1810 824 miseriam
1857 762 2060 826 otiosa
2099 762 2395 824 narratio.
2534 759 2587 824 B
2637 759 2734 839 (2)
2781 758 3048 824 Misera-

667 865 885 929 biliter
931 872 993 929 et
1037 865 1350 930 invidiose
1396 867 1683 950 positum
1735 865 2010 941 „senex”
2062 870 2210 930 cett.

760 969 1008 1034 Iterum
1054 970 1216 1036 Don.
1263 974 1334 1034 in
1381 971 1454 1047 B,
1506 977 1880 1056 excerptum
1924 974 1994 1035 in
2042 972 2119 1035 A.

759 1075 921 1140 Ibid.
971 1075 1056 1141 25
1082 1074 1142 1140 Α
1168 1076 1263 1156 (2)
1316 1075 1530 1156 „Male
1576 1076 1798 1161 loqui'’
1846 1098 1961 1163 pro
2000 1075 2395 1141 maledicere.
2510 1075 2563 1140 B
2590 1075 2686 1156 (2)
2724 1094 2838 1161 pro
2878 1075 3075 1139 male.

670 1182 876 1246 dicere
893 1202 909 1258 ;
962 1188 1025 1247 et
1071 1185 1318 1268 quaerit
1362 1183 1629 1260 Probae,
1680 1185 1824 1267 quis
1870 1188 2016 1247 ante
2063 1182 2438 1248 Terentium
2483 1181 2738 1248 dixerit.
2871 1180 3047 1245 Idem

671 1285 900 1351 denuo.

762 1390 920 1456 Ibid.
971 1392 1080 1457 26.
1129 1393 1286 1457 Vide
1331 1414 1523 1478 supra
1568 1415 1631 1478 p.
1686 1392 1768 1459 17
1817 1392 1897 1457 ad
1941 1393 2110 1458 Eun.
2165 1393 2259 1457 ΙΙΙ
2309 1393 2370 1459 2.
2402 1392 2508 1458 19.

761 1497 923 1561 Ibid.
972 1496 1058 1564 27
1107 1497 1201 1562 A:
1265 1498 1489 1584 Fingit
1532 1497 1634 1562 illi
1680 1501 1951 1563 crimina
1998 1499 2074 1563 de
2119 1519 2306 1563 causa
2351 1506 2416 1563 et
2466 1499 2542 1563 de
2588 1499 2867 1583 negotio.

673 1602 761 1667 B:
810 1594 1144 1688 Ingeniosa
1191 1604 1266 1668 de
1309 1589 1449 1687 ipso
1497 1606 1756 1688 negotio
1803 1609 1953 1668 sunt
1998 1606 2260 1669 inventa
2307 1606 2616 1668 convicia.

760 1707 837 1771 In
897 1709 954 1771 A
1006 1729 1181 1793 mag.
1229 1709 1541 1774 rhetorice
1585 1709 1862 1773 reddidit
1908 1709 2072 1775 Don.
2122 1709 2195 1786 B,
2244 1709 2436 1794 idque
2481 1729 2852 1793 perperam,
2901 1728 3050 1772 nam

672 1813 867 1877 verba
931 1834 1093 1897 quae
1154 1813 1555 1898 explicantur
1598 1816 1986 1891 („bonorum
2033 1821 2336 1891 extortor,
2384 1813 2609 1899 legum
2661 1811 3050 1892 contortor'’)

672 1938 799 1981 non
846 1922 999 1982 sunt
1041 1917 1189 1983 ficta
1230 1921 1497 1984 crimina
1543 1919 1654 1984 sed
1698 1922 1985 1984 convicia
2027 1922 2353 2005 ingeniose
2397 1922 2678 1984 inventa.

706 2117 725 2134 ⁸
763 2130 927 2195 Ecce
989 2130 1362 2214 compendia
1425 2128 1529 2195 vel
1589 2136 1888 2215 excerpta
1946 2152 1982 2195 a
2041 2133 2373 2216 magistris
2419 2132 2689 2194 minoris
2740 2130 3052 2193 momenti

672 2241 838 2315 (raro
880 2237 957 2301 ab
1004 2237 1131 2317 IP)
1192 2237 1426 2301 leviter
1486 2237 1892 2321 breviterque
1939 2235 2204 2301 conficta
2250 2258 2284 2300 e
2329 2235 2568 2300 Donati
2614 2233 2872 2299 scholiis
2921 2232 3054 2299 lon-

671 2343 994 2427 gioribus,
1059 2364 1218 2427 quae
1278 2344 1462 2406 iuxta
1524 2342 1898 2427 compendia
1957 2343 2136 2407 nobis
2181 2344 2434 2426 integra
2482 2349 2732 2405 servata
2779 2346 2948 2404 sunt.
2995 2341 3055 2404 A

674 2445 1102 2532 Gompilatore
1159 2451 1413 2513 invecta
1473 2448 1777 2513 videntur
1823 2469 1901 2513 ex
1949 2450 2241 2533 margine
2289 2448 2440 2512 edit.
2488 2446 2902 2511 Terentianae
2949 2443 3060 2510 ali-
3119 2529 3125 2537 ι

674 2555 885 2628 cuius,
934 2573 1126 2637 quam
1172 2556 1355 2618 iuxta
1404 2555 1750 2619 editionem
1794 2554 1895 2618 IP
1943 2553 2327 2619 adhibuerit.

763 2658 1091 2742 Perpauca
1128 2657 1429 2723 adnotata
1469 2664 1648 2723 erant
1686 2659 1766 2723 ad
1804 2658 2223 2735 Eunuchum,
2265 2657 2452 2742 plura
2483 2656 2561 2721 ad
2583 2657 3056 2721 Phormionem.

672 2761 928 2827 Similia
1006 2769 1225 2826 autem
1304 2765 1543 2848 passim
1612 2765 2024 2847 reperiuntur
2088 2765 2158 2826 in
2227 2761 2622 2847 reliquarum
2690 2760 3061 2826 fabularum

676 2867 955 2932 scholiiS.
2739 2953 2746 2960 ·
3050 2939 3056 2944 ,

765 2972 1023 3037 Scholia
1070 2977 1288 3037 autem
1333 2973 1413 3038 ad
1457 2973 1722 3038 Phorm.
1772 2973 1834 3038 H
1876 2973 1915 3037 3
1965 2995 2042 3038 ex
2082 2975 2199 3039 hac
2237 2979 2416 3058 parte
2456 2971 2620 3037 nihil
2655 2972 2891 3037 habent
2929 2993 3053 3056 quo

673 3077 1030 3163 discrepent
1076 3099 1113 3142 a
1157 3078 1402 3163 reliquo
1448 3085 1831 3144 commento.

764 3290 1116 3375 Hucusque
1184 3293 1303 3362 hoc
1369 3294 1691 3377 imprimis
1759 3295 1867 3378 egi
1936 3299 2012 3356 ut
2079 3294 2426 3358 refutarem
2487 3294 2910 3357 coniecturam
2973 3289 3050 3354 de

672 3397 920 3461 duobus
964 3399 1314 3462 commenti
1357 3399 1834 3482 excerptoribus
1881 3401 2216 3463 continuis.
2266 3397 2560 3462 Vidimus
2599 3418 2781 3462 veras
2819 3417 3050 3462 meras-

673 3523 796 3586 que
831 3505 1267 3586 repetitioneS,
1308 3510 1633 3588 excerpta,
1676 3504 2050 3589 compendia
2085 3506 2154 3568 in
2193 3509 2290 3568 tot
2327 3501 2718 3567 scholiorum
2759 3502 3047 3566 millibus
3165 3541 3168 3544 >

670 3627 1075 3691 nequaquam
1130 3628 1469 3672 numerosa
1530 3629 1663 3673 esse
1725 3616 1788 3674 et
1834 3612 2187 3674 maximam
2234 3614 2484 3693 partem
2531 3608 3044 3694 magistellorum

673 3711 1075 3796 quorundam
1139 3733 1397 3796 operam
1444 3713 1676 3777 referre
1723 3713 1936 3778 levem
1980 3721 2046 3778 et
2093 3713 2509 3778 desultoriam
2528 3762 2544 3791 ,
2595 3719 2846 3798 praeter
2892 3732 3051 3797 quos

673 3817 777 3882 hic
834 3816 973 3882 illic
1032 3816 1514 3902 Interpolatoris
1557 3820 1849 3904 primarii
1896 3841 2147 3905 quoque
2190 3819 2580 3885 industriam
2629 3840 2813 3904 saepe
2863 3818 3050 3883 offen-

674 3921 908 3988 dimus.
2887 3990 2890 3993 .

763 4026 1008 4092 Dehinc
1068 4030 1305 4093 omissa
1360 4027 1475 4093 illa
1535 4026 1926 4107 coniectura,
1990 4031 2174 4094 cuius
2235 4035 2452 4110 tamen
2497 4029 2801 4093 refutatio
2845 4030 2915 4093 in
2961 4049 3054 4093 se-

672 4136 895 4218 quenti
955 4133 1397 4200 dissertatione
1456 4135 1809 4200 identidem
1868 4134 2041 4199 ultro
2101 4135 2539 4212 affirmabitur,
2589 4155 2802 4198 meam
2847 4137 3051 4220 ipsius

672 4229 1103 4304 coniecturam
1143 4240 1219 4305 de
1258 4240 1564 4325 peculiari
1601 4240 1714 4305 illo
1754 4236 2102 4306 commenti
2137 4240 2401 4304 Editore
2427 4245 2491 4305 et
2514 4239 2973 4326 Interpolatore
3003 4240 3054 4320 ¹)

746 4464 799 4527 1)
834 4463 997 4514 Unum
1029 4464 1423 4528 interpolatorem
1454 4463 1690 4546 insignem
1721 4464 1818 4515 iam
1852 4465 2046 4528 agnovit
2079 4464 2424 4516 Sabbadini
2459 4468 2595 4518 Stud.
2629 4469 2744 4518 Ital.
2781 4469 2837 4518 11
2873 4485 2921 4533 p.
2956 4471 3049 4520 132
