3392 5384
715 386 848 458 338
1768 408 2023 462 1111111113.

805 573 912 640 Vs.
967 574 1094 640 164
1120 597 1213 660 sq.

1081 683 1213 762 Qua
1264 680 1435 744 Galli
1465 683 1699 766 furtim
1744 689 1920 747 noctu
1968 705 2189 746 summa
2238 683 2397 747 arcis
2442 685 2649 749 adorti

1072 789 1323 852 Moenia
1368 789 1648 852 concubia
1693 790 2021 875 viyilesque
2066 797 2304 872 repente
2351 797 2689 856 cruentant.

801 894 942 959 Hos
979 915 1204 961 versus
1245 915 1280 959 a
1321 894 1652 960 Macrobio
1693 918 1727 961 e
1768 899 2044 981 septimo
2089 896 2352 975 allatos,
2396 904 2623 982 quarto
2662 896 2823 962 libro
2857 895 3091 962 Vahlen

711 1002 1010 1067 attribuit
1053 1002 1230 1081 ideO,
1281 1002 1448 1088 quod
1492 1005 1562 1066 111
1615 1005 1918 1081 materia,
1972 1023 2165 1087 quam
2213 1002 2376 1068 liber
2417 1003 2535 1068 VII
2576 1006 2923 1081 contineat,
2964 1001 3093 1066 nul-

708 1106 814 1172 lus
859 1107 1036 1174 locus
1082 1109 1471 1185 inveniatur,
1523 1109 1636 1173 ubi
1682 1112 2076 1196 expugnatio
2126 1112 2287 1178 arcis
2335 1108 2607 1175 alicuius
2645 1132 2681 1176 a
2720 1109 2929 1177 Gallis
2968 1129 3095 1173 nar-

708 1216 837 1278 rari
882 1217 1166 1299 potuerit
1197 1215 1268 1295 ¹).
1315 1214 1499 1280 Hanc
1548 1218 1967 1293 sententiam,
2019 1236 2216 1301 quam
2256 1218 2325 1280 in
2364 1218 2574 1301 priore
2611 1219 2745 1281 iam
2784 1217 3092 1302 probavit,

707 1322 779 1384 111
825 1318 1024 1386 altera
1070 1323 1342 1385 retinuit
1388 1320 1668 1386 editione
1708 1320 1986 1400 Vahlen,
2029 1324 2293 1387 interim
2334 1323 2900 1389 vehementissime
2940 1345 3098 1389 com·

707 1424 925 1511 plures
965 1429 1550 1513 impugnaverunt:
1594 1427 1667 1492 L.
1711 1427 1973 1506 Miiller,
2018 1430 2423 1507 Mommsen,
2464 1430 2769 1496 Ribbeck.
2814 1431 3097 1510 Quorum

710 1535 1058 1598 sententias
1119 1536 1341 1620 paucis
1404 1535 1684 1600 refutare
1746 1540 2011 1601 conatur
2072 1557 2221 1622 pag.
2271 1553 2469 1601 CLXXI
2530 1537 2627 1602 ed.
2693 1558 2867 1603 suae.
2934 1537 3097 1616 Quae

710 1661 837 1704 non
897 1641 990 1704 ita
1049 1662 1347 1726 prospere
1410 1662 1510 1706 res
1574 1644 1635 1706 ei
1682 1645 2008 1708 suecessit.
2056 1642 2226 1707 Nam
2274 1645 2530 1708 etiamsi
2578 1646 2637 1708 ei
2683 1645 3094 1720 concesseriS,

711 1745 1156 1812 Mommsenus
1216 1769 1378 1833 quae
1440 1747 1620 1814 affert
1682 1787 1769 1798 --
1834 1771 1984 1814 nam
2048 1749 2512 1829 Ribbeckium,
2576 1753 2689 1836 (1111
2735 1753 3096 1837 opinionem

711 1853 984 1918 Vahleni
1050 1855 1129 1919 ad
1203 1877 1545 1920 numerum
1617 1855 2106 1921 Macrobianum
2178 1856 2655 1925 accommodare
2724 1856 2978 1922 studuit
3016 1855 3100 1936 Β),

709 1963 916 2024 31113111
966 1997 1050 2009 -·
1097 1963 1417 2046 pertinere
1466 1962 1548 2026 ad
1594 1962 1968 2041 historiam,
2018 1984 2212 2048 quam
2257 1966 2325 2028 in
2375 1970 2604 2029 octavo
2653 1963 2902 2028 Ennius
2950 1967 3102 2026 trac-

709 2069 947 2131 taverit
976 2065 1046 2148 3),
1108 2053 1379 2134 Miilleri
1441 2072 1860 2148 sententiam,
1925 2071 2037 2155 qui
2084 2070 2163 2135 ad
2207 2073 2502 2156 ignotam
2548 2092 2687 2136 rem
2736 2091 2964 2136 versus
3010 2091 3101 2135 re-

709 2171 872 2238 ferre
937 2171 1114 2253 vult,
1178 2195 1410 2260 parum
1471 2175 1705 2240 habere
1768 2175 1936 2260 quod
1999 2176 2275 2241 arrideat
2301 2171 2372 2258 ff),
2439 2183 2651 2243 tamen
2718 2198 2973 2264 semper
3032 2196 3101 2242 33

707 2285 953 2344 restant
995 2301 1157 2364 quae
1205 2283 1272 2344 in
1320 2281 1422 2345 his
1470 2282 1761 2348 versibus
1800 2288 2017 2367 aperte
2057 2303 2207 2347 cum
2246 2285 2635 2368 scriptorum
2675 2287 2991 2350 memoria
3028 2282 3101 2346 de

713 2381 1050 2451 Gallorum
1098 2389 1574 2473 oppugnatione
1622 2387 1864 2454 Romae
1912 2387 2062 2453 anni
2111 2388 2241 2453 390
2287 2396 2601 2475 pugnent.

803 2491 1227 2578 Quaecunque
1276 2496 1448 2558 enim
1498 2495 1923 2580 discrepantia
1971 2501 2069 2560 est
2114 2496 2285 2581 apud
2324 2499 2537 2562 varios
2576 2477 2954 2584 scriptores,
2997 2498 3103 2582 qui

709 2599 871 2664 hanc
917 2621 1055 2665 rem
1101 2601 1392 2678 tradunt,
1441 2600 1744 2680 Livium,
1795 2601 2185 2680 Diodorum,
2236 2601 2691 2681 Plutarchum,
2754 2624 2981 2668 omnes
3038 2605 3102 2666 in

710 2705 828 2770 1133
875 2727 1002 2771 11110
1051 2712 1452 2792 congruunt,
1501 2705 1725 2773 Gallos
1773 2729 1809 2772 a
1855 2729 2013 2792 rupe
2056 2707 2327 2793 Tarpeia
2373 2707 2648 2774 deiectos
2687 2729 2855 2787 esse,
2902 2711 3104 2794 prius-

709 2832 904 2896 quam
966 2812 1402 2879 Romanorum
1465 2835 1858 2899 quemquam
1907 2799 2370 2882 trucidaverint
2396 2814 2469 2895 5).
2530 2815 2873 2880 Praeterea
2918 2817 2987 2879 in
3035 2833 3100 2878 re

708 2923 845 2982 tam
892 2917 1138 2984 illustri
1190 2921 1344 2985 haec
1400 2922 1683 2986 brevitas
1736 2921 2070 2999 narrandi,
2128 2942 2289 3006 quae
2345 2923 2414 2986 in
2470 2924 2763 2987 versibus
2825 2921 3102 2986 laudatis

706 3022 1024 3109 pellucere
1073 3026 1348 3105 videtur,
1389 3028 1565 3112 *quod
1612 3031 1928 3093 miremur
1975 3028 2187 3094 habet.

700 3199 704 3202 ,
796 3131 1020 3218 Itaque
1080 3135 1137 3198 si
1198 3155 1539 3212 numerus,
1605 3157 1800 3220 quem
1845 3135 1996 3200 libri
2044 3136 2362 3201 Macrobii
2412 3135 2712 3214 tradunt,
2760 3141 3101 3221 corruptus

777 3379 830 3443 1)
879 3379 1037 3428 Praei.
1080 3395 1186 3445 pag.
1235 3393 1386 3428 ctxxx
1431 3380 1558 3428 Nam
1609 3381 1663 3428 ut
1697 3382 1855 3444 poeta,
1888 3379 2016 3443 quod
2052 3379 2269 3444 plerique
2302 3381 2539 3438 statuunt,
2579 3378 2628 3428 in
2666 3395 2721 3428 eo
2756 3377 2882 3429 libro
2918 3383 3104 3445 praeter

708 3460 941 3510 Punicum
987 3460 1166 3510 bellum
1211 3461 1359 3511 etiam
1406 3460 1617 3510 Gallicos
1647 3462 1906 3521 tumultus,
1942 3463 1999 3510 de
2032 3461 2205 3526 quibus
2240 3461 2468 3524 Polybius
2504 3463 2654 3511 tradit
2692 3460 2775 3512 lib.
2810 3462 2865 3511 II
2900 3465 2967 3512 23
2986 3478 3104 3526 sqq„

704 3542 938 3606 tetigerit,
971 3546 1132 3593 tamen
1168 3559 1312 3607 quam
1346 3544 1396 3592 in
1433 3543 1516 3593 illo
1549 3542 1674 3592 bello
1712 3544 1842 3593 Galli
1876 3543 2173 3594 obtinuerint
2209 3560 2367 3594 arcem
2402 3560 2489 3608 ego
2524 3544 2709 3593 nullam
2740 3544 2951 3594 invenio.

704 3683 716 3692 ,
773 3626 831 3688 2)
879 3623 939 3674 ib.
991 3661 1002 3674 .
1023 3662 1034 3675 .
1057 3666 1068 3678 .
1106 3641 1134 3674 3
1169 3641 1272 3674 11133
1307 3625 1631 3690 disputatione
1664 3626 1906 3691 profectus
1940 3626 2029 3675 sibi
2065 3626 2300 3691 persuasit
2331 3625 2391 3674 iis
2427 3641 2521 3675 non
2556 3625 2822 3674 tumultum
2858 3626 3099 3675 Gallicum

703 3724 747 3756 3.
785 3708 884 3756 :364
919 3723 962 3757 3.
999 3725 1044 3756 u.
1079 3711 1125 3756 c.‘
1153 3708 1233 3756 sed
1266 3708 1366 3757 eius
1399 3708 1637 3758 tumultus
1671 3708 2049 3758 recordationem
2083 3709 2271 3768 referri,
2306 3724 2450 3773 quam
2486 3707 2669 3757 Gallica
2703 3707 2828 3757 bella
2864 3709 3101 3757 Punicum

704 3789 918 3854 primum
952 3789 1236 3855 excipientia
1272 3827 1285 3840 .
1305 3829 1316 3839 .
1339 3827 1352 3840 .
1382 3789 1520 3840 facile
1555 3791 1788 3841 suscitare
1820 3791 2079 3856 potuerint.

775 3875 830 3937 3)
876 3872 940 3922 ib.
991 3909 1004 3923 .
1024 3908 1036 3920 .
1057 3910 1068 3923 .
1104 3873 1155 3922 in
1189 3872 1264 3922 his
1299 3872 1636 3934 obsidionibus,
1673 3890 1791 3938 quas
1824 3873 1866 3923 si
1898 3874 2083 3923 Ennius
2117 3873 2423 3934 memoravit,
2458 3873 2509 3922 in
2544 3876 2709 3923 octavo
2746 3871 2911 3937 potius
2945 3871 3105 3922 annali

706 3969 996 4003 memorasse
1030 3971 1176 4019 quam
1214 3954 1264 4003 in
1300 3955 1502 4020 septimo
1540 3955 1782 4006 videatur.
2568 3971 2579 3976 ⁸

772 4038 830 4100 4)
864 4036 926 4085 ib.
967 4038 1178 4101 Denique
1217 4037 1486 4087 Muellerus
1520 4038 1645 4088 nihil
1681 4038 1799 4087 dicit
1831 4037 1925 4087 nisi
1960 4037 2178 4087 Enniana
2214 4041 2404 4103 sumpta
2440 4053 2539 4087 esse
2575 4052 2630 4086 ex
2665 4036 2907 4101 incognito
2943 4037 3103 4100 aliquo

699 4117 907 4167 embolin
937 4134 1098 4169 rerum
1132 4119 1446 4180 Gallicarum,
1479 4137 1596 4185 quas
1617 4121 1844 4186 'primum
1879 4120 2059 4170 bellum
2097 4120 2671 4184 Punicum'insequentes
2704 4120 2885 4168 Ennius
2918 4119 2971 4168 iu
3006 4135 3107 4184 sep-

706 4201 826 4249 timo
862 4201 1164 4252 exhibuisset.
2256 4221 2258 4224 ⁴

772 4285 830 4348 4)
865 4284 1000 4332 Conf.
1040 4283 1179 4332 Diod.
1217 4285 1312 4336 Sic.
1349 4284 1481 4345 XIV,
1518 4287 1629 4345 116,
1651 4287 1703 4344 ὃς
1748 4285 1880 4335 Ρ1111.
1918 4302 1963 4335 v.
1998 4283 2191 4335 Camilli
2228 4283 2443 4344 XXVII,
2480 4284 2585 4333 Liv.
2622 4284 2681 4344 V,
2716 4285 2967 4345 47,4-—6.

779 4368 826 4425 5)
862 4365 970 4414 Cilo
1005 4365 1316 4416 Plutarchum
1349 4369 1431 4432 qui
1467 4369 1534 4418 l.l.
1568 4369 1746 4418 diserte
1776 4368 1917 4416 dicit:
1955 4365 2089 4416 ὥστε
2121 4367 2239 4425 τοῦς
2269 4366 2495 4429 πρώτους
2524 4365 2813 4428 ἁψαμένους
2832 4370 2927 4415 τῶν
2948 4364 3102 4427 ἄκρων

708 4445 796 4495 καὶ
829 4445 1318 4510 διασκευασαμένους
1353 4447 1466 4498 ὅσον
1503 4448 1590 4500 οὐκ
1623 4449 1713 4507 ἤδη
1750 4452 1843 4498 τοῦ
1879 4449 2316 4512 προτειχίσματος
2344 4447 2597 4498 ἅπτεσθαι
2630 4447 2717 4498 καὶ
2745 4449 2853 4506 τοῖς
2878 4446 3099 4513 ,φύλαξιν

709 4525 979 4590 ἐπιχειρεῖν
1013 4528 1348 4592 κοιμωμένοις.
