3392 5384
1434 382 1750 432 nonnus.
2641 366 2772 433 231

471 549 632 616 Ibid.
685 549 772 615 20
857 550 940 615 Di
998 556 1286 618 vostram
1350 550 1575 627 fidem,
1640 551 1868 634 quanti
1931 555 2029 614 est
2098 547 2352 636 sapere!
2399 550 2772 636 Numquam

381 657 636 734 accede,
686 659 841 742 quin
886 659 997 722 abs
1045 663 1109 723 te
1154 658 1377 723 abeam
1424 657 1667 722 doctior
2307 671 2327 683 ⁵

471 763 565 842 (4)
613 764 782 828 Mire
827 766 965 848 egit
1010 785 1344 849 personam
1393 763 1772 829 admirantis
1820 783 1933 848 per
1988 765 2226 828 trinam
2281 763 2772 850 apostropham:

380 869 459 934 ad
522 870 703 948 deos,
771 870 881 948 „di
927 891 988 938 v.
1040 867 1186 950 f.!’',
1244 857 1331 936 'ad
1394 891 1461 936 se
1507 872 1724 953 ipsum
1778 890 1881 954 „q.
1932 891 1985 934 e.
2037 869 2158 947 s.'',
2209 869 2287 934 ad
2335 869 2617 935 militem
2667 894 2772 950 „n.

380 997 439 1041 a.
489 977 594 1061 q.''
637 983 786 1042 cett.

471 1083 910 1168 Apostrophae
969 1085 1163 1148 nimis
1213 1083 1405 1168 longe
1454 1084 1816 1168 quaesitae:
1913 1081 2224 1147 Eiusdem
2272 1089 2370 1148 est
2414 1083 2548 1164 (1):
2603 1083 2774 1164 „Qui

379 1191 504 1253 scis
550 1210 630 1254 an
676 1209 839 1274 quae
883 1190 1143 1255 iubeam
1191 1191 1330 1261 sine
1376 1192 1446 1254 vi
1494 1189 1726 1253 faciat''
1779 1194 1844 1254 et
1890 1189 2010 1254 hoc
2057 1191 2260 1254 mire:
2311 1211 2439 1254 non
2483 1189 2770 1267 „velim”

378 1293 490 1360 sed
554 1295 921 1372 „iubeam’'.
1105 1295 1266 1362 Don.
1332 1295 1428 1377 (2)
1481 1294 1830 1373 „Iubeam”
1882 1294 2084 1360 velim
2106 1344 2123 1373 ,
2173 1302 2250 1360 ut
2299 1298 2532 1374 „iubeo
2583 1294 2775 1364 Chre-

378 1402 663 1466 metem''
722 1401 947 1482 (Andr.
1013 1401 1108 1468 111
1172 1401 1233 1467 3.
1272 1402 1357 1482 l).
1541 1401 1758 1488 Igitur
1819 1401 2080 1466 scholiis
2142 1401 2450 1468 Donateis
2512 1402 2608 1485 (2)
2674 1403 2771 1485 (3)

378 1529 555 1593 prae·
599 1516 666 1574 et
709 1511 1078 1593 postposuit
1122 1530 1259 1583 sua,

472 1613 633 1680 Ibid.
684 1613 771 1678 24
842 1613 894 1679 Τ
912 1615 1019 1680 1ιι·.
1083 1614 1354 1702 Rogitas
1374 1664 1388 1681 .
1450 1635 1611 1700 quae
1675 1615 1842 1680 mihi
1887 1621 2034 1680 ante
2081 1616 2297 1682 oculos
2343 1637 2558 1682 coram
2604 1638 2774 1684 ama-

378 1725 592 1786 torem
638 1719 964 1786 adduxisti
1010 1718 1243 1786 tuum?

468 1825 565 1905 (2)
616 1826 850 1891 Utrum
897 1827 1299 1914 significatur
1343 1829 1639 1912 ineptum
1671 1827 1720 1907 ¹)
1769 1827 2003 1894 militis
2053 1828 2302 1893 dictum
2351 1837 2530 1909 (an)
2575 1841 2768 1908 „ante

378 1931 638 1998 oculos''
680 1927 907 1998 'minus
954 1942 1053 1998 est
1098 1953 1294 2018 quam
1345 1930 1691 2010 „coram''?
1853 1932 1950 2014 (3)
1998 1933 2218 1999 Potest
2269 1942 2460 2012 „ante
2509 1934 2768 2001 oculos''

377 2045 443 2104 et
487 2037 733 2125 longe
776 2038 1108 2126 intellegi:
1164 2040 1461 2117 „coram”
1513 2041 1712 2104 etiam
1760 2043 2244 2125 proximitatem
2290 2042 2630 2126 significat.

468 2144 703 2210 Donati
762 2148 1202 2229 quaestionem
1248 2148 1315 2209 in
1362 2145 1461 2226 (2)
1507 2148 1734 2210 inscite
1783 2151 2003 2226 („ante
2051 2145 2308 2212 oculos''
2361 2173 2440 2198 =
2486 2147 2768 2235 longe)

374 2251 575 2317 solvit
632 2251 878 2316 Editor.
995 2249 1301 2318 Ceterum
1363 2252 1575 2316 confer
1636 2251 1801 2316 Don.
1851 2252 1970 2316 Ad.
2020 2251 2084 2316 II
2132 2251 2194 2316 4.
2223 2252 2262 2316 5
2312 2252 2438 2334 (2):
2491 2252 2767 2332 „Coram

374 2360 442 2422 in
505 2378 575 2422 os
627 2356 932 2423 laudare''
983 2378 1197 2422 coram
1244 2357 1323 2423 ad
1369 2360 1585 2442 ipsum
1631 2360 1912 2443 pertinet
1958 2360 2070 2443 qui
2116 2357 2376 2436 laudat,
2425 2366 2489 2424 et
2535 2359 2613 2424 ad
2659 2381 2767 2424 eos

374 2466 487 2550 qui
532 2464 838 2544 audiunt3
892 2466 1001 2542 „in
1044 2463 1156 2529 os’'
1199 2463 1277 2528 ad
1317 2466 1535 2549 ipsum
1574 2465 1687 2548 qui
1724 2462 2046 2529 laudatur.
2097 2463 2223 2529 Ubi
2259 2465 2486 2530 Editor
2524 2466 2761 2532 denuo:

376 2569 477 2652 (3)
539 2571 704 2637 Nam
768 2591 982 2636 coram
1045 2569 1301 2647 laudat,
1365 2572 1477 2654 qui
1538 2591 1663 2634 non
1713 2576 1881 2635 tacet
1926 2569 2097 2655 apud
2145 2570 2304 2636 alios
2349 2580 2413 2637 et
2459 2573 2579 2637 hoc
2625 2574 2766 2658 agit

372 2698 500 2743 non
546 2699 660 2762 per
705 2675 1086 2761 epistulam,
1133 2677 1245 2742 sed
1270 2673 1426 2761 'ipse
1474 2697 1772 2761 praesens
1786 2697 1804 2755 3
1862 2679 1970 2754 „in
2017 2675 2128 2741 os’'
2179 2679 2292 2761 qui
2337 2677 2509 2764 apud
2546 2681 2758 2764 ipsum

369 2783 659 2868 loquitur
704 2804 896 2868 quem
944 2782 1286 2848 collaudat.

462 2889 622 2955 Ibid.
674 2888 759 2954 33
831 2888 1209 2956 Diminuam
1256 2910 1376 2975 ego
1424 2897 1616 2974 caput
1665 2895 1856 2954 tuum
1903 2889 2093 2954 hodie
2139 2891 2264 2955 nisi
2311 2892 2447 2955 abis

463 2996 562 3076 (1)
609 2995 940 3061 Rusticius
988 2996 1152 3061 dixit
1202 3018 1297 3073 „c.
1347 3003 1537 3061 tuum
1586 2996 1691 3060 d.'’
1741 3018 1939 3081 quam
1981 2999 2037 3061 si
2076 2997 2314 3062 diceret
2356 2997 2458 3074 „d.
2502 2997 2621 3062 tibi
2660 2997 2760 3062 c.''

484 3100 941 3170 Commentum
1006 3106 1114 3167 vix
1184 3124 1408 3168 verum
1470 3101 1990 3187 Interpolatoris3
2059 3105 2245 3168 cuius
2308 3102 2554 3169 similes
2613 3105 2762 3170 vide

370 3209 824 3294 explicationes
886 3209 981 3274 111
1040 3209 1102 3274 2.
1134 3208 1297 3289 3(3)
1359 3214 1423 3273 et
1483 3208 1571 3273 IV
1630 3208 1691 3273 6.
1723 3207 1804 3273 31
1836 3207 1933 3289 (4)
2075 3208 2372 3275 Editores
2433 3210 2623 3276 hodie
2685 3232 2762 3276 ex

368 3314 768 3382 Victoriano:
818 3315 1197 3381 Diminuam
1248 3336 1367 3401 ego
1415 3315 1536 3379 tibi
1582 3319 1796 3399 caput.

461 3421 623 3488 Ibid.
672 3421 757 3487 35
828 3424 1157 3508 Principio
1206 3422 1345 3487 dico
1392 3442 1536 3487 eam
1584 3441 1719 3485 esse
1766 3419 2037 3486 liberam
2080 3470 2094 3487 .
2127 3468 2141 3485 .
2173 3469 2187 3485 .
2231 3423 2439 3488 civem
2479 3424 2763 3490 Atticam

422 3577 437 3595 .
466 3579 481 3596 .
526 3551 735 3595 meam
782 3551 1085 3596 sororem.

464 3635 562 3716 (5)
607 3635 824 3701 Bonus
872 3636 1059 3702 ordo:
1105 3634 1337 3714 libera,
1386 3637 1581 3713 civis,
1622 3633 1875 3699 nobilis.
2016 3633 2437 3721 Suspectum3
2480 3636 2557 3702 cf.
2596 3637 2764 3704 infra

372 3741 427 3806 V
477 3743 538 3808 4.
566 3741 654 3834 39
678 3742 795 3822 (2).

463 3848 624 3914 Ibid.
676 3847 761 3914 59
832 3847 959 3913 Hic
1004 3848 1164 3913 furti
1204 3870 1270 3914 se
1320 3846 1549 3934 alligat

461 3955 560 4036 (2)
622 3953 879 4021 Gnatho
939 3957 1333 4020 occasionem
1390 3953 1652 4020 finiendi
1699 3953 1902 4040 litigii
1951 3953 2333 4018 iamdudum
2383 3957 2632 4038 quaerit
2680 3957 2762 4020 ob

370 4061 758 4127 desiderium
822 4082 1076 4126 mensae
1124 4068 1189 4126 et
1236 4062 1361 4127 cibi
1410 4067 1531 4140 (vs.
1583 4059 1744 4142 815)
1794 4067 1856 4125 et
1901 4058 2044 4125 ideo
2091 4061 2274 4145 quasi
2319 4058 2395 4123 de
2438 4062 2580 4126 iure
2625 4083 2765 4126 con·

368 4167 592 4234 silium
658 4170 994 4253 suggerit,
1061 4169 1230 4232 hunc
1294 4190 1479 4234 reum
1541 4168 1702 4232 furti
1765 4187 1897 4232 esse
1944 4187 2163 4252 posse,
2211 4168 2322 4250 qui
2367 4174 2630 4252 paratus
2675 4172 2762 4234 sit

368 4274 646 4341 alienam
709 4295 844 4338 rem
912 4295 1096 4339 suam
1160 4274 1368 4340 dicere
1431 4281 1495 4340 et
1556 4274 1623 4338 id
1684 4276 1755 4338 in
1813 4275 1956 4339 iure
2020 4272 2337 4362 profiteri3
2388 4311 2474 4322 --
2523 4276 2628 4342 hoc
2676 4283 2763 4343 est

439 4504 497 4572 1)
533 4503 612 4554 Sic
646 4503 901 4570 legendum
937 4502 1126 4552 videtur
1161 4517 1250 4568 pro
1291 4499 1523 4570 „inepti”-
