3392 5384
541 103 566 128 ο
1209 127 1215 130 .
3247 105 3252 142 Ξ

3249 153 3256 200 Ξ

1367 500 1678 548 nonnus.
2632 479 2717 546 33

413 668 599 735 Ibid.
643 667 728 732 48
754 670 852 749 (2)
899 667 985 732 Et
1026 669 1181 732 bene
1225 664 1559 744 „credam”
1602 665 1951 730 secundum
1988 662 2153 728 illud
2190 670 2310 744 (vs.
2354 663 2468 745 21)
2505 666 2727 749 „potin

347 781 442 840 est
486 775 592 838 hic
631 777 835 839 tacere
855 770 922 837 ?’'
1884 771 1892 786 ⁴

440 880 802 944 Absurdam
852 877 1223 943 relationem
1270 878 1349 942 ad
1393 898 1488 942 vs.
1539 876 1620 940 21
1672 879 1902 942 merito
1948 878 2323 962 proscripsit
2368 875 2520 941 Sab
2537 877 2599 941 b.

446 985 605 1050 Ibid.
677 982 763 1048 50
785 985 880 1063 (l)
943 983 1127 1060 „Hoc
1187 982 1404 1068 agite'’
1468 1004 1582 1067 pro
1628 983 1929 1048 adverbio
1976 985 2521 1067 corripientisxest
2566 983 2732 1065 posi-

347 1099 490 1155 tum
515 1139 530 1168 ‚
582 1127 666 1139 -
717 1095 830 1154 aut
889 1095 1056 1154 certe
1117 1110 1231 1174 pro
1277 1088 1718 1153 adhortatione
1764 1087 2121 1153 audientiae
2170 1087 2587 1172 praebendae;
2642 1089 2731 1150 sic

353 1194 627 1260 Plautus
691 1197 892 1275 (Asin.
959 1193 1115 1279 prol.
1186 1193 1248 1274 1)
1314 1194 1474 1271 „hoc
1536 1196 1710 1279 agite
1772 1196 1828 1258 si
1873 1191 2093 1271 vultis,
2143 1190 2596 1277 spectatores''.
2648 1229 2731 1240 —-

355 1299 450 1382 (2)
513 1307 576 1366 01
638 1301 936 1366 convenit
996 1297 1208 1364 veluti
1251 1295 1430 1363 ‘nutu
1491 1299 1886 1364 audientiam
1948 1298 2369 1384 significantis
2432 1303 2496 1363 et
2542 1303 2736 1384 gestu

358 1407 476 1472 hoc
514 1408 730 1490 ipsum
769 1405 1085 1469 adiuvari.
1133 1441 1218 1452 -—
1268 1403 1365 1483 (3)
1405 1402 1477 1467 Id
1518 1409 1646 1470 est:
1689 1402 1854 1468 illud
1880 1404 2149 1468 desinite
2174 1404 2381 1490 011100
2405 1403 2732 1468 attendite.

443 1509 1007 1595 Interpolationem
1067 1509 1348 1574 Editoris
1404 1509 1685 1575 indicavi
1746 1509 2031 1587 lineolis,
2103 1511 2339 1595 partim
2403 1509 2736 1574 confictam

354 1639 432 1682 ex
495 1617 611 1697 (2),
681 1618 922 1700 partim
985 1637 1020 1680 0
1082 1615 1240 1680 Don.
1305 1615 1383 1680 ad
1447 1616 1640 1680 Andr.
1704 1616 1736 1679 I
1796 1617 1858 1680 2.
1891 1614 1970 1679 15
1998 1616 2113 1696 (l),
2180 1616 2290 1680 ubi
2352 1617 2589 1680 citatur
2632 1617 2737 1680 hic

355 1721 536 1786 locus
597 1727 662 1786 01
711 1719 1083 1806 exemplum
1129 1720 1382 1798 Plauti,
1431 1742 1503 1785 ac
1546 1725 1769 1806 gestus
1815 1723 1906 1785 sic
1952 1720 2285 1785 definitur:
2336 1719 2739 1786 Demonstra-

359 1829 491 1892 tive
541 1825 724 1892 velut
772 1847 992 1891 aurem
1040 1847 1223 1890 suam
1268 1831 1557 1912 tangens.

446 1932 656 1998 Sobel.
721 1932 818 2013 (3)
891 1939 988 1998 est
1057 1953 1134 1997 ex
1206 1933 1658 1998 additamentis
1727 1955 1841 2018 per
1899 1933 1971 1995 id
2030 1940 2118 1996 est
2178 1935 2321 1997 sim.
2386 1931 2461 1997 de
2510 1933 2741 2017 quibus

354 2045 609 2124 postea3
661 2039 1102 2124 suppeditavit
1146 2039 1264 2103 hoc
1312 2039 1574 2104 fortasse
1623 2038 1792 2124 quod
1838 2037 1915 2102 D.
1972 2037 2145 2103 dedit
2188 2039 2251 2102 II
2301 2037 2361 2102 3.
2391 2035 2476 2102 57
2501 2036 2617 2117 (5).

446 2144 661 2229 Igitur
723 2146 820 2224 (1)
869 2149 934 2208 01
980 2143 1074 2224 (2)
1123 2143 1321 2208 schol.
1371 2146 1749 2210 continuum
1798 2142 1875 2208 D.
1949 2142 2179 2208 Sabb.
2228 2163 2556 2228 perperam
2608 2163 2747 2227 pro-

363 2250 612 2334 scripsit
658 2248 776 2329 (2).

309 2403 329 2415 .
452 2353 614 2418 Ibid.
661 2352 746 2417 59
794 2353 865 2418 Si
912 2352 1102 2420 fidem
1152 2355 1377 2419 habeat

457 2457 550 2538 (2)
611 2459 752 2524 Hoc
799 2464 898 2524 est
945 2462 999 2523 si
1051 2460 1282 2524 faciam
1335 2458 1613 2544 aliquid,
1661 2459 1831 2524 unde
1880 2459 2093 2524 credat
2143 2480 2208 2524 se
2257 2460 2378 2522 tibi
2423 2459 2745 2542 praeponi.

362 2563 468 2628 Sic
529 2562 631 2640 D.,
703 2566 884 2628 cuius
950 2565 1402 2648 compendium
1467 2565 1640 2644 dedit
1699 2567 2011 2650 magister
2074 2562 2305 2648 aliquis
2366 2566 2468 2628 in:
2534 2562 2629 2643 (3)
2694 2565 2746 2626 si

362 2669 612 2734 credere
677 2675 964 2754 cogatur.
1048 2749 1054 2755 ⁸
1105 2669 1448 2753 Sequitur:
1513 2668 1608 2748 (4)
1667 2669 1743 2732 Id
1804 2676 1900 2733 est
1946 2672 2001 2733 si
2047 2669 2293 2734 credat:
2340 2669 2509 2733 unde
2554 2667 2753 2732 fide-

360 2776 641 2839 iussor
689 2775 944 2852 dicitur,
997 2777 1114 2839 hoc
1155 2781 1252 2840 est
1294 2780 1513 2839 auctor
1550 2775 1865 2840 credendi.
1962 2776 2251 2861 Agnosco
2289 2774 2411 2852 IP‚
2455 2776 2530 2840 de
2570 2777 2752 2839 cuius

363 2882 601 2966 etymis
665 2885 730 2944 et
791 2881 1135 2946 verborum
1186 2880 1661 2946 definitionibus
1710 2880 1856 2946 vide
1904 2880 2350 2966 exemplorum
2398 2885 2626 2946 seriem
2675 2880 2754 2944 ad

369 2985 558 3050 Andr.
622 2988 688 3049 in
752 2986 999 3050 Mnem.
1065 2985 1321 3050 XXXII
1382 3007 1442 3070 p.
1498 2985 1628 3050 219
1656 3008 1791 3072 sqq.
1930 2987 2137 3052 Miror
2183 2987 2415 3052 Sabb.
2463 2990 2754 3052 reiecisse

368 3097 730 3154 accuratam
778 3091 1012 3156 Donati
1057 3093 1648 3176 interpretationem
1696 3094 1763 3156 in
1812 3092 1907 3172 (2)
1956 3098 2021 3157 01
2058 3094 2354 3177 probasse
2395 3091 2490 3173 (3)
2531 3100 2594 3158 et
2638 3091 2753 3172 (4).

463 3195 624 3260 Ibid.
676 3195 762 3261 '70
788 3218 878 3281 sq.
906 3197 1168 3262 vAdiuta
1216 3218 1355 3275 me,
1408 3220 1530 3282 quo
1575 3199 1643 3262 id
1689 3198 1801 3263 fiat
1849 3198 2137 3263 facilius:
2188 3197 2339 3264 Sine
2386 3198 2581 3263 illum
2632 3201 2757 3283 pri·

376 3321 512 3366 ores
558 3306 769 3387 partes
813 3304 1004 3367 hosce
1051 3301 1295 3387 aliquot
1341 3303 1474 3367 dies
1521 3303 1691 3388 apud
1740 3324 1844 3368 me
1889 3304 2121 3368 habere
2695 3386 2697 3388 Ψ

465 3407 625 3472 Don.
681 3404 760 3472 '71
791 3407 887 3488 (1)
935 3407 1175 3472 Blande
1227 3406 1401 3483 „sine
1446 3406 1705 3487 illum'’,
1755 3413 2085 3493 tamquam
2133 3410 2199 3473 in
2249 3431 2445 3474 manu
2473 3411 2761 3473 ·eius·sit

374 3515 680 3576 iniuriam
727 3534 852 3576 non
900 3515 1035 3598 pati
1083 3519 1146 3577 et
1186 3511 1438 3576 excludi
1477 3511 1773 3578 militem.
1915 3513 2176 3578 Addidit
2214 3514 2315 3578 IP
2353 3535 2465 3599 per
2502 3537 2619 3578 non
2655 3516 2763 3577 sed

374 3619 660 3702 ineptam
723 3616 786 3682 h.
835 3616 878 3681 1.
944 3617 1399 3682 differentiam:
1462 3639 1586 3682 non
1635 3620 1808 3683 enim
1859 3619 2021 3682 dixit
2071 3618 2247 3696 „fer”
2294 3625 2407 3684 aut
2457 3617 2758 3704 „patere”

379 3723 488 3788 sed
536 3721 780 3800 „sine”.

471 3827 570 3892 Ex
632 3848 705 3891 eo
766 3827 933 3912 quod
985 3831 1276 3913 sequitur
1322 3828 1584 3893 Donati:
1635 3829 1733 3908 (2)
1781 3828 2067 3894 Honeste
2114 3828 2647 3913 circumloquitur
2695 3833 2763 3893 et

378 3933 686 4009 oratorie,
755 3954 833 3997 ne
898 3931 1067 3996 dicat
1134 3933 1279 4008 „abi
1342 3932 1547 3996 foras'’
1611 3939 1803 4018 atque
1865 3933 2160 4011 „excludi
2208 3939 2271 3997 te
2318 3932 2598 4017 patere’'‚
2664 3931 2763 3995 IP

385 4037 570 4101 finxit
631 4035 717 4103 '70
743 4036 843 4120 (2)
905 4038 1077 4101 Mira
1136 4040 1412 4102 coactio:
1479 4059 1635 4123 „pro
1698 4043 1915 4124 patere
1959 4036 2255 4103 excludi''
2310 4037 2570 4115 „adiuta
2616 4035 2763 4102 me”

383 4141 566 4207 dixit.
2506 4141 2571 4206 S.
2620 4163 2671 4207 c.

480 4246 642 4311 Ibid.
695 4243 779 4311 '74
825 4246 1105 4312 Tandem
1153 4247 1476 4332 perdoluit
1491 4270 1507 4327 ;
1559 4250 1662 4314 vir
1710 4270 1795 4314 es.

480 4349 642 4416 Don.
701 4351 797 4432 (4)
856 4351 1204 4439 Eleganter
1265 4356 1540 4419 variavit
1598 4375 1930 4439 personas,
1982 4352 2322 4417 secundam
2376 4358 2439 4416 et
2486 4355 2766 4418 tertiam.

386 4455 488 4521 IP
539 4457 745 4522 denuo
792 4461 1024 4523 otiose:
1085 4458 1180 4543 (5)
1228 4480 1356 4524 11011
1405 4459 1648 4545 „puer”
1697 4481 1865 4524 nunc
1914 4479 2016 4537 es,
2066 4458 2175 4523 sed
2221 4461 2353 4522 iam
2406 4457 2611 4536 „vir’',
2660 4463 2772 4544 qui

386 4564 791 4627 meretricem
837 4565 1212 4628 contemnis.

2445 4685 2474 4730 3
