3392 5384
1129 436 1213 483 nn
1258 434 1578 485 summme
1622 436 1942 514 mmmm.
2586 419 2719 485 383

335 606 476 676 Διὸς
529 610 624 668 est
671 601 966 686 Euripidi
1011 599 1321 681 (Im-871.
1371 599 1612 665 Melan.
1663 600 1741 665 fr.
1786 598 1964 681 487),
2016 607 2078 665 et
2126 622 2517 689 quamquam
2570 625 2724 689 quo-

328 714 701 795 tiescunque
763 714 1060 773 naturam
1123 729 1341 795 rerum
1388 714 1644 774 aeterna
1693 704 1830 773 vita
1876 708 2210 774 florentem
2259 715 2531 790 tractat,
2579 732 2723 798 my-

328 816 652 903 thologiae
699 816 1098 901 imaginibus
1144 836 1300 879 usus
1350 815 1626 879 Aethera
1670 820 1923 899 patrem
1964 814 2189 901 fingit,
2232 819 2344 901 qui
2383 837 2459 881 ex
2506 815 2721 896 Terra,

329 921 530 988 altera
569 923 684 987 dea
723 922 831 987 sed
875 920 1149 986 Aethere
1197 927 1377 1006 patre
1423 921 1759 999 inferiore,
1809 924 2023 986 omnia
2069 926 2417 1011 progignat
2464 922 2721 1013 (Chrys.

329 1030 406 1094 fr.
471 1027 624 1094 839.
687 1028 764 1095 fr.
814 1030 936 1092 inc.
989 1026 1168 1109 898),
1233 1048 1426 1093 verus
1484 1027 1660 1091 Deus
1726 1033 1790 1092 et
1854 1049 2151 1094 summus
2214 1034 2271 1097 is
2333 1032 2392 1097 ei
2455 1038 2553 1098 est
2609 1035 2725 1118 qui

329 1141 543 1200 mente
592 1134 918 1221 praeditus
962 1136 1030 1197 in
1077 1134 1334 1199 aethere
1381 1118 1627 1219 regnatss
1678 1134 1902 1220 Itaque
1950 1156 2096 1200 cum
2146 1137 2371 1222 procul
2419 1139 2610 1205 dnbio
2656 1141 2725 1204 in

327 1240 657 1307 nonnullis
718 1242 950 1307 merito
1012 1238 1352 1326 Euripides
1417 1242 1877 1327 Anaxagoreus
1915 1242 2205 1322 dicatur,
2268 1247 2334 1309 in
2398 1246 2517 1311 hac
2574 1268 2641 1312 re
2691 1268 2728 1311 a

329 1352 736 1434 praeceptore
799 1346 1091 1412 declinat.
1157 1346 1257 1412 Ita
1317 1352 1392 1411 ut
1452 1346 1773 1433 Diogenes
1818 1347 2257 1434 Apolloniates
2305 1356 2469 1416 Νοῦν
2514 1354 2731 1417 inhae—

330 1460 580 1520 rentem
619 1460 682 1519 et
721 1454 967 1519 aetheri
1005 1458 1070 1518 et
1108 1454 1476 1520 hominibus
1515 1455 1885 1539 accipiebat.
1936 1455 2301 1522 Heraclitea
2336 1458 2441 1523 hic
2482 1460 2729 1525 Anaxa-

335 1562 549 1647 goreis
609 1560 1060 1625 admiscentur.
1124 1560 1195 1625 Id
1259 1560 1527 1626 fortasse
1580 1564 1794 1626 innuit
1842 1551 2305 1630 Hecuba'cum
2354 1564 2547 1631 deum
2597 1570 2731 1631 νοῦν

337 1666 568 1746 βροτῶν
631 1665 804 1732 dicit.
868 1666 1030 1733 Sane
1092 1666 1284 1732 deum
1347 1668 1713 1753 praeditum
1778 1689 1913 1734 esse
1976 1670 2165 1747 λόγου
2215 1674 2284 1737 vi
2331 1672 2553 1738 eadem
2604 1694 2730 1759 qua

336 1772 630 1838 homines
669 1762 952 1859 cogitent
993 1775 1361 1859 vivantque,
1405 1774 1672 1858 putabat
1695 1772 1811 1839 ille
1838 1777 2417 1860 qui‘pronuntiavit
2442 1779 2519 1845 fr.
2551 1779 2727 1844 1018

701 1880 726 1943 ὃ
777 1884 903 1953 νοῦς
955 1880 1080 1960 γὰρ
1130 1882 1296 1957 ἡμῶν
1343 1882 1506 1944 ἐστιν
1556 1882 1616 1944 ἕν
1665 1880 1906 1962 ἑκάστῳ
1956 1882 2119 1961 θεός,

336 1985 534 2071 (quod
583 2006 660 2051 ex
708 1988 910 2072 ipsius
957 1992 1178 2073 poetae
1227 1995 1444 2053 mente
1492 1990 1735 2073 optime
1780 1991 2241 2075 interpretatur
2278 1988 2499 2058 Cicero
2539 1990 2727 2061 Tusc.

336 2093 367 2158 I
415 2092 675 2158 26.25:
740 2094 796 2157 si
860 2092 1016 2158 deus
1079 2100 1192 2158 aut
1253 2096 1466 2159 anima
1530 2100 1624 2159 est
1687 2100 1801 2159 aut
1848 2098 2055 2182 ignis,
2105 2096 2278 2162 idem
2327 2104 2424 2164 est
2470 2101 2729 2164 animus

335 2200 616 2265 hominis
663 2205 812 2280 etc.)
824 2220 841 2279 ;
893 2200 1015 2265 hoc
1062 2205 1160 2269 est
1199 2200 1367 2285 quod
1407 2200 1709 2265 disertius
1750 2201 2067 2287 significat
2109 2202 2442 2283 Theonoe,
2496 2204 2729 2270 mulier

335 2308 428 2371 rei
499 2306 750 2372 divinae
821 2307 1213 2391 peritissima
1281 2308 1351 2371 in
1414 2304 1564 2375 Hel.
1629 2328 1727 2373 vs.
1782 2306 1957 2372 1014
2005 2346 2091 2356 —
2139 2311 2431 2375 versibus
2489 2313 2729 2377 iniuria

338 2412 525 2478 hodie
575 2413 896 2477 damnatis
947 2448 1031 2460 -

2063 2520 2090 2584 ὃ
2140 2526 2273 2593 νοῦς

701 2632 817 2690 τῶν
867 2625 1286 2690 κατθανόντων
1333 2624 1406 2707 ζῇ
1456 2624 1707 2703 μὲνοῦ,
1759 2627 2006 2704 γνώμην
2058 2626 2109 2689 δ’
2159 2626 2295 2709 ἔχει

702 2731 1028 2809 ἀθάνατον,
1079 2732 1166 2803 εἷς
1213 2726 1515 2797 οἶθοίνατον
1568 2732 1752 2810 αἰθέρ’
1802 2733 2108 2808 ἐμπεσών.

429 2838 551 2904 Sed
613 2838 687 2903 de
743 2841 850 2905 via
897 2840 1186 2904 aberrare
1233 2838 1456 2905 videor
1503 2845 1567 2903 et
1618 2845 1824 2905 totam
1870 2840 2283 2927 Euripideam
2332 2840 2726 2929 theologiam

339 2967 650 3031 exponere
694 2945 884 3013 velle.
933 2946 1075 3011 Non
1122 2945 1487 3012 inconsulto
1537 2948 1849 3012 aberravi.
1900 2947 2159 3013 Scilicet
2207 2952 2385 3035 prius
2435 2956 2769 3019 nostrum..

338 3051 778 3137 fragmentum
846 3054 912 3116 in
983 3074 1108 3139 quo
1179 3059 1366 3138 poeta
1436 3055 1930 3140 Anaxagoreum
1997 3056 2150 3120 δῖνον
2214 3078 2339 3121 11011
2406 3057 2729 3141 praedicat

339 3157 599 3243 quidem
659 3160 767 3224 sed
821 3162 1079 3224 nomine
1135 3164 1317 3235 tenus
1383 3160 1733 3248 secundum
1788 3182 2033 3226 morem
2088 3184 2280 3227 suum
2335 3164 2441 3244 (cf.
2502 3161 2725 3229 Oadm.

339 3264 415 3328 fr.
460 3262 634 3329 448?
674 3265 808 3331 Alc.
852 3287 946 3330 vs.
975 3264 1128 3330 245.
1171 3266 1277 3330 Or.
1305 3264 1464 3345 982)
1501 3268 1823 3345 imitatur,
1866 3266 2021 3331 dum
2064 3268 2261 3333 simul
2286 3268 2729 3335 Heracliteum

340 3371 496 3457 quid
536 3372 834 3437 inmiscet
881 3393 1029 3437 cum
1080 3372 1270 3437 deum
1321 3392 1398 3436 ex
1445 3393 1510 3436 se
1549 3374 1686 3457 ipso
1728 3379 2123 3459 prognatum
2164 3380 2526 3460 nuncupat,
2572 3376 2733 3462 phy-

339 3480 534 3543 sicam
594 3466 724 3543 fere
770 3480 955 3543 unice
1002 3480 1248 3564 tangit,
1300 3479 1593 3543 terminis
1644 3483 1899 3557 autem,
1952 3486 2025 3544 ut
2072 3482 2489 3546 conveniebat
2536 3481 2728 3546 choro

340 3605 452 3649 seu
511 3587 818 3671 mystico,
885 3606 996 3651 seu
1053 3587 1454 3663 ἐναγίσματα
1505 3586 1757 3664 ferenti,
1806 3588 2018 3651 utitur
2064 3588 2193 3652 fere
2240 3589 2537 3674 mysticis
2551 3609 2568 3668 3
2620 3612 2731 3652 πυ-

341 3693 642 3773 θαγορίζει
705 3692 938 3758 chorus
995 3691 1108 3758 ille
1169 3691 1275 3758 vel
1339 3695 1393 3757 si
1458 3695 1666 3758 mavis
1728 3694 1960 3775 δρφίζει
2024 3699 2105 3759 et'
2137 3700 2268 3773 est,
2318 3695 2484 3779 quod
2533 3695 2730 3762 verbo

336 3800 470 3863 iam
517 3800 739 3863 monui
785 3819 1011 3883 supra,
1053 3798 1492 3864 memorabilis
1540 3800 1855 3886 quaedam
1903 3804 2322 3887 congruentia
2366 3807 2731 3867 nostrorum

338 3904 850 3990 fragmentorum
899 3925 1047 3969 cum
1093 3905 1340 3991 hymno
1389 3905 1664 3991 Orphico
1718 3906 1821 3971 12.
1852 3906 1889 3971 9
1942 3908 2055 3972 ubi
2103 3906 2416 3973 Hercules
2460 3906 2572 3973 ille
2620 3908 2730 3972 Or-

340 4011 682 4095 phicorum
729 4013 822 4076 ita
869 4008 1220 4078 salutatur:

704 4120 1061 4197 αὐτοφυής,
1111 4118 1412 4197 οὶκοέμας,
1462 4120 1648 4197 γαίης
1697 4118 2059 4197 βλάστημα
2111 4121 2397 4201 Φέριστον

703 4223 1099 4304 πρωτογόνοις
1152 4226 1444 4305 στροὲψας
1491 4226 1757 4306 βολίσιν,
1808 4228 2228 4304 μεγαλώνυμε
2278 4228 2512 4307 δαῖμον,

704 4328 764 4404 ὃς
816 4333 949 4410 περὶ
1000 4332 1175 4411 κρατὶ
1225 4340 1434 4412 Φορεῑς
1482 4336 1562 4409 ἠῶ
1615 4333 1718 4397 καὶ
1770 4332 1961 4399 νύκτα
2013 4336 2339 4411 μέλαιναν.

340 4438 659 4517 Quorsum
707 4438 925 4503 tendat
969 4438 1124 4503 haec
1171 4442 1324 4503 sat-is
1370 4438 1808 4506 memorabilis
1857 4442 2299 4507 convenientia
2346 4443 2454 4506 vix
2506 4441 2727 4507 obseu-

330 4566 498 4609 rum.
549 4546 959 4632 Pythagorea
1005 4549 1096 4625 (et
1143 4545 1573 4632 Pherecydea)
1626 4550 1994 4633 utriusque,
2047 4553 2182 4614 tam
2233 4547 2495 4634 Orphici
2545 4547 2726 4616 illius
