3392 5384
1352 405 1661 455 pommus.
2625 382 2703 447 11

433 572 713 656 Tempus
758 576 856 636 est
896 576 969 636 ut
1007 592 1166 656 quae
1203 572 1499 656 perhibui
1536 572 1693 656 ipsis
1735 567 2123 634 scholiorum
2162 566 2474 651 exemplis
2497 566 2714 632 ordine

317 677 777 742 demonstrem.
841 676 926 741 Et
995 679 1281 762 primum
1345 677 1605 760 quidem
1667 675 1837 751 dixi,
1902 675 2311 759 repetitiones
2375 694 2521 738 vere
2590 674 2708 738 hoc

320 785 581 847 nomine
628 783 855 868 dignas
899 803 1015 847 nec
1063 803 1433 847 numerosas
1479 803 1647 860 esse,
1696 801 1811 844 nec
1857 780 2086 844 referre
2134 780 2505 843 continuam
2552 779 2706 844 duo-

321 909 470 952 rum
514 889 852 952 hominum
898 908 1155 973 operam
1204 893 1640 952 commentum
1688 887 2188 970 excerpentium‚
2237 884 2312 948 de
2356 883 2458 946 his
2498 885 2704 969 igitur

322 996 456 1058 iam
501 994 824 1080 agendum
871 1000 987 1058 est.

1115 1183 1149 1266 ᾖ
1199 1181 1852 1270 lgRepetitione
1873 1201 1922 1244 s.

414 1368 883 1452 Repetitiones,
948 1368 1011 1431 h.
1054 1387 1108 1430 e.
1171 1365 1415 1431 scholia
1478 1385 1734 1450 prorsus
1797 1362 2056 1441 similia,
2106 1367 2476 1429 rarissimae
2524 1369 2713 1440 sunt,

316 1474 425 1539 sed
490 1477 686 1539 etiam
746 1473 873 1537 fere
935 1471 1177 1537 similia
1236 1475 1389 1536 satis
1450 1492 1607 1535 rara.
1675 1471 2015 1555 Leguntur
2072 1476 2185 1534 aut
2231 1470 2386 1534 locis
2436 1470 2703 1534 diversis

314 1585 429 1643 aut
477 1578 555 1642 ad
602 1577 877 1643 eundem
925 1600 1201 1642 versum.
1268 1577 1443 1644 Dabo
1491 1597 1652 1660 quae
1698 1579 1951 1662 repperi
1997 1579 2064 1639 in
2113 1578 2411 1641 omnium
2459 1574 2711 1641 fabula-

318 1705 470 1747 rum
522 1686 1000 1748 commentariis
1030 1682 1097 1759 ¹).

413 1907 468 1951 a.
526 1887 701 1950 Locis
746 1887 1025 1953 divercis.

409 2067 649 2133 Andr.
712 2067 743 2131 I
810 2069 869 2132 1.
898 2067 1108 2147 81(1)
1171 2068 1370 2133 Don.:
1440 2068 1746 2145 „Funus”
1795 2073 1892 2134 est
1937 2073 2173 2154 p'bmpa
2221 2071 2705 2152 exsequiarum,

317 2173 564 2236 dictum
604 2195 639 2237 a
678 2173 1040 2239 funalibus:
1089 2177 1331 2240 etenim
1379 2181 1563 2239 nocte
1610 2174 2030 2239 efferebantur
2074 2179 2336 2258 propter
2383 2193 2711 2237 sacrorum

320 2277 814 2343 celebrationem
878 2279 1195 2343 diurnam.
1380 2279 1485 2344 Sic
1544 2279 1850 2345 Donatus.
1919 2280 2088 2344 Hinc
2152 2281 2451 2365 magistri
2499 2278 2586 2343 88
2614 2279 2710 2358 (1)

327 2384 438 2458 „in
480 2377 733 2448 ’funus''
798 2386 866 2447 in
930 2405 1236 2468 pompam
1298 2387 1768 2468 exsequiarum.
1827 2385 1929 2465 (2)
1984 2387 2041 2447 A
2093 2384 2416 2450 funalibus
2463 2385 2711 2448 dictum

326 2492 457 2562 est,
523 2487 589 2550 id
652 2493 749 2551 est
813 2492 992 2552 uncis
1056 2496 1119 2552 et
1181 2488 1419 2553 aculeis
1465 2489 1986 2553 candelabrorum
2033 2511 2088 2554 e.
2116 2510 2174 2573 q.
2203 2511 2252 2554 s.
2459 2489 2587 2553 100
2614 2489 2712 2567 (2)

325 2592 606 2669 „funus”
668 2614 703 2657 a
766 2592 1091 2658 funalibus
1154 2594 1399 2658 dictum
1460 2601 1586 2672 est,
1659 2599 1735 2658 ut
1799 2615 1990 2681 supra
2053 2598 2457 2674 notavimus3
2508 2602 2572 2660 et
2617 2600 2714 2660 est

326 2698 603 2776 „funus”
652 2720 887 2784 pompa
924 2701 1389 2783 exsequiarum.

418 2805 575 2869 Vide
639 2825 799 2888 quae
876 2806 951 2870 de
1011 2807 1110 2870 his
1170 2807 1497 2892 disputavi
1545 2808 1792 2873 Mnem.
1845 2809 2097 2873 XXXII
2144 2832 2204 2894 p.
2257 2807 2387 2874 295
2437 2815 2502 2872 et
2551 2807 2704 2874 310.

326 2913 535 2978 Prava
594 2912 937 2996 derivatio·
968 2915 1034 2977 in
1096 2913 1183 2978 88
1208 2913 1304 2993 (2)
1365 2914 1681 2980 reddenda
1746 2921 1841 2979 est
1896 2914 2017 2994 IP,
2067 2923 2132 2979 et
2179 2916 2406 2989 eidem,
2458 2916 2701 2999 opinor,

326 3017 456 3082 100
480 3018 577 3100 (2)
638 3017 831 3082 funus
1033 3021 1422 3084 notavimus.
1609 3019 1882 3104 Reliqua
1928 3024 2201 3106 repetita
2248 3026 2400 3085 sunt
2448 3041 2484 3085 a
2532 3041 2705 3105 mag.

328 3126 593 3188 minore.

416 3229 447 3294 1
496 3228 557 3294 3.
588 3228 671 3293 13
735 3231 1054 3294 Amabant
1107 3236 1353 3295 veteres
1416 3231 1492 3295 de
1552 3234 1848 3315 proximo
1912 3232 2154 3296 similia
2214 3232 2419 3296 dicere
2479 3281 2494 3294 .
2526 3279 2540 3296 .
2573 3279 2586 3294 .
2647 3238 2713 3295 et

328 3334 589 3419 quidem
637 3337 692 3398 si
737 3337 805 3397 in
852 3335 1064 3398 verbis
1110 3341 1291 3411 sunt,
1334 3336 1641 3412 παρόμοιοι
1681 3336 2001 3412 dicuntur,
2031 3339 2183 3412 (si)
2216 3338 2283 3399 in
2322 3336 2710 3412 nominibus,

330 3441 803 3517 παρονομασίαι.
964 3438 1069 3503 Sic
1114 3439 1192 3504 D.
1245 3440 1413 3504 Hinc
1460 3443 1794 3526 magistri:
1845 3442 1876 3505 I
1916 3439 1976 3506 5.
2008 3439 2045 3506 7
2073 3441 2168 3521 (3)
2207 3441 2534 3521 παρόμοιον
2575 3440 2706 3522 (D).

324 3568 462 3609 nam
522 3543 792 3629 quotiens
853 3545 1031 3607 verba
1092 3553 1252 3623 sunt,
1318 3547 1548 3623 παρόμ.
1598 3547 1845 3624 dicitur,
1895 3547 2164 3632 quotient?
2207 3548 2448 3611 nomina
2495 3546 2705 3627 παρόν.

325 3650 454 3730 (W.
503 3656 699 3730 curs.)
759 3654 825 3714 et
883 3648 973 3715 IV
1021 3650 1081 3716 4.
1112 3648 1195 3716 37
1222 3650 1319 3732 (2)
1369 3653 1445 3717 de
1490 3655 1782 3738 proximo
1828 3655 2156 3732 παρόμοιον
2202 3655 2505 3740 repetivit
2552 3652 2707 3738 (D.).

322 3757 559 3841 quamdo
602 3755 845 3818 nomina
887 3763 1047 3833 sunt,
1088 3762 1551 3836 παρονομασία,
1593 3762 1831 3843 quando
1869 3762 2044 3825 verba
2083 3760 2408 3838 παρόμοιον
2447 3759 2703 3823 dicitur.

327 3862 455 3940 (W.
507 3867 701 3938 curs.)

414 3964 477 4029 11
526 3964 586 4031 3.
615 3967 655 4029 9
681 3966 776 4044 (1)
844 3963 1098 4042 „Cedo”
1162 3966 1508 4053 singularis
1561 3990 1869 4034 numerus
1915 3976 2046 4047 est,
2101 3970 2349 4047 „cette”
2401 3968 2704 4055 pluralis,

323 4079 400 4136 ut
448 4071 675 4137 salve
723 4071 1074 4137 salvete.
1125 4071 1283 4138 Don.
1476 4073 1557 4138 15
1584 4075 1679 4154 (1)
1731 4075 1965 4152 „cedo”
2018 4075 2365 4160 singularis
2415 4082 2708 4153 tantum,

328 4179 578 4255 „cette”
628 4177 917 4262 pluralis.
970 4180 1150 4265 Mag.

418 4282 481 4347 II
532 4281 595 4346 6.
629 4282 711 4347 12
739 4282 836 4364 (3)
899 4285 1069 4349 Mire
1132 4286 1235 4349 hic
1299 4287 1509 4350 utitur
1572 4289 1738 4351 senis
1803 4288 2050 4353 verbis:
2117 4291 2253 4374 ipse
2301 4291 2473 4352 enim
2521 4309 2715 4374 supra

394 4497 447 4562 1)
483 4496 612 4545 Fieri
646 4497 802 4561 potest
839 4498 891 4545 ut
925 4498 1156 4559 quaedam
1189 4513 1264 4547 me
1290 4497 1517 4562 fugerint,
1553 4500 1633 4548 ced
1670 4515 1754 4548 nec
1788 4499 1967 4564 gravia,
2003 4500 2191 4566 opinor,
2226 4516 2310 4550 nec
2345 4500 2516 4550 multa.
