3392 5384
631 376 765 442 340
1691 396 1945 445 numus.

723 560 892 641 Quid
950 563 1168 626 autem
1229 562 1288 625 si
1339 560 1608 627 Titanus
1654 564 1713 627 is
1761 562 2017 642 dicitur,
2068 565 2179 649 qui
2226 564 2593 648 saepissime
2640 583 2712 627 eo
2758 565 3020 628 nomine

629 671 1038 752 nuncupatur
1083 666 1252 752 apud
1300 666 1627 746 Ovidium,
1669 668 2069 755 Vergilium,
2112 669 2271 735 alios
2313 674 2563 754 poetas,
2607 667 2701 734 sol
2742 668 3022 747 scilicet,

627 775 734 859 qui
799 775 1181 859 gravissime
1244 774 1453 839 media
1515 780 1757 841 aestate
1807 777 2095 842 homines
2144 776 2428 842 obsidere
2478 774 2683 842 solet?
2732 775 2826 841 De
2873 776 3021 841 sede

628 883 837 968 igitur
883 880 1230 966 fragmenti
1278 880 1550 946 dubium
1599 882 1808 947 adhuc
1856 889 2073 948 restat.

721 989 932 1073 Atque
994 990 1252 1053 omnino
1302 990 1367 1052 in
1419 988 1537 1054 hac
1583 988 1860 1054 editione
1908 988 2153 1054 Vahlen
2203 990 2364 1055 hanc
2411 992 2725 1055 rationem
2775 990 3024 1066 tenuit,

628 1097 683 1159 si
745 1091 1114 1179 paullulum
1175 1094 1362 1160 modo
1417 1097 1555 1161 veri
1625 1095 2074 1161 similitudinis
2139 1102 2339 1175 esset,
2404 1096 2845 1182 fragmentum
2910 1096 3025 1161 ali-

629 1200 798 1287 quod
845 1200 995 1265 huic
1037 1199 1141 1266 vel
1178 1198 1282 1265 illi
1321 1198 1456 1266 loco
1497 1202 1982 1267 attribuendum
2022 1224 2191 1281 esse,
2240 1208 2315 1267 ut
2359 1203 2426 1267 id
2473 1204 2673 1268 facere
2721 1201 3026 1268 maluerit

628 1327 824 1392 quam
887 1327 1003 1371 sua
1066 1306 1142 1372 de
1204 1328 1278 1372 eo
1335 1310 1695 1394 suspicione
1742 1309 2041 1377 adnotata
2088 1311 2525 1397 fragmentum
2571 1312 2741 1375 inter
2785 1312 3025 1375 incerta

628 1434 880 1497 ponere.
929 1410 1128 1487 Confi,
1159 1433 1211 1477 e.
1239 1434 1305 1500 g.
1354 1434 1448 1479 ve.
1501 1413 1658 1493 264,
1713 1414 1865 1494 310,
1917 1415 2070 1483 311.

717 1518 890 1583 Mihi
960 1539 1111 1585 vero
1180 1520 1248 1582 in
1311 1518 1426 1584 tali
1489 1519 1767 1587 editione
1826 1525 2165 1608 praecipue
2226 1522 2389 1588 utile
2448 1522 2705 1588 videtur
2766 1528 3022 1588 acurate

626 1631 795 1691 certa
843 1632 1033 1711 atque
1082 1628 1321 1690 incerta
1368 1647 1710 1706 secernere,
1760 1629 1930 1713 quod
1978 1632 2173 1695 etiam
2220 1629 2290 1695 F.
2341 1631 2595 1695 Mai-xio
2633 1632 2700 1694 in
2741 1629 3019 1695 editione

626 1730 961 1797 Luciliana
1007 1731 1322 1818 placuisse
1369 1733 1556 1799 video
1591 1732 1659 1815 ¹).

1629 1984 2019 1995 ———

721 2124 828 2194 Vs.
881 2126 964 2196 67
1794 2140 1807 2175 ⁸

805 2236 1129 2321 Postquam
1172 2237 1366 2300 concis
1415 2286 1430 2302 .
1462 2284 1476 2301 .
1505 2286 1519 2303 .
1569 2260 1632 2300 se
1661 2236 1899 2321 fluvius
1919 2285 1935 2316 ,
1984 2237 2090 2322 qui
2136 2243 2224 2300 est
2272 2234 2536 2299 omnibus
2572 2235 2881 2318 princeps.

717 2340 910 2408 Hunc
948 2363 1208 2408 versum
1247 2342 1482 2407 Fronto
1522 2344 1828 2408 servavit.
1868 2343 1943 2408 In
1985 2344 2168 2407 cuius
2207 2342 2419 2407 codice
2464 2340 2709 2406 Vahlen
2748 2347 3025 2431 testatur

625 2447 740 2511 has
766 2447 991 2533 dispici
1015 2447 1294 2513 litteras:
1321 2465 1656 2524 Posrouffl
1679 2448 2331 2535 ooufflstmsmLuum.
2360 2467 2459 2523 Qu,
2489 2448 3019 2536 onmmlfflmcnrs.

625 2553 1053 2620 Posteriorem
1106 2576 1324 2620 versus
1372 2562 1621 2640 partem
1669 2554 1893 2621 attulit
1943 2557 2138 2619 etiam
2190 2552 2411 2621 Cicero
2451 2554 2556 2619 Or.
2599 2553 2705 2631 48,
2754 2552 2901 2631 161,
2944 2561 3023 2617 ut

627 2668 880 2725 tantum
944 2682 1052 2739 ea,
1118 2683 1279 2747 quae
1333 2684 1680 2747 pronomen
1728 2662 1833 2747 qui
1879 2661 2283 2738 antecedunt,
2333 2660 2525 2725 dubia
2574 2682 2708 2725 esse
2752 2662 3021 2745 possint.

625 2767 867 2833 Becker
905 2767 1060 2833 olim
1100 2769 1375 2831 consi-stit
1405 2771 1706 2847 coniecit,
1748 2776 1823 2833 ut
1847 2789 2200 2853 pronomen
2223 2790 2286 2830 se
2310 2768 2807 2852 expungendum
2834 2771 3022 2831 esset.

626 2874 804 2953 Quod
867 2852 1082 2939 tamen
1128 2875 1297 2939 unde
1343 2877 1411 2939 in
1461 2880 1717 2939 textum
1763 2876 2043 2951 venerit,
2095 2896 2221 2938 non
2268 2876 2362 2939 ita
2409 2872 2592 2938 facile
2640 2873 3020 2959 explicatur.

625 2980 830 3059 Quare
894 2981 1217 3065 profectus
1280 2980 1497 3061 illinc,
1550 2982 1723 3067 quod
1767 2984 1832 3045 in
1884 2980 2100 3045 Plauti
2146 2980 2355 3046 codice
2403 2980 2826 3045 Ambrosiano
2874 2986 3024 3043 ante

620 3085 908 3151 litteram
972 3086 1023 3152 Ο
1090 3089 1342 3172 saepius
1407 3088 1460 3168 Q
1521 3110 1634 3173 pro
1697 3086 1749 3155 C
1812 3087 2153 3152 exhibetur
2200 3094 2284 3168 (e.
2320 3109 2387 3173 g.
2438 3087 2671 3152 Pseud.
2723 3085 2903 3165 822),
2952 3088 3024 3150 in

622 3193 1051 3278 suspicionem
1120 3196 1301 3271 veni,
1375 3193 1692 3280 syllabam
1762 3217 1869 3258 con
1928 3192 2094 3258 nihil
2158 3215 2292 3259 esse
2354 3195 2481 3258 nisi
2542 3216 2717 3278 quam
2760 3195 3022 3279 §iterum

623 3300 974 3385 scriptum3
1022 3302 1240 3385 itaque
1288 3297 1641 3387 legendum
1687 3321 1823 3365 esse

808 3405 1128 3492 Postquam
1173 3406 1340 3473 eisaie
1385 3430 1449 3471 se
1479 3407 1735 3490 fluvius·
1762 3407 1867 3492 qui
1914 3413 2001 3470 est
2047 3405 2308 3469 omnibus
2344 3406 2638 3489 princeps

711 3512 932 3576 Sistere
970 3534 1451 3598 nonnumquam
1493 3513 1666 3578 idem
1708 3514 1836 3578 fere
1877 3511 2198 3599 significat
2238 3512 2407 3597 quod
2447 3512 2758 3591 met-inere,
2803 3519 3017 3575 motum

621 3619 883 3683 alicuius
928 3619 1016 3683 rei
1063 3619 1350 3698 inhibere,
1403 3619 1571 3704 apud
1622 3640 1728 3685 eos
1777 3621 2153 3704 praesertim
2193 3620 2563 3704 scriptoreS,
2607 3620 2717 3703 qui
2766 3619 3016 3702 antiqui

620 3748 776 3790 usus
815 3728 881 3789 in
923 3725 1253 3791 scribendo
1294 3724 1509 3810 aliqua
1551 3728 1832 3810 vestigia
1870 3728 2179 3804 retinent3
2224 3746 2277 3789 e.
2305 3747 2370 3812 g.
2412 3725 2557 3790 Tac.
2599 3723 2774 3790 Hist.
2815 3724 2898 3801 II,
2928 3723 3014 3788 23

621 3833 906 3915 leqionem
966 3832 1259 3895 Bedriaci
1314 3880 1327 3896 .
1358 3880 1371 3896 .
1405 3880 1418 3896 .
1468 3832 1667 3910 cisti&
1733 3831 1923 3916 Verg.
1990 3831 2145 3896 Aen.
2212 3830 2316 3908 IV,
2369 3830 2498 3895 489
2546 3831 2757 3894 sistere
2802 3853 3016 3915 aquam

605 3938 861 4021 fluvii-33
917 3936 1037 4004 Ov.
1088 3938 1249 4003 Met.
1301 3937 1473 4017 XIV,
1523 3937 1656 4003 803
1692 3961 1849 4019 pace
1900 3944 2091 4001 tamen
2137 3938 2275 4001 sisti
2323 3938 2558 4003 bellum.
2874 3954 2905 3982 ⁸

688 4261 742 4323 1)
789 4261 951 4310 Praef.
997 4276 1046 4323 p.
1090 4274 1156 4310 v1.
1205 4259 1453 4324 Imprimis
1489 4260 1751 4309 cavendum
1787 4274 1884 4308 esse
1920 4258 2050 4317 duxi,
2087 4274 2144 4307 ne
2178 4262 2309 4307 certo
2344 4258 2471 4308 libro
2505 4258 2623 4308 talia
2658 4258 2709 4320 (i.
2728 4273 2770 4307 e.
2803 4257 3015 4307 incertae

616 4343 739 4390 sedis
774 4342 1063 4406 fragmenta)
1096 4343 1392 4399 tribuantur,
1427 4357 1521 4406 quo
1557 4340 1781 4406 perfacile
1819 4341 2048 4390 deducere
2084 4341 2205 4389 solet
2239 4340 2443 4390 editores
2477 4340 2858 4404 fragmentorum
2891 4354 3015 4389 nova

618 4424 814 4471 docendi
851 4424 1103 4488 cupiditas.
