3392 5384
689 383 824 449 382
1457 400 1540 446 nr.
1585 400 1903 449 nummus
1946 398 2265 449 rmrmoo.

693 564 1113 651 ἐναντιότητες
1163 566 1372 647 Φωτὸς
1419 564 1520 628 καὶ
1571 563 1845 636 σκότους.
1896 563 2131 629 Versus
2178 564 2510 651 Euripidei
2550 570 2732 647 sunt,
2774 568 3089 653 interpre-

690 676 848 739 tatio
895 678 1114 738 autem
1162 672 1541 737 Eusebiana.
1591 671 1910 736 Eusebius
1958 673 2131 735 enim
2178 692 2325 737 cum
2374 693 2410 737 a
2447 672 2677 737 multis
2713 674 3085 738 auctoribus

687 786 1021 865 acceptum
1082 779 1342 845 haberet
1410 778 1783 863 Euripidem
1850 777 2270 858 Ἀναξαγόρου
2331 778 2628 857 τρόφιμον
2694 800 2828 845 esse
2882 780 3086 866 (quod

688 910 811 952 non
873 888 999 951 nisi
1045 907 1122 951 ex
1171 891 1351 972 parte
1401 885 1672 969 quadam
1726 892 1791 949 et
1837 884 2241 970 aliquatenus
2286 886 2380 949 ita
2427 886 2623 950 fuisse
2669 885 2859 951 hodie
2904 887 3090 952 novi-

686 1000 861 1074 mus)
921 994 1026 1058 hic
1089 1013 1342 1077 quoque
1405 992 1508 1055 τὸν
1573 989 1994 1069 Ἀναξαγόρου
2056 996 2187 1055 νοῦν
2251 994 2540 1077 agnovit.
2607 991 2814 1071 Quem
2860 998 3083 1057 tamen

685 1121 812 1165 non
876 1097 1208 1184 Euripidis
1272 1099 1484 1163 verbis
1532 1096 1641 1161 sed
1689 1099 1825 1161 suis
1872 1097 1951 1161 ab
1997 1118 2071 1162 eo
2117 1097 2475 1162 indicatum
2523 1119 2658 1164 esse
2706 1097 2815 1164 vel
2860 1119 2933 1164 eo
2982 1119 3083 1164 ar-

684 1209 914 1293 guitur
975 1203 1144 1289 quod
1200 1203 1391 1269 illum
1454 1203 1785 1288 Euripidis
1852 1203 2063 1269 Deum
2127 1204 2231 1267 τὸν
2277 1204 2638 1295 δημιουργὸν
2690 1209 2820 1270 νοῦν
2867 1210 3081 1294 vocat.

685 1313 851 1377 Nam
912 1312 1351 1396 Aristagoram
1399 1316 1563 1375 Νοῦν
1607 1331 1801 1375 suum
1848 1330 2207 1395 numquam
2257 1310 2620 1389 δημιουργὸν
2666 1311 2902 1377 dixisse
2950 1333 3083 1377 cer-

685 1424 828 1484 tum
869 1422 999 1496 est,
1039 1438 1273 1481 nomen
1320 1416 1487 1482 illud
1538 1416 1615 1481 de
1662 1415 1891 1481 mundi
1937 1417 2160 1501 opifice
2208 1424 2355 1483 ante
2404 1417 2691 1483 Platonis
2737 1417 3081 1483 Timaeum

683 1546 807 1591 non
847 1526 1163 1589 usitatum
1207 1529 1336 1601 est,
1386 1523 1514 1607 sed·
1543 1522 2039 1589 dilectissimum
2085 1523 2588 1609 Neoplatonicis.
2652 1524 2910 1589 Etenim
2958 1525 3080 1589 hoc

683 1630 1175 1697 Wilamowitzio
1245 1652 1324 1695 ex
1393 1631 1606 1695 animo
1677 1632 2019 1695 assentior:
2090 1629 2473 1716 „Euripides
2534 1652 2650 1697 nec
2714 1630 3076 1710 δημιουργὸν

681 1740 864 1803 novit
904 1758 1017 1802 nec
1057 1737 1254 1801 νοῦν”.
1313 1774 1396 1786 --
1448 1735 1691 1801 Aether
1731 1743 1825 1801 est
1867 1757 2058 1821 quem
2098 1736 2419 1815 adoratur,
2466 1738 2739 1803 Aethera
2776 1737 2934 1803 colit
2965 1736 3078 1804 vel

683 1846 900 1930 potius
938 1864 1262 1908 summam
1302 1842 1586 1907 Naturae
1627 1843 1763 1908 vim
1788 1890 1803 1919 ,
1845 1843 2155 1928 quidquid
2208 1846 2414 1909 oritur
2460 1846 2895 1910 continentem
2942 1865 3079 1909 am-

683 1949 879 2036 plexu
941 1970 1088 2027 suo,
1155 1970 1351 2033 quam
1414 1948 1931 2034 quandoquidem
1979 1950 2199 2016 divina
2246 1950 2742 2035 absconditaque
2788 1953 2857 2016 in
2904 1957 3080 2015 certa

685 2056 958 2142 quadam
996 2052 1255 2142 regione
1281 2054 1586 2121 collocare
1610 2077 1762 2121 eum
1787 2058 1961 2142 cogit
1984 2058 2125 2141 ipsa
2148 2059 2384 2122 mentis
2410 2058 2729 2123 humanae
2754 2056 3076 2136 debilitas,

682 2166 751 2228 in
791 2164 1067 2229 Aethere
1110 2163 1509 2227 habitantem
1546 2162 1719 2228 fecit.
1785 2162 1899 2227 Est
1940 2164 2112 2228 enim
2154 2164 2266 2228 ubi
2305 2166 2521 2250 ipsum
2561 2164 2839 2229 Aethera
2877 2164 3075 2229 deum

691 2267 976 2335 salutent
1019 2270 1310 2335 homines
1357 2269 1691 2355 Euripidei
1739 2268 1843 2349 (sr.
1895 2269 2055 2349 941)

1137 2378 1280 2461 ὁρᾷς
1328 2377 1430 2441 τὸν
1473 2377 1630 2455 ὑψοῦ
1681 2376 1839 2441 τόνδ’
1888 2375 2134 2456 ἄπειρον
2181 2376 2389 2457 αἰθέρα

1137 2484 1241 2547 καὶ
1291 2488 1413 2561 γῆν
1459 2481 1635 2563 πέριξ
1683 2480 1887 2561 ἔχοντ’
1936 2483 2153 2561 ὑγραῖς
2205 2488 2264 2547 ἐν
2309 2482 2668 2562 ιέγκοὶλαις;

1137 2588 1602 2677 τοῦτονὶνόμιζε
1651 2596 1851 2667 Ζῆνα,
1903 2588 2060 2653 τόνδ’
2110 2590 2264 2667 ἡγοῦ
2313 2589 2475 2655 θεόν·

683 2696 793 2761 sed
863 2697 1005 2781 quis
1076 2695 1272 2760 fuerit
1340 2698 1445 2760 cui
1515 2696 1677 2759 hanc
1738 2698 2122 2761 sententiam
2192 2718 2341 2761 sane
2410 2717 2615 2781 neque
2678 2695 3071 2781 peculiarem

681 2822 886 2886 neque
925 2803 1406 2867 accuratissime
1444 2822 1805 2886 expressam
1860 2808 2047 2887 poeta
2092 2802 2548 2867 enuntiandam
2597 2803 2842 2868 dederit
2884 2805 3073 2889 igno-

679 2928 917 2972 ramus.
970 2908 1067 2972 Ad
1115 2907 1450 2971 Hecubam
1491 2907 1595 2971 hic
1635 2928 1885 2993 quoque
1926 2907 2526 2994 philosophantem,
2567 2915 2634 2974 et
2670 2910 2776 2974 hic
2814 2930 3075 2994 quoque

681 3014 1050 3079 dubitanter
1095 3014 1344 3079 diversa
1390 3015 1818 3099 proferentem
1840 3063 1856 3093 ,
1907 3014 2133 3080 malim
2194 3037 2531 3082 recurrere.
2589 3017 2821 3082 Audite
2861 3015 3077 3081 Hecu-

681 3121 794 3185 bae
841 3141 1056 3208 preces
1105 3118 1356 3201 (Troad.
1408 3120 1568 3201 884)

1135 3224 1176 3291 ὦ
1226 3234 1348 3304 γῆς
1395 3225 1614 3306 ὄχημα
1665 3227 1819 3292 κάπὶ
1868 3238 1990 3305 γῆς
2039 3226 2197 3308 ἔχων
2246 3226 2443 3308 ἕδραν,

1135 3332 1300 3406 ὅστις
1349 3337 1485 3399 ποτ’
1538 3331 1599 3399 εἷ
1638 3358 1714 3397 συ
1763 3334 2192 3408 δυστόπαστος
2242 3336 2500 3414 εἰδέναι,

1137 3441 1328 3520 Ζεύς,
1379 3439 1492 3505 εἴτ’
1542 3442 1792 3519 ἀνάγκη
1840 3441 2089 3522 Φύσεως
2138 3440 2264 3506 εἴτε
2312 3448 2443 3515 νοῦς
2491 3442 2742 3521 βροτῶν,

1136 3545 1574 3626 προσηυξάμην
1626 3569 1732 3612 σε·
1784 3547 1997 3613 πάντα
2046 3550 2172 3625 γὰρ
2221 3548 2295 3613 δι’
2344 3549 2597 3629 ἀψόφου

1132 3654 1363 3729 βαίνων
1411 3654 1695 3717 κελεύθου
1744 3655 1913 3718 κατα
1964 3653 2129 3727 δίκην
2177 3655 2261 3719 τὰ
2312 3654 2475 3728 θνήτ’
2520 3652 2724 3732 ἄγεις.

677 3760 776 3825 Ita
822 3758 1061 3826 mulier
1108 3780 1257 3825 vere
1306 3759 1652 3844 Euripidea
1699 3765 2145 3840 φυσιολογικῦς
2195 3756 2843 3847 admodum'incipit;
2896 3762 3068 3829 dicas

677 3864 1109 3950 Melanippen.
1159 3866 1242 3931 Et
1290 3865 1446 3930 dum
1485 3867 1754 3953 physica
1794 3872 2026 3932 tractat
2064 3868 2245 3933 docte
2284 3867 2618 3933 confundit
2656 3869 3071 3956 Pythagorea

679 3970 1044 4037 Heraclitea
1082 3973 1522 4057 Anaxagorea,
1563 3994 1676 4037 nec
1717 3978 1930 4038 tamen
1970 3994 2043 4039 ea
2084 3972 2642 4059 philosophemata
2668 3975 3073 4041 satisfaciunt

678 4082 756 4145 ei.
807 4078 985 4144 Licet
1022 4099 1224 4143 unum
1266 4084 1476 4145 teneat
1503 4100 1756 4165 semper
1781 4080 1949 4164 quod
1974 4083 2130 4146 etin
2154 4080 2328 4147 hisce
2356 4083 2644 4146 versibus
2668 4086 2731 4148 et
2754 4084 2822 4146 in
2846 4088 3065 4147 nostro

675 4185 1036 4270 fragmento
1097 4206 1347 4269 semper
1408 4186 1610 4265 redit,
1684 4187 1962 4251 Aethera
2023 4186 2323 4272 amplexu
2390 4190 2703 4254 sustinere
2764 4194 3064 4253 naturam

673 4312 920 4369 rerum,
962 4314 1085 4357 non
1124 4293 1188 4355 in
1232 4292 1548 4357 eiusmodi
1589 4293 1877 4359 doctrina
1919 4295 2224 4378 quiescit,
2268 4314 2427 4379 quae
2475 4294 2759 4371 ανάγκην
2808 4300 3067 4360 tantum

675 4404 1010 4483 agnoscat:
1076 4398 1287 4463 Deum
1340 4398 1627 4482 postulat
1673 4401 1931 4464 animus
1982 4398 2315 4478 Hecubae,
2362 4421 2490 4466 non
2545 4401 2766 4482 Αἰθέρα
2814 4401 3063 4466 πάντων

673 4512 974 4584 γενετῆρα
1016 4505 1124 4569 sed
1168 4507 1292 4569 Ala
1338 4505 1528 4582 Αἱθέρι
1559 4506 1825 4571 ναίοντα.
1876 4504 2141 4574 Caelum
2170 4508 2343 4571 enim
2366 4528 2496 4573 non
2520 4506 2677 4573 deus
2702 4507 2810 4573 sed
2835 4506 3063 4583 οἴκησις
