3392 5384
1391 422 1707 473 nonnus.
2603 410 2732 475 221

444 593 681 658 Notavi
741 590 1148 662 manifestam
1210 586 1774 674 interpolationem
1834 592 2004 655 inter
2061 590 2432 676 plenissima
2493 592 2738 658 scholia

354 698 588 764 Donati
650 698 746 779 (l)
808 701 875 762 et
934 696 1049 777 (2).
1114 695 1344 762 Editor
1402 701 1477 760 ut
1523 716 1664 761 eam
1714 695 2186 782 adglutinaret,
2235 700 2460 783 primo
2492 696 2738 764 scholio

355 804 649 891 praefixit
694 802 970 869 alterum
1016 802 1256 879 ‚,Aut''.
1308 800 1493 866 Alius
1531 804 1842 887 mag-ister
1879 804 1943 866 in
1987 802 2082 883 (3)
2121 802 2399 869 reddidit
2434 806 2741 893 interpre-

354 913 698 985 tat-ionem,
740 930 934 996 quam
973 910 1203 973 merito
1241 910 1740 994 impugnaverat
1777 907 2083 975 Donatus.
2178 909 2566 998 Exemplum
2594 910 2742 975 Ver-

354 1016 503 1104 gilii
548 1019 747 1083 etiam
794 1018 1032 1081 citatur
1078 1014 1157 1079 ad
1206 1012 1467 1079 Phorm.
1518 1014 1571 1078 V
1621 1014 1681 1079 8.
1715 1014 1821 1093 53,
1866 1015 1978 1080 ubi
2018 1015 2297 1082 Wessn
2319 1039 2503 1083 erus
2545 1020 2740 1083 verba

354 1143 685 1210 perperam
750 1123 841 1187 sic
902 1122 1342 1207 interpunxit:
1410 1120 1694 1198 „Urbem
1757 1142 1949 1207 quam
2013 1120 2270 1188 statuo?
2316 1129 2529 1189 vestra
2575 1122 2737 1188 est''.

355 1229 729 1317 Asyndeton
791 1229 976 1294 cuius
1039 1248 1228 1293 causa
1292 1226 1453 1293 Don.
1518 1229 1633 1293 hos
1680 1248 1908 1294 versus
1953 1228 2212 1305 attulit,
2262 1251 2386 1294 non
2433 1234 2531 1295 est
2575 1231 2745 1293 inter

360 1336 656 1414 „statuo”
724 1339 788 1400 et
854 1339 1111 1413 „vestra
1174 1332 1336 1411 est'',
1403 1333 1511 1398 sed
1572 1336 1741 1399 inter
1805 1335 1974 1399 hunc
2040 1356 2132 1400 vs.
2183 1333 2314 1401 573
2378 1341 2448 1401 et
2495 1355 2744 1421 praece-

358 1444 635 1509 dentem.
2602 1461 2607 1466 ·

445 1550 605 1615 Ibid.
663 1548 743 1613 13
817 1547 953 1612 Ph.
1004 1545 1386 1613 Temulenta
1422 1567 1510 1614 es.
1584 1547 1722 1634 Py.
1764 1546 2030 1613 Utinam
2069 1550 2158 1613 sic
2202 1549 2385 1626 sient,
2430 1550 2540 1634 qui
2583 1548 2745 1613 mihi
2851 1627 2856 1633 .

356 1655 525 1722 male
576 1655 805 1721 volunt

448 1761 616 1842 Quid
659 1762 778 1827 hoc
824 1759 1241 1825 maledictum
1290 1759 1611 1845 significet
1658 1759 1843 1825 docet
1888 1759 2100 1827 simile
2144 1763 2210 1826 in
2258 1761 2481 1843 Plauti
2526 1763 2747 1827 Asina-

356 1871 453 1934 ria
516 1867 670 1949 833,
732 1868 844 1932 ubi
906 1869 1352 1954 Argyrippus,
1419 1868 1531 1950 qui
1594 1866 1884 1932 affectato
1948 1870 2079 1932 risu
2130 1868 2356 1935 vultus
2410 1871 2746 1933 tristitiam

360 1972 763 2040 dissimulare
808 1979 1092 2052 conatur,
1142 1973 1527 2039 confidenter
1577 1974 1829 2051 „Hem‚
1879 1982 2165 2060 aspecta,
2213 1978 2460 2060 inquit,
2504 1975 2745 2054 rideo'',

358 2082 469 2148 sed
530 2080 959 2146 Demaenetus
1021 2083 1306 2168 reponit:
1376 2078 1683 2157 „Utinam
1749 2080 1919 2146 male
1983 2085 2094 2165 qui
2155 2082 2318 2147 mihi
2378 2082 2608 2149 volunt
2653 2084 2746 2146 sic

357 2186 670 2266 rideant'',
711 2187 828 2252 hoc
868 2191 998 2252 est:
1041 2188 1293 2251 utinam
1332 2206 1530 2271 aeque
1568 2189 1787 2252 minus
1827 2186 2106 2266 rideant,
2149 2209 2342 2274 quam
2381 2194 2476 2253 tu.
2526 2187 2778 2273 Itaque·

359 2295 665 2382 Pythias:
717 2292 982 2359 Utinam
1030 2313 1227 2378 aeque
1266 2295 1483 2357 minus
1524 2292 1866 2358 temulenti
1904 2296 2067 2372 sint,
2111 2316 2168 2379 q.
2196 2316 2284 2359 m.
2312 2317 2401 2360 m.
2429 2317 2514 2373 v.,
2555 2302 2747 2381 atque

359 2423 480 2488 ego
534 2422 699 2466 sum.
766 2399 962 2485 Optat
1005 2402 1215 2486 igitur
1259 2397 1600 2465 malevolis
1648 2399 1915 2465 eandem
1962 2400 2327 2478 ebrietatis,
2379 2403 2559 2486 quasi
2607 2400 2748 2467 feli·

360 2510 607 2585 citatis,
672 2508 1063 2583 absentiam,
1130 2526 1255 2591 qua
1318 2508 1457 2590 ipsa
1516 2504 1921 2570 laborat.·Et
1970 2506 2091 2571 hoc
2137 2509 2464 2591 perspexit
2510 2506 2748 2573 Donati

362 2634 628 2680 acumen
689 2612 1053 2678 adnotantis
1095 2614 1162 2676 in
1211 2611 1343 2693 (2):
1410 2612 1581 2677 Bene
1629 2633 1787 2677 non
1836 2632 2015 2678 esse
2043 2613 2384 2679 'ebriam
2431 2616 2500 2679 in
2549 2613 2747 2679 male-

362 2721 608 2787 dictum
655 2741 914 2786 versum
933 2767 949 2798 ,
1014 2722 1197 2805 quasi
1246 2740 1394 2785 vere
1438 2718 1866 2785 temulentam
1912 2742 2046 2785 esse
2095 2720 2419 2787 felicitatis
2466 2723 2571 2786 sit.

452 2827 705 2893 Fabia
771 2809 997 2891 citavit
1057 2826 1320 2912 quidem
1381 2824 1751 2911 exemplum
1800 2825 2216 2906 Plautinum,
2265 2812 2378 2894 sed
2420 2827 2748 2894 maledicti

361 2934 896 3021 significationem
934 2934 1045 2996 vix
1095 2934 1265 3018 cepit
1301 2953 1448 2997 cum
1491 2934 2033 3018 interpretationis
2071 2936 2274 2999 instar
2311 2937 2538 3001 citaret
2577 2935 2748 3000 scho-

360 3041 525 3107 lium
588 3038 1251 3126 pseudo-Donateum,
1310 3022 1435 3104 ubi*
1469 3039 1896 3126 Interpolator
1940 3040 2060 3105 hoc
2103 3042 2320 3129 inepte
2367 3044 2745 3128 temptavit:

363 3147 459 3228 (3)
507 3144 609 3211 An
674 3168 799 3211 non
862 3152 1058 3232 negat
1120 3142 1363 3211 ebriam
1429 3156 1543 3225 <se
1592 3152 1799 3225 esse),
1865 3147 1974 3212 sed
2036 3169 2164 3213 non
2224 3152 2373 3214 vino
2420 3148 2528 3214 sed
2577 3148 2747 3213 malo

363 3254 604 3318 ebriam
652 3251 796 3317 vult
842 3248 1164 3337 intelligi?

452 3358 612 3423 Ibid.
668 3357 751 3423 18
798 3359 893 3439 (1)
948 3357 1200 3435 „Bonus
1249 3356 1394 3422 vir''
1445 3357 1771 3438 εἰρωνικῶς.
1843 3356 1947 3423 Sic
1985 3380 2098 3443 pro
2140 3380 2315 3426 more
2354 3359 2541 3437 Don.,
2585 3358 2749 3425 nihil

361 3464 618 3545 addens.
689 3463 871 3543 Quod
934 3469 1151 3529 autem
1216 3465 1540 3549 sequitur:
1608 3485 1774 3542 „non
1836 3466 2005 3529 enim
2069 3467 2202 3530 iam
2266 3466 2745 3531 eunuchus'’

360 3578 496 3637 tam
563 3573 859 3657 spurium
920 3576 1051 3647 est,
1101 3590 1295 3656 quam
1342 3570 1476 3650 <3):
1540 3569 1699 3635 bene
1750 3569 1961 3649 „vir'',
2011 3574 2162 3657 quia
2210 3570 2328 3637 hoc
2373 3570 2567 3637 illum
2613 3593 2749 3638 esse

362 3678 706 3744 contendit.
848 3677 1120 3765 Pythias
1159 3678 1263 3742 hic
1301 3698 1381 3742 ne
1418 3682 1734 3761 punctum
1772 3677 2030 3764 quidem
2081 3681 2388 3766 temporis
2435 3680 2751 3766 cogitavit

362 3787 527 3850 sitne
575 3783 955 3869 Pamphilae
1002 3782 1279 3849 violator
1326 3784 1510 3861 „vir”
1561 3804 1640 3849 an
1684 3784 2140 3864 „eunuchus'',
2183 3785 2476 3872 loquitur
2511 3787 2750 3851 ironice

364 3897 441 3955 ut
486 3889 539 3956 V
591 3890 652 3955 3.
681 3890 743 3955 9.

452 3996 612 4061 Ibid.
663 3995 745 4060 21
820 3996 968 4061 Vise
1016 3996 1243 4061 amabo
1292 4017 1451 4061 num
1498 3998 1584 4062 sit

452 4102 547 4183 (1)
615 4100 894 4180 „Domi”
952 4102 1463 4167 subaudiendum
1509 4108 1625 4169 est.
1698 4102 2044 4171 Adnotatio
2094 4125 2279 4182 vera,
2332 4105 2440 4170 sed
2489 4106 2595 4172 vix
2644 4124 2749 4170 ne-

360 4210 629 4275 cessaria
689 4213 834 4294 post
895 4230 991 4273 vs.
1042 4208 1150 4273 20.
1216 4208 1659 4275 Nihilominus
1721 4209 1822 4273 IP
1883 4210 2126 4296 aliquid
2188 4214 2341 4277 novi
2402 4215 2750 4299 temptavit

360 4318 557 4383 nimis
603 4314 987 4382 absurdum:
1042 4315 1138 4396 (2)
1188 4315 1353 4381 Aut:
1404 4338 1564 4381 num
1609 4319 1695 4382 sit
1733 4316 1904 4403 quod
1952 4317 2132 4383 dicis.

452 4421 613 4489 Ibid.
665 4420 751 4486 24

498 4531 586 4594 At
629 4526 736 4613 pol
782 4548 902 4614 ego
950 4533 1265 4595 amatores
1313 4529 1639 4597 audieram
1680 4529 2035 4596 mulierum
2075 4552 2182 4598 eos
2221 4552 2356 4598 esse
2395 4534 2750 4613 maximos,
