3392 5384
704 402 787 467 18
1736 424 2053 473 nonnus.

694 584 922 647 iners
977 587 1391 649 contrarium.
1530 583 1628 666 (4)
1688 586 1858 652 Nam
1909 585 2217 664 „sollers”
2267 589 2450 672 quasi
2495 584 2638 661 ὅλης
2687 588 2906 667 ἀρετῆς
2956 587 3088 653 dic-

696 692 823 765 tuS,
873 692 948 752 ut
994 684 1131 751 ὅλον
1178 687 1419 766 solum,
1470 689 1656 765 ἥμισυ
1706 692 1920 768 semis,
1972 687 2042 767 ἕξ
2085 713 2195 756 sex
2241 691 2538 756 dicimus.

783 792 881 855 IP
929 795 997 856 in
1044 793 1139 873 (4)
1188 797 1424 879 partim
1472 793 1800 860 Donatum
1849 803 2108 862 secutus
2155 806 2282 873 est,
2333 799 2569 881 partim
2614 795 2892 861 reddidit
2941 797 3082 862 doc-

693 901 930 962 trinam
990 899 1434 964 scholasticam
1475 898 1551 964 de
1596 899 1820 966 littera
1867 923 1896 966 s
1943 923 2057 986 pro
2106 901 2493 968 Graecorum
2541 903 2925 986 aspiratione
2969 923 3079 986 po-

694 1007 835 1082 sita,
881 1007 1013 1069 iam
1060 1024 1096 1068 a
1142 1004 1325 1069 Verri
1370 1005 1579 1070 Flacci
1628 1013 1836 1071 aetate
1882 1006 2254 1092 vulgatam;
2306 1008 2383 1071 cf.
2432 1006 2556 1071 loci
2593 1009 2662 1070 in
2701 1028 2845 1092 app.
2872 1007 3080 1072 Wess-

692 1113 862 1176 neri:
924 1110 1153 1175 Festus
1216 1110 1369 1176 293.
1420 1110 1573 1176 298.
1625 1111 1757 1176 348
1802 1133 1894 1196 sq.
1974 1113 2176 1177 Prisc.
2236 1111 2299 1176 II
2348 1111 2453 1179 32.
2519 1111 2612 1176 ΙΠ
2667 1111 2771 1190 16,
2839 1114 3071 1196 quibus

689 1215 851 1280 locis
914 1215 1133 1281 eadem
1181 1216 1473 1302 exempla
1521 1217 1730 1295 ἥμισυ,
1778 1215 1848 1295 ἕξ
1891 1219 2302 1302 proferuntur
2345 1220 2412 1281 in
2461 1218 2857 1304 etymologia
2903 1220 3075 1284 vocis

690 1319 912 1385 sollers
959 1320 1362 1406 aliorumque
1403 1322 1744 1387 similium.

778 1424 867 1489 IV
931 1424 993 1490 2.
1025 1425 1109 1490 14
1154 1426 1253 1507 (3)
1338 1425 1676 1504 „Timida”
1749 1428 2019 1492 timens:
2090 1425 2267 1492 aliud
2333 1425 2622 1492 naturale
2691 1432 2824 1504 est,
2897 1425 3070 1492 aliud

688 1536 953 1597 eventus
1013 1539 1145 1610 est,
1205 1538 1282 1596 ut
1342 1532 1533 1618 Verg.
1584 1532 1685 1612 (E.
1738 1532 1823 1598 VI
1870 1533 1985 1613 20)
2034 1532 2256 1610 „addit
2300 1553 2367 1596 se
2415 1533 2651 1598 sociam
2699 1531 3074 1616 timidisque

690 1639 1060 1721 supervenit
1107 1636 1348 1723 Aegle''
1400 1643 1551 1702 cett.
1581 1636 1633 1715 1)
1769 1638 2034 1703 Phorm.
2084 1636 2116 1701 I
2161 1637 2222 1701 4.
2249 1635 2335 1702 27
2363 1637 2462 1716 (2)
2510 1636 2904 1715 „timidum”
2954 1657 3068 1721 pro

688 1743 1047 1819 timentem,
1098 1747 1174 1806 ut
1222 1741 1441 1819 „addit
1491 1763 1557 1807 se
1606 1742 1702 1806 S.”
1752 1746 1899 1806 cett.
2059 1742 2216 1807 Hec.
2266 1741 2359 1806 III
2407 1740 2467 1805 3.
2496 1740 3065 1822 5(2).„timidus''

686 1867 799 1930 pro
843 1851 1114 1924 timens,
1164 1869 1397 1913 nomen
1440 1847 1579 1913 loco
1626 1849 1975 1932 participii.

775 1954 997 2017 Primo
1055 1954 1288 2018 obtutu
1336 1955 1533 2018 etiam
1580 1951 1898 2020 scholium
1947 1951 2112 2017 Eun.
2161 1951 2392 2037 aliquis
2438 1951 2686 2016 Donato
2735 1951 3068 2026 tribuerit,

686 2057 797 2121 sed
836 2077 985 2122 cum
1023 2057 1355 2142 praecedat
1392 2057 1518 2122 alia
1538 2057 1719 2121 illius
1744 2055 2117 2141 explicatio:
2161 2056 2258 2135 (2)
2287 2055 2602 2133 „timida”
2629 2055 2820 2119 modo
2845 2074 3068 2138 aegra,

686 2167 836 2226 cett.
900 2168 1077 2242 (cum
1138 2183 1236 2227 ex,
1288 2160 1549 2242 Plaut.),
1614 2160 2111 2246 deprehenditur
2156 2159 2279 2237 IP,
2329 2181 2453 2244 quo
2503 2167 2825 2244 praeterea
2872 2158 3069 2245 digna

686 2273 784 2332 est
828 2267 1164 2330 antithesis
1210 2265 1665 2350 philosophans
1710 2267 1788 2330 de
1836 2265 2201 2343 „naturali”
2252 2271 2318 2330 et
2365 2265 2714 2342 „eventu'’.

776 2370 862 2436 IV
905 2371 965 2435 3.
994 2371 1033 2436 6
1060 2370 1154 2449 (2)
1197 2370 1624 2456 „Unguibus”
1666 2370 1898 2456 quibus
1937 2377 2226 2435 armatur
2247 2371 2352 2436 hic
2377 2391 2585 2435 sexus.
2700 2369 2788 2434 IV
2813 2369 2876 2434 6.
2904 2368 2944 2433 2
2969 2368 3064 2449 (2)

690 2474 921 2553 „Oculi
978 2474 1125 2541 ilico
1170 2475 1587 2541 effodientur''
1636 2482 1702 2541 et
1747 2477 2057 2541 femineae
2102 2478 2313 2540 minae
2359 2482 2510 2540 sunt
2557 2479 2622 2540 et
2665 2477 2732 2538 in
2777 2474 3068 2539 libidino-

686 2601 787 2645 sos
823 2600 1020 2670 quam
1061 2584 1339 2645 maxime
1358 2602 1381 2659 3·
1416 2603 1565 2646 nam
1605 2582 1777 2646 hunc
1817 2588 2170 2647 amatorem
2209 2583 2572 2665 suspicatur
2610 2600 2746 2644 esse
2772 2579 3062 2663 virginis.

687 2684 792 2750 Sic
854 2691 918 2750 et
972 2684 1160 2750 alibi:
1235 2692 1355 2762 „ut
1416 2707 1535 2770 ego
1595 2684 1738 2750 illi’'
1803 2692 1950 2751 cett.
2017 2685 2129 2761 (IV
2194 2687 2254 2749 3.
2284 2683 2372 2765 6),
2439 2688 2506 2749 in
2569 2683 2786 2749 oculos
2844 2688 3062 2748 autem

686 2793 966 2856 maxime
1028 2793 1272 2856 saevire
1334 2792 1605 2855 feminas
1665 2796 1732 2856 et
1793 2791 2158 2876 tragoediae
2222 2791 2351 2855 fere
2403 2797 2468 2854 et
2513 2790 2874 2857 comoediae
2922 2808 3060 2873 pro-

684 2900 1022 2960 testantur.
1208 2895 1261 2960 V
1310 2897 1371 2960 2.
1401 2896 1487 2960 20
1512 2897 1609 2976 (2)
1671 2899 1883 2960 minae
1941 2899 2101 2960 istae
2162 2898 2412 2982 proprie
2474 2896 2859 2961 seminarum
2908 2896 3058 2957 sunt

685 3009 751 3065 et
809 3003 879 3064 in
940 3021 1005 3066 se
1067 3008 1131 3065 et
1180 3002 1249 3064 in
1294 3001 1457 3067 alios
1505 3003 1833 3086 unguibus
1880 3004 2342 3078 saevientium,
2382 3007 2458 3065 ut
2504 3000 2720 3086 (Verg.
2769 2997 2855 3064 LV
2905 2996 3062 3076 673)

686 3105 1104 3191 „unguibus”
1151 3112 1299 3172 cett.
1350 3143 1435 3154 --
1482 3106 1580 3187 (3)
1623 3107 1747 3172 Sed
1798 3106 2163 3184 „involem”
2212 3108 2291 3171 ab
2339 3108 2569 3172 avibus
2615 3111 2896 3171 tractum
2935 3109 3062 3180 est,

682 3217 758 3276 ut
797 3210 966 3296 apud
1005 3210 1193 3298 Verg.
1235 3211 1357 3292 (III
1381 3211 1541 3292 233)
1582 3210 1927 3296 „praedam
1968 3211 2235 3296 pedibus
2267 3209 2690 3276 circumvolet
2714 3208 2948 3289 unus’f.
2978 3243 3063 3256 -

682 3317 779 3396 (4)
827 3317 999 3402 Ergo
1047 3318 1165 3382 hoc
1196 3323 1402 3403 gestu
1447 3323 1512 3399 et
1557 3318 1764 3403 digito
1808 3325 1872 3382 et
1917 3323 2097 3381 motu
2149 3318 2427 3401 corporis
2472 3316 2907 3380 adiuvandum
2947 3319 3062 3378 est.

770 3421 1205 3507 Repetitiones
1251 3443 1469 3487 omnes
1514 3425 1720 3507 ipsius
1767 3421 2029 3486 D.'esse
2076 3421 2395 3485 videntur.
2461 3420 2550 3484 At
2611 3441 2765 3486 vero
2827 3417 3065 3484 scholia

680 3525 759 3588 ad
808 3525 862 3586 V
912 3525 973 3589 2.
1002 3527 1089 3590 20
1137 3529 1422 3610 primum
1470 3548 1636 3590 nunc
1682 3526 1868 3589 nobis
1915 3524 2288 3609 exemplum
2325 3525 2660 3608 praebent,
2704 3523 2869 3608 quod
2909 3543 3064 3587 mox
3124 3547 3126 3549 ’

678 3629 1001 3713 permulta
1046 3631 1285 3695 similia
1324 3637 1691 3715 sequentur,
1732 3650 1859 3713 qua
1897 3633 2140 3694 ratione
2182 3628 2281 3693 IP
2319 3631 2384 3692 in
2427 3629 2665 3693 edendo
2704 3633 3061 3693 commento

678 3752 861 3819 saepe
908 3740 1203 3800 versatus
1248 3739 1367 3800 sit:
1418 3734 1658 3799 scholia
1707 3735 1784 3799 de
1829 3739 2021 3821 gestu
2069 3738 2322 3798 tantum
2361 3754 2490 3798 non
2527 3735 2742 3798 omnia
2778 3734 3060 3819 genuina

678 3845 862 3916 sunt,
926 3841 1145 3924 itaque
1187 3842 1257 3903 in
1303 3845 1665 3904 commento
1716 3838 1812 3918 (4)
1861 3837 2367 3923 subsequebatur
2414 3836 2528 3918 (2),
2577 3859 2804 3904 verum
2853 3836 3058 3901 editor

677 3942 709 4007 I
729 3942 775 4005 Ρ
837 3964 1020 4008 suam
1075 3943 1645 4009 correctiunculam
1691 3943 1770 4009 de
1813 3941 2156 4009 involando
2199 3945 2470 4007 inseruit
2516 3965 2628 4028 per
2672 3941 3056 4028 particulam

676 4049 783 4112 sed
800 4096 815 4125 ,
862 4048 1076 4114 addito
1120 4049 1418 4135 exemplo
1471 4052 1710 4134 inepto,

750 4339 802 4400 1)
840 4338 995 4386 Aliter
1026 4337 1174 4386 Isid
1194 4353 1385 4396 orus,
1420 4338 1520 4386 diff.
1554 4333 1683 4385 verb.
1719 4336 1817 4384 554
1853 4335 2030 4384 'rimi
2051 4336 2080 4383 d
2100 4350 2171 4383 ns
2204 4344 2274 4383 est
2303 4335 2385 4398 qui
2415 4349 2599 4399 semper
2627 4334 2785 4392 timet,
2813 4334 3060 4382 Timone

679 4434 792 4468 vero
825 4421 908 4483 qui
937 4421 995 4468 ad
1022 4428 1208 4483 tempus
1235 4419 1461 4468 formidat
1490 4434 1545 4466 ex
1574 4433 1726 4466 causa.
1759 4417 1868 4466 Tali
1896 4417 2144 4465 intellectu
2173 4416 2536 4479 distinguuntur
2563 4416 2762 4480 pavidus
2789 4420 2838 4465 et
2867 4429 3059 4480 pavens,

680 4501 905 4570 providus
939 4505 987 4551 et
1022 4501 1291 4566 providens,
1327 4503 1417 4550 etc.
