3392 5384
672 382 762 449 34
1704 406 2019 456 nonnus.

756 566 914 633 Ibid.
967 566 1053 632 83
1114 568 1293 635 Num
1353 568 1528 634 solus
1580 568 1692 636 ille
1741 570 1903 636 dona
1949 568 2099 636 dat?
2145 570 2448 643 Nuncubi
2497 592 2709 637 meam
2755 572 3047 657 benigni-

667 676 871 738 tatem
917 675 1173 739 sensisti
1217 675 1286 738 in
1334 679 1398 740 te
1445 674 1769 741 claudier?

755 777 850 843 De
897 779 1160 844 scholiis
1205 780 1538 845 rhetoricis
1585 782 1682 862 (1)
1722 781 1817 861 (3)
1863 782 2010 849 vide
2053 782 2297 849 Mnem.
2346 781 2633 847 XXXIII
2679 804 2741 867 p.
2793 782 2947 848 239.

756 883 850 965 (2)
912 884 1192 949 Possunt
1251 888 1428 950 enim
1490 887 1650 951 dona
1713 886 1850 952 dari
1898 888 2007 953 sed
2053 891 2290 974 exigua
2334 894 2448 954 aut
2494 891 2708 953 minus
2751 888 3045 967 libenter,

663 994 728 1054 et
773 990 913 1055 ideo
963 993 1353 1056 mentionem
1400 993 1819 1078 benignitatis
1868 994 2121 1059 adiecit.

753 1094 930 1177 (4),
929 1095 1132 1172 ,Num
1177 1098 1310 1161 ibi''
1360 1099 1676 1183 numquid
1723 1097 1981 1164 alicubi.
2046 1099 2143 1179 (5)
2192 1100 2327 1163 Aut
2374 1101 2431 1163 si
2478 1099 2841 1177 „nuncubi”
2889 1100 3049 1185 legi-

659 1222 840 1278 mus,
882 1203 1005 1266 erit
1043 1205 1350 1287 temporis
1391 1204 1804 1280 adverbium,
1846 1214 1920 1269 ut
1960 1205 2236 1269 sicubi
2274 1226 2397 1289 quo
2428 1207 2495 1269 in
2519 1204 2687 1283 loc0,
2715 1226 2841 1291 qua
2865 1208 2932 1269 in
2956 1226 3044 1271 re.

747 1306 844 1387 (6)
888 1307 1208 1394 Intelligit
1254 1330 1320 1374 se
1367 1316 1431 1375 et
1478 1309 1639 1375 dona
1685 1309 1994 1376 obtulisse
2033 1315 2098 1375 et
2134 1309 2200 1374 id
2242 1310 2520 1396 benigne
2558 1331 2744 1396 saepe
2783 1312 3007 1377 fecisse
3024 1330 3041 1388 ;

531 1464 540 1472 .
597 1496 600 1498 Α
655 1432 806 1476 nam
870 1412 1248 1499 plerumque
1307 1418 1561 1502 ingrata
1624 1414 1789 1480 dona
1850 1421 2034 1494 sunt,
2098 1418 2167 1480 in
2227 1413 2459 1501 quibus
2508 1417 2871 1503 benignitas
2916 1439 3046 1482 non

656 1524 949 1601 apparet,
1021 1539 1182 1604 quae
1250 1526 1362 1585 aut
1430 1522 1497 1585 in
1562 1524 1923 1607 quantitate
1987 1542 2206 1586 rerum
2272 1526 2371 1587 est
2432 1526 2545 1586 aut
2603 1524 2672 1585 in
2734 1521 3045 1587 facilitate

658 1626 1063 1706 praestantis·

746 1726 1076 1794 Scholium
1115 1718 1214 1810 (2)
1252 1732 1706 1815 compendium
1746 1737 1841 1797 est
1882 1734 2194 1817 postremi
2231 1731 2328 1812 (6)
2366 1737 2431 1797 et
2465 1734 2696 1797 merito
2719 1732 3044 1797 inclinatis

651 1830 888 1898 litteris
949 1856 1319 1920 expressum
1381 1858 1418 1901 a
1480 1836 1709 1902 Sabb.
1776 1836 1847 1902 Si
1893 1844 2114 1903 autem
2160 1838 2428 1904 debetur
2472 1838 2591 1916 IP,
2640 1841 2697 1902 is
2746 1841 3041 1904 omittere

658 1939 880 2003 debuit
937 1940 1173 2005 Donati
1233 1941 1428 2007 schol.
1491 1932 1886 2028 genuinum,
1952 1964 1989 2007 a
2037 1942 2473 2028 Oompilatore
2520 1948 2739 2029 postea
2784 1944 3044 2009 aliunde

656 2048 1054 2113 restitutum.
1137 2046 1371 2113 Sabb.
1411 2050 1608 2112 etiam
1647 2050 2019 2133 proscripsit
2043 2047 2159 2128 (5),
2202 2055 2267 2113 et
2290 2048 2605 2133 particula
2642 2054 2785 2113 aut
2820 2069 3044 2115 revera

655 2150 932 2217 indicare
978 2152 1236 2218 videtur
1281 2159 1610 2218 auctorem
1658 2154 1979 2219 diversam
2018 2174 2054 2218 a
2091 2154 2505 2239 praecedente
2553 2154 2669 2234 (4),
2716 2155 2781 2219 h.
2817 2176 2871 2219 e.
2917 2153 3043 2219 IP.

657 2254 753 2320 De
806 2259 1174 2322 nuncubi
1218 2283 1298 2307 =
1344 2279 1531 2323 num
1579 2259 1721 2324 ubi
1769 2259 1846 2323 cf.
1895 2258 2095 2323 Prisc.
2137 2258 2168 2323 I
2207 2281 2269 2344 p.
2325 2258 2428 2324 18.
2461 2258 2519 2337 1,
2568 2260 2759 2325 ubic
2806 2260 3049 2345 eupho..

655 2366 798 2427 niae
842 2384 1032 2428 causa
1077 2366 1314 2428 inserta
1359 2386 1495 2429 esse
1542 2364 1799 2429 dicitur.

746 2466 1014 2533 Restant
1073 2472 1279 2555 igitur
1339 2468 1588 2535 Donato
1651 2475 1909 2534 tantum
1970 2468 2066 2550 (4)
2118 2473 2183 2534 et
2228 2469 2346 2549 (6).
2407 2468 2856 2554 Interpolatori
2902 2469 3043 2535 red-

656 2572 884 2638 dentur
930 2575 1027 2655 (2)
1074 2582 1138 2640 et
1182 2575 1300 2656 (5),
1350 2581 1415 2640 et
1460 2576 1777 2640 rhetorico
1825 2596 1999 2661 mag.
2051 2575 2147 2656 (1)
2196 2581 2261 2640 et
2314 2574 2430 2655 (3).

746 2785 1116 2872 Sequuntur
1159 2786 1398 2852 scholia
1441 2788 1832 2872 gravissima
1880 2786 1959 2850 ad
2005 2807 2101 2852 vs.
2152 2784 2457 2851 85—88:

1013 2893 1238 2959 Nonne
1283 2893 1395 2957 ubi
1447 2895 1540 2956 mi
1585 2892 1752 2956 dixti
1798 2913 2027 2976 cupere
2075 2898 2138 2956 te
2186 2913 2264 2957 ex
2313 2892 2654 2978 Aethiopia

1015 2997 1410 3063 Ancillulam
1428 3047 1445 3075 ,
1493 2997 1735 3063 relictis
1781 2998 1969 3063 rebus
2018 2998 2316 3063 omnibus

1017 3102 1360 3183 Quaesivi?
1408 3103 1604 3169 Porro
1652 3104 2022 3168 eunuchum
2070 3100 2233 3168 dixti
2278 3103 2446 3170 velle
2494 3109 2593 3181 te,

967 3236 986 3251 ·
1014 3210 1176 3293 Quia
1221 3210 1390 3276 solae
1440 3215 1713 3275 utuntur
1758 3210 1861 3274 his
1912 3212 2172 3295 reginae

741 3314 826 3380 85
853 3315 948 3397 (1)
1017 3316 1178 3382 Plus
1249 3316 1424 3381 dixit
1487 3316 1644 3394 „ubi
1714 3314 1881 3379 dixti
1952 3336 2183 3400 cupere
2253 3313 2359 3379 te''
2423 3334 2617 3400 quam
2681 3316 2737 3377 si
2799 3313 3037 3378 diceret
3102 3366 3107 3369 .

653 3424 914 3505 „petisti
971 3428 1048 3486 ut
1111 3422 1430 3487 emerem''
1450 3442 1467 3500 ;
1533 3420 1679 3506 plus
1742 3427 1839 3486 est
1886 3424 2063 3486 enim
2108 3420 2175 3485 id
2204 3421 2653 3504 praestitisse,
2702 3420 2875 3504 quod
2922 3422 3035 3505 qui

648 3530 957 3611 acceperit
1003 3549 1126 3592 non
1175 3549 1388 3592 ausus·
1415 3528 1610 3591 fuerit
1656 3525 2009 3611 postulare.

738 3632 834 3713 (2)
897 3654 1168 3717 „cupere
1217 3631 1322 3696 te’'
1371 3631 1517 3698 vult
1563 3651 1701 3695 rem
1748 3634 1933 3715 parvi
1978 3631 2169 3715 pretii
2214 3651 2291 3694 ex
2333 3628 2515 3693 illius
2561 3629 2913 3715 cupiditate
2965 3634 3033 3694 et

647 3759 761 3803 suo
806 3737 1022 3803 labore
1068 3738 1391 3823 perpendi.

737 3844 832 3925 (3)
896 3865 1014 3923 „ex
1077 3842 1462 3929 Aethiopia’'
1527 3864 1652 3907 non
1716 3840 2273 3927 „Aethiopissam”
2336 3841 2446 3906 sed
2510 3841 2841 3906 honestius
2904 3860 3028 3919 „ex

644 3949 878 4014 Aeth.''
2560 4028 2568 4038 ι

735 4055 820 4120 86
870 4055 1045 4120 Haec
1090 4058 1223 4120 iam
1270 4056 1483 4119 omnia
1529 4056 1598 4117 in
1646 4050 1962 4117 beneficiis
2010 4050 2388 4115 considerari
2438 4050 2668 4117 solent.
2747 4108 2750 4111 .

735 4153 820 4226 87
847 4162 942 4243 (1)
991 4160 1145 4226 Vide
1192 4159 1735 4245 quemadmodum
1782 4156 2080 4221 adhibeat
2126 4163 2317 4241 atque
2365 4176 2702 4221 aerumnas
2750 4156 2872 4219 sibi
2917 4153 3037 4218 dif-

641 4266 913 4331 ficilium
953 4287 1295 4331 munerum
1335 4266 1502 4330 dicat
1538 4265 1917 4348 imposuisse
1960 4264 2399 4345 meretricemg
2438 4284 2558 4340 „ex
2598 4263 2789 4326 Aeth.
2819 4260 3029 4337 anc.'’,

640 4372 886 4454 inquit,
933 4370 1140 4448 „dixti
1178 4378 1242 4435 te
1278 4370 1374 4435 c.''
1395 4390 1411 4447 3
1463 4370 1617 4454 quid
1663 4390 1783 4453 ego
1831 4368 1952 4431 feci
1996 4371 2065 4431 in
2104 4389 2171 4432 re
2209 4366 2366 4431 caeli
2405 4387 2476 4431 ac
2516 4366 2669 4431 solis
2710 4386 2781 4431 ac
2824 4386 3029 4451 paene

644 4475 814 4540 orbis
860 4473 1162 4541 alterius?
1215 4474 1619 4555 ,‚Quaesivi’',
1667 4494 1781 4538 nec
1826 4474 1999 4537 enim
2045 4474 2113 4537 in
2159 4478 2465 4558 promptu
2503 4478 2667 4538 erat.

425 4524 442 4537 θ

318 4564 443 4589 “ff-‘¹
617 4553 637 4584 μ
702 4554 711 4574 ι
