3392 5384
665 393 796 459 328
1681 410 2045 460 Pnocornm.

757 576 900 643 Non
957 580 1172 665 magis
1234 579 1400 644 mihi
1458 580 1778 663 persuasit
1832 578 2039 644 editor
2084 598 2219 665 cap.
2268 578 2334 643 II
2380 577 2482 664 §6
2530 599 2908 665 expungens
2955 600 3071 645 vo-

665 684 878 749 culam
923 688 997 757 ὦς
1043 688 1110 749 in
1153 685 1366 750 verbis
1405 683 1801 763 ὄξυθυμωθεὶς
1847 686 2272 765 ὑπερφυῶς
2314 688 2439 764 ὥς,
2484 688 2636 771 quia
2675 685 2814 751 fieri
2852 691 3069 772 potest

665 798 739 856 ut
788 792 1136 879 Procopius
1185 791 1617 879 Thucydidis,
1667 792 2141 871 Demosthenis,
2189 792 2479 859 Platonis
2528 794 2802 859 aliorum
2848 796 3071 859 imita·

665 906 785 973 tor,
835 899 900 964 h.
927 897 971 964 l.
1021 897 1310 964 Platonis
1357 898 1651 984 exemplo
1698 902 1792 965 ita
1838 901 2184 986 scripserit.

644 1014 650 1021 ’
756 1004 850 1069 III
894 1007 929 1091 ξ
969 1005 1050 1070 15
1122 1007 1223 1069 καὶ
1279 1005 1661 1083 Καλλίγονος
1711 1006 1824 1082 μὲν
1876 1003 1977 1079 ἥδ’
2028 1008 2291 1071 ἐνταῦθα
2341 1006 2592 1085 εὑροῦσα
2642 1007 2787 1088 τῇδε
2838 1007 3065 1085 (Anto-

662 1114 876 1193 ninae)
925 1112 1256 1191 παρέδωκε.
1306 1110 1718 1198 Intellegitur
1764 1112 2021 1197 quidem
2074 1112 2175 1189 ἥδε
2222 1112 2584 1200 significare
2630 1111 3063 1191 Theodoram,

665 1219 772 1284 sed
834 1218 999 1284 nihil
1058 1223 1155 1283 est
1215 1221 1284 1283 in
1345 1219 1893 1305 praecedentibus,
1960 1219 2133 1303 quod
2190 1218 2569 1305 legitimum
2636 1219 2701 1285 h.
2726 1219 2771 1284 1.
2836 1217 3065 1285 reddat

664 1326 1059 1411 pronominis
1105 1346 1297 1389 usum
1347 1346 1460 1410 pro
1508 1326 1767 1389 nomine
1814 1324 2024 1389 aliave
2072 1324 2509 1410 Imperatricis
2557 1324 3023 1411 significatione
3043 1374 3061 1403 ,

666 1430 876 1517 qualis
937 1437 1144 1497 aetate
1206 1431 1550 1497 Iustiniani
1596 1430 1925 1496 sollemnis
1972 1432 2102 1496 fuit
2147 1431 2578 1510 δέσποινα,
2628 1438 2707 1497 ut.
2754 1432 3067 1497 discimus

666 1559 744 1603 ex
805 1558 940 1624 cap.
1006 1536 1092 1602 30
1151 1537 1318 1623 526.
1386 1537 1592 1617 Quare
1639 1538 1940 1603 lubenter
1986 1537 2421 1625 suppleverim
2472 1541 2505 1615 ἢ
2553 1537 3062 1629 &Gerre-otum).

666 1645 838 1725 Quot
873 1650 1092 1710 autem
1138 1644 1385 1710 lacunis
1431 1644 1766 1725 (brevibus
1813 1648 2219 1730 praesertim)
2267 1650 2508 1711 scateat
2556 1666 2717 1732 opus
2766 1644 3067 1731 Procopii

667 1750 768 1817 vel
815 1751 1019 1817 obiter
1060 1753 1344 1838 inspecta
1389 1751 1544 1816 haec
1592 1750 1790 1817 editio
1838 1752 2133 1818 ostendit.

759 1970 912 2057 Cap.
961 1970 1055 2035 III
1101 1967 1264 2056 §27.
1315 1968 1556 2049 ὕστερον
1606 1970 1670 2034 δὲ
1720 1971 1747 2036 ὃ
1799 1970 2117 2050 προΦήτής
2170 1970 2337 2049 αὐτῷ
2380 1970 2667 2051 (Photio)
2712 1970 3055 2052 Ζαχαρίας

673 2078 936 2148 ἐπιστὰς
999 2075 1140 2156 ὄναρ
1203 2074 1501 2157 ὅρκοις,
1567 2076 1787 2155 Φασίν,
1854 2075 2139 2141 ἐκέλευσε
2188 2075 2473 2157 Φεύγειν,
2522 2076 2954 2157 συλλήψεσθαι
3008 2076 3061 2140 οἱ

667 2186 728 2248 ἐν
775 2188 856 2264 τῷ
909 2183 1063 2265 ἔργῳ
1113 2186 1263 2265 τῷδε
1312 2184 1782 2262 ὄμολογήσα
1809 2207 1859 2255 ς.
1911 2184 2032 2249 Vix
2080 2188 2252 2249 recte
2289 2183 2429 2250 1000
2468 2204 2585 2249 suo
2622 2181 2759 2270 legi
2797 2184 3065 2250 videtur

667 2287 886 2371 ὅρκοις,
927 2293 1161 2377 quippe
1205 2291 1375 2377 quod
1415 2289 1625 2356 multo
1665 2292 1881 2376 aptius
1918 2291 2229 2377 iungatur
2267 2310 2416 2355 cum
2442 2290 2835 2368 ὁμολογήσας
2864 2311 3065 2377 quam

535 2446 542 2450 -
666 2420 814 2464 cum
865 2398 1168 2464 ἐκέλευσε.
1219 2397 1425 2477 Quare
1473 2397 1620 2463 vide
1667 2419 1749 2463 au
1788 2396 2333 2482 transponendum
2374 2398 2460 2462 sit
2498 2401 2642 2483 post
2680 2396 2836 2479 ἔργῳ
2881 2397 3063 2479 τῷδε.

758 2614 911 2707 Cap.
959 2615 1046 2680 IV
1095 2615 1219 2702 ξὸ.
1285 2614 1604 2682 Notabilis
1665 2613 1905 2680 locutio
1961 2615 2317 2701 Byzantina
2363 2618 2635 2692 μεστή
2683 2623 2825 2703 (pro
2874 2619 3061 2695 ὀργῆς

663 2725 896 2801 μεστὴ)
943 2722 1240 2801 ἐγεγόνει.
1303 2722 1518 2788 Simili
1565 2720 1781 2809 ellipsi
1831 2728 2181 2807 usurpatur
2227 2722 2500 2788 verbum
2552 2727 3063 2799 μεστοῦσθαι

664 2851 798 2915 cap.
823 2828 983 2894 XIII
1007 2831 1043 2914 ξ
1067 2828 1130 2895 3.
1173 2828 1412 2894 Melius
1452 2850 1647 2915 quam
1689 2850 1810 2916 ego
1853 2829 2084 2915 Haury
2121 2831 2190 2893 in
2224 2829 2731 2917 Byzantium-um
2758 2831 3062 2918 operibus

661 2938 1142 3002 versatissimus
1166 2935 1372 3001 dicere
1397 2938 1634 3021 poterit
1659 2942 1882 3001 utrum
1907 2934 2051 3000 aliis
2076 2934 2231 3000 locis
2259 2942 2549 3001 occurrat
2572 2935 2815 3002 locutio
2838 2939 3060 3002 minus

663 3046 984 3119 accurata,
1051 3044 1352 3127 quamvis
1412 3040 1890 3128 intelligibilis,
1956 3042 2203 3121 πότερον
2262 3044 2520 3121 ήμέρα
2584 3043 2617 3119 ἢ
2686 3043 2913 3122 νύκτωρ
2961 3042 3055 3115 εἴη

663 3161 776 3234 p'ro
827 3147 1131 3227 ἡμέρας
1181 3153 1294 3213 aut
1340 3149 1507 3225 μεθ’
1560 3148 1900 3227 ἡμέραν,
1952 3154 2028 3213 ut
2073 3147 2283 3214 solent
2326 3154 2574 3215 veteres
2620 3149 2848 3227 dicere,
2893 3169 3057 3235 quae

659 3252 906 3341 legitur
963 3276 1114 3321 mox
1177 3257 1213 3340 ξ
1254 3254 1316 3320 9.
1378 3255 1640 3321 Etenim
1704 3260 1817 3321 aut
1881 3254 2113 3335 ἡμέρας
2176 3260 2552 3342 expectatur
2611 3260 2726 3322 aut
2783 3256 2892 3332 νύξ
2938 3270 3069 3341 Ρτσ

661 3364 911 3441 νύκτωρ.

754 3566 907 3654 Gap.
954 3567 1041 3634 IV
1086 3567 1254 3653 §30‚
1302 3567 1415 3632 ubi
1463 3567 1539 3632 de
1584 3567 1895 3633 Belisario
1944 3568 2247 3632 scribitur
2283 3566 2386 3631 καὶ
2432 3567 2591 3647 χειρὶ
2635 3568 2749 3644 μὲν
2788 3568 3053 3654 ἑκατέρα

661 3675 1015 3754 περιλαβὼν
1063 3675 1257 3748 αὐτῆς
1308 3673 1729 3755 (Theodorae)
1792 3670 1992 3751 ἄμφω
2051 3673 2168 3745 τὰς
2230 3674 2506 3753 κνήμας,
2565 3675 2675 3750 τὴν
2729 3674 2790 3739 δὲ
2845 3683 3055 3753 γλῶσ-

662 3804 779 3844 σαν
841 3782 936 3844 ἀεὶ
1003 3787 1118 3844 τῶν
1181 3786 1492 3867 ταρσιῶν
1555 3785 1660 3860 (---
1708 3782 1825 3843 τῶν
1893 3778 2111 3862 ποδῶν)
2176 3788 2285 3855 τῆς
2350 3780 2641 3857 γυναικὸς
2708 3782 3059 3858 μεταβι-

649 3886 768 3963 βοὶ
790 3886 830 3969 ζ
844 3914 884 3951 ω
906 3910 965 3962 ν,
1015 3891 1120 3951 τοῦ
1170 3887 1283 3961 μὲν
1333 3886 1475 3963 βίου
1525 3886 1627 3949 καὶ
1679 3892 1789 3958 τῆς
1840 3887 2138 3963 σωτηρίας
2188 3887 2397 3950 αἶτίαν
2447 3887 2658 3951 ἐκάλει
2700 3888 2850 3967 xri„
2900 3910 3057 3955 eun-

663 3993 810 4058 dem
867 3995 1334 4079 interrogatum
1385 3990 1585 4057 velim
1631 3998 1859 4057 utrum
1908 3995 2220 4058 sermonis
2270 3992 2613 4079 Byzantini
2658 3992 2917 4081 legibus
2962 3998 3056 4063 sic

661 4100 938 4183 exprimi
1008 4102 1290 4184 potuerit
1359 4101 1710 4164 sententia:
1798 4098 2132 4164 hominem
2202 4097 2572 4165 alternatim
2642 4098 2871 4185 lingua
2939 4122 3056 4167 sua

659 4206 956 4289 tetigisse
1018 4206 1206 4290 pedes
1275 4204 1746 4290 Imperatricis,
1813 4225 1892 4269 an
1953 4207 2172 4290 potius
2217 4211 2363 4270 ante
2414 4212 2528 4269 τῶν
2577 4213 2813 4284 ταρσῶν
2858 4208 3057 4273 verba

664 4310 745 4374 ἐκ
798 4311 1132 4390 θατέρου
1196 4312 1274 4384 ἐς
1339 4312 1675 4391 θάτερον
1742 4315 1848 4391 (=
1895 4312 1998 4375 τὸν
2048 4309 2266 4390 ἕτερον,
2330 4316 2404 4375 ut
2452 4310 2614 4378 solet
2660 4312 3057 4398 Procopius),

663 4419 924 4501 periisse
989 4419 1295 4484 censenda
1350 4421 1498 4483 sint.
1565 4416 1660 4482 De
1708 4418 1825 4483 hoc
1872 4417 2119 4483 abiecto
2166 4418 2469 4481 adorandi
2513 4439 2746 4505 genere
2791 4421 2860 4483 in
2906 4418 3055 4486 aula

662 4523 1006 4589 Iustiniani
1040 4523 1340 4610 legantur
1379 4545 1541 4611 quae
1577 4523 1800 4588 scribit
1837 4524 2185 4609 Procopius
2228 4544 2364 4610 cap.
2394 4522 2480 4589 30
2520 4522 2701 4609 §232
2742 4524 3051 4601 βασιλίδα
