3392 5384
699 395 830 462 326
1712 412 2075 463 rnooorms.

689 599 838 644 sane
898 582 1035 645 sine
1093 601 1302 646 causa.
1369 579 1571 646 Tanta
1635 581 1809 646 enim
1871 580 2279 646 vehementia
2342 580 2731 645 accusatoris
2780 581 2946 658 (sive
2996 599 3095 645 ca-

687 685 1123 769 lumniatoris)
1188 694 1401 775 partes
1461 691 1779 772 suscepit,
1830 693 1902 752 ut
1947 687 2294 752 Iustiniani
2342 691 2406 751 et
2453 684 2826 751 Theodorae
2876 688 3091 753 vitam

688 813 1026 879 moresque
1098 792 1479 880 depingens,
1565 802 1888 872 monstra,
1963 792 2179 879 qualia
2250 794 2318 857 in
2387 813 2608 858 rerum
2674 797 2907 857 natura
2975 794 3093 858 vix

690 901 1012 977 existunt,
1064 922 1187 964 non
1228 901 1522 965 homines
1562 899 2164 983 (άνθρωποδαίμονας
2206 901 2342 985 ipse
2380 898 2737 964 identidem
2778 896 3093 984 appellat)

691 1003 1042 1071 describere
1082 1005 1398 1082 videatur,
1438 1009 1657 1090 itaque
1698 1005 1983 1070 dubitari
2022 1027 2148 1070 non
2186 1007 2419 1091 possit,
2462 1007 2615 1090 quin
2653 1007 2750 1069 ira
2784 1011 2849 1070 et
2872 1005 3091 1070 studio

689 1112 990 1196 abreptus
1050 1133 1149 1177 res
1215 1111 1502 1177 multum
1566 1115 2077 1199 exaggeraverit.
2143 1110 2238 1176 De
2286 1110 2614 1177 Theodora
2659 1133 2723 1176 v.
2775 1133 2827 1176 c.
2878 1133 3089 1177 unum

689 1217 1007 1284 suffecerit
1068 1219 1462 1304 exemplum,
1527 1219 1698 1304 quod
1764 1218 2123 1283 adscribam
2184 1239 2263 1283 ex
2325 1238 2461 1304 cap.
2509 1216 2607 1282 IX
2653 1216 2840 1302 §162
2884 1210 3090 1296 ’ἥσσων

689 1323 815 1404 γάρ
885 1349 981 1397 τις
1051 1321 1239 1397 οὕτως
1312 1326 1518 1400 ἡδονῆς
1590 1324 1848 1400 άπάσης
1922 1325 2159 1400 οὐδαμῆ
2179 1322 2257 1406 (Y)
2327 1324 2604 1402 γέγονεν,
2672 1324 2805 1389 ἐπεὶ
2872 1325 2977 1389 καί
3028 1325 3089 1395 ἐς

689 1430 1126 1510 ξυναγώγιμον
1187 1433 1422 1498 δεῖπνον
1485 1432 1911 1503 πολλάκις
1974 1433 2233 1496 ἐλθοῦσα
2296 1429 2403 1508 ξὺν
2468 1430 2739 1502 νεανίαις
2803 1429 3000 1495 δέκα
3054 1431 3091 1505 ἦ

690 1536 988 1602 τούτων
1048 1539 1445 1618 πλείοσιν,
1512 1538 1746 1621 ἰσχύι
1798 1563 1882 1603 τε
1931 1539 2313 1616 σώματος
2364 1535 2843 1618 άκμάζουσι
2893 1536 3091 1602 λίαν

691 1644 823 1707 καὶ
873 1646 956 1710 τὸ
1002 1645 1452 1724 λαγνεύειν
1503 1644 2099 1721 πεποιημένοις
2150 1643 2427 1724 ἔργον,
2470 1643 2931 1726 ξυνεκοιτάζετο
2973 1645 3093 1721 μὲν

691 1758 818 1821 τοῖς
879 1751 1246 1824 συνδείπνοις
1310 1749 1572 1817 ἅπασι
1636 1755 1777 1825 την
1836 1752 2090 1817 νύκτα
2152 1746 2361 1830 ὅλην,
2414 1751 2662 1815 ἐπειδὰν
2712 1752 2774 1817 δὲ
2822 1751 2968 1831 πρὸς
3018 1752 3092 1817 τό

692 1854 862 1934 ἔργον
925 1862 1102 1922 τοῦτο
1162 1857 1397 1930 πάντες
1461 1859 1803 1935 άπείποιεν,
1870 1858 1970 1936 ἥδε
2037 1857 2209 1936 παρὰ
2273 1857 2415 1928 τοὺς
2468 1857 2703 1921 ἐκείνων
2750 1856 3095 1930 οἰκέτας

694 1963 874 2026 ἰοῦσα
937 1962 1386 2042 τριάκοντα
1434 1964 1715 2043 ὄντας,
1764 1964 1847 2045 ἂν,
1889 1963 2040 2029 οὕτω
2088 1963 2304 2044 τύχοι,
2353 1962 2751 2045 ξυνεδυάζετο
2800 1965 2914 2040 μὲν
2968 1967 3097 2030 αὖ·

693 2071 840 2133 τῶν
890 2068 1240 2151 ἑκάστῳ,
1288 2070 1512 2150 κόρον
1559 2071 1635 2136 δὲ
1685 2072 1840 2137 οὐδ’
1883 2067 1978 2142 ὥς
2016 2069 2330 2144 ταύτης
2372 2070 2457 2144 δη
2498 2076 2641 2143 τῆς
2679 2073 3090 2147 μισητίας

693 2173 1203 2252 ἐλάμβανεν.
1278 2177 1450 2257 Quot
1519 2179 1747 2256 verba,
1820 2184 1918 2243 tot
1986 2173 2556 2264 exaggerationes!
2624 2197 2787 2263 quae
2850 2198 3090 2263 quaeso

692 2287 922 2347 natura
994 2283 1329 2349 muliebris
1401 2283 1556 2350 talia
1624 2285 1833 2361 semel,
1906 2283 2139 2349 nedum
2206 2283 2566 2361 identidem,
2631 2283 3093 2350 sustinuisset?

691 2387 992 2454 Puellula
1048 2396 1411 2477 comparata
1459 2412 1607 2456 cum
1653 2393 1780 2455 ista
1827 2391 2067 2455 famosa
2114 2389 2321 2476 qualis
2366 2411 2403 2454 a
2451 2388 2742 2460 Iuvenali
2790 2391 3094 2457 describi-

695 2500 802 2559 tur
847 2499 1154 2560 meretrix
1199 2494 1582 2562 Messalina!

783 2601 1096 2681 Quamvis
1157 2605 1366 2689 igitur
1428 2602 1612 2669 valde
1662 2609 1849 2668 aucta
1899 2605 2029 2668 sint
2078 2608 2144 2668 et
2192 2607 2579 2690 exaggerata
2609 2601 2655 2685 ¹)
2702 2626 2823 2669 non
2874 2604 3091 2671 solum

690 2710 761 2772 in
809 2708 1268 2794 ImperatoreS‚
1312 2710 1418 2775 sed
1461 2712 1656 2775 etiam
1696 2712 1764 2772 in
1808 2710 2197 2774 Antoninam
2240 2715 2302 2774 et
2344 2709 2731 2774 Belisarium
2771 2709 3092 2796 aliosque,

691 2835 875 2898 saepe
933 2819 1002 2879 in
1058 2814 1389 2881 Bellorum
1439 2817 1708 2881 historia
1755 2837 1792 2880 a
1839 2817 2152 2902 Procopio
2202 2816 2532 2894 laudatos,
2583 2819 2889 2897 crimina,
2939 2839 3093 2903 quo-

691 2922 907 2984 minus
956 2927 1170 2985 tamen
1218 2925 1434 2986 omnia
1479 2921 1891 3008 impudenter
1938 2923 2084 2988 ficta
2136 2945 2271 2988 esse
2322 2923 2687 2999 credamus,
2739 2923 2865 2988 duo
2913 2945 3093 3010 prae-

691 3029 911 3090 sertim
975 3028 1333 3112 prohibent,
1397 3051 1546 3094 cum
1609 3035 1868 3115 tempus
1934 3050 2058 3114 quo
2107 3031 2386 3094 Historia
2432 3051 2656 3094 arcana
2704 3033 2941 3116 scripta
2988 3035 3090 3095 est

690 3138 771 3213 (c.
824 3130 955 3197 550
1004 3156 1066 3219 p.
1119 3132 1218 3214 O.)
1281 3138 1478 3200 aetati
1539 3136 1970 3202 Iustinianeae
2026 3140 2429 3222 proximum,
2481 3138 2850 3203 viventibus
2896 3139 3087 3224 regni

689 3240 828 3303 eius
865 3238 1236 3325 aequalibus
1270 3247 1460 3327 atque
1500 3245 1806 3320 consciis,
1848 3250 1990 3307 tum
2032 3243 2200 3328 quod
2240 3245 2502 3329 egregie
2540 3265 2689 3308 cum
2714 3245 3085 3329 principum

687 3345 1098 3429 improbitate
1163 3350 1438 3413 concinit
1500 3351 1735 3414 misera
1795 3349 2062 3434 Imperii
2123 3348 2256 3413 illis
2316 3349 2718 3434 temporibus
2776 3348 3083 3415 conditio·

688 3451 897 3531 Quare
971 3456 1324 3520 necessario
1404 3455 1600 3520 huius
1678 3457 1887 3540 operis
1964 3455 2176 3540 aliqua
2256 3454 2543 3521 habenda
2603 3462 2701 3521 est
2762 3457 3086 3522 historicis

689 3560 882 3636 ratio,
933 3580 1076 3622 cum
1128 3563 1506 3645 praesertim
1554 3561 1679 3626 alia
1728 3561 1940 3627 multa
1989 3564 2313 3627 contineat
2359 3565 2524 3627 scitu
2572 3562 2973 3649 dignissima.

777 3664 962 3729 Hauc
1030 3671 1249 3743 autem
1320 3665 1863 3752 Procopianorum
1935 3671 2322 3754 scriptorum
2392 3675 2642 3754 partem
2712 3671 3083 3754 nuperrime

685 3772 960 3837 IACOBUS
1007 3771 1250 3836 HAURY
1297 3782 1444 3858 post
1492 3775 1617 3839 duo
1659 3773 1998 3840 volumina
2038 3775 2224 3839 Bella
2264 3777 2687 3855 continentia,
2730 3775 2806 3840 de
2848 3775 3084 3861 quibus

687 3877 954 3942 antehac
1015 3877 1428 3958 rettulimus,
1495 3883 1735 3946 eximia
1783 3883 2169 3967 sagacitate,
2221 3880 2596 3967 diligentia,
2646 3881 2805 3960 fide,
2853 3902 2932 3946 ex
2982 3902 3084 3946 co-

688 3984 936 4049 dicibus
984 3990 1095 4050 aut
1145 3988 1431 4070 primum
1480 3993 1593 4051 aut
1641 3987 1847 4052 denuo
1894 3989 2213 4067 excussiS,
2263 3987 2466 4053 edidit
2512 3986 2903 4073 perpolitam
2943 4008 3086 4074 pro·

755 4231 808 4296 1)
864 4231 1003 4280 Nihil
1049 4231 1098 4279 in
1144 4230 1234 4280 hoc
1280 4246 1453 4294 genere
1497 4230 1758 4280 iocularius
1803 4230 1863 4280 iis
1910 4247 2031 4295 quae
2066 4231 2293 4295 leguntur
2326 4230 2495 4282 XVIII
2531 4231 2632 4293 §42
2670 4229 2854 4280 θᾶσσον
2887 4231 2987 4294 γὰρ
3024 4228 3085 4280 ἄν

687 4331 784 4370 τις,
835 4309 991 4374 οῒμοιι,
1044 4312 1136 4369 τῆν
1184 4315 1336 4361 πᾶσιν
1382 4311 1591 4374 ψάμμον
1638 4310 2006 4378 ἔξαριθμῆσειεν
2052 4313 2083 4370 ἢ
2128 4312 2275 4371 ὅσους
2328 4313 2354 4361 ὁ
2400 4313 2644 4375 βασιλεὺς
2681 4305 2827 4370 οὗτος
2861 4311 3083 4378 άνῇρηκε.

687 4394 778 4452 τῆν
826 4393 880 4444 δὲ
925 4393 1097 4458 χώραν
1149 4391 1234 4444 ix?
1282 4396 1523 4443 πλεῖστον
1563 4392 1981 4456 διαριθμούμενος,
2016 4395 2160 4456 ἤνπερ
2196 4393 2373 4458 ’ἔρημον
2409 4399 2507 4443 τῶν
2546 4392 2856 4444 ἐνοικούντων
2890 4393 3089 4460 ξυμπί-

687 4493 879 4526 πτωκεν
925 4472 1064 4537 εῖναι,
1109 4475 1432 4538 μυριάδας
1478 4474 1816 4538 μυριάδων
1854 4476 2091 4538 μυρίας
2134 4476 2266 4539 φημί
2299 4475 2631 4527 ἀπολωλέναι.
2684 4477 2815 4527 Scire
2847 4478 3083 4542 pervelim

685 4561 802 4622 quot
837 4558 1049 4609 homines
1082 4558 1203 4608 salvi
1238 4558 1500 4609 evaserint!
