3392 5384
1222 396 1310 444 1111
1355 394 1678 445 summme
1724 395 2043 444 mmmoo.
2681 376 2811 447 359

423 560 528 627 καὶ
594 562 622 626 ὅ
686 561 787 628 τὸν
851 563 1153 648 Πειρίθουν
1198 561 1460 645 γράψας
1509 561 1634 629 εἴτε
1689 548 1936 643 Κριτίοὶς
1990 562 2156 627 ἐστὶν
2204 562 2231 627 ὃ
2281 564 2563 645 τύραννος
2615 565 2648 641 ἢ
2696 567 2813 633 Εὖ-

421 670 690 751 ριπίδης,
740 669 940 749 λέγων
990 667 1212 743 οὕτως·

963 772 1060 867 ἵνα
1110 776 1489 858 πλημοχόας
1539 775 1721 842 τάσδ’
1774 777 1861 849 εἷς
1910 775 2149 856 χθόνιον

1051 882 1262 964 χάσμ’
1310 884 1607 964 εὐφήμως
1655 882 2037 964 προχέωμεν.

509 989 685 1055 Haec
734 992 950 1059 omnia
1003 1010 1206 1075 usque
1268 990 1349 1055 ad
1411 996 1733 1056 extremos
1794 1010 2017 1056 versus
2073 994 2504 1076 anapaesticos
2558 996 2812 1081 ‚integra

417 1095 497 1161 ab
536 1095 861 1161 Athenaeo
901 1117 978 1161 ex
1019 1095 1350 1182 Pamphili
1385 1096 1591 1162 lexico
1631 1096 1969 1181 desumpta
2010 1117 2145 1162 esse
2184 1100 2240 1161 si
2278 1097 2811 1168 demonstraveris

415 1212 585 1268 certe
648 1203 1093 1268 testimonium
1154 1201 1230 1267 de
1276 1201 1470 1268 dubia
1518 1194 1852 1267 authentia
1897 1202 2180 1268 Pirithoi
2227 1202 2478 1269 fabulae
2526 1204 2603 1271 ad
2651 1210 2812 1273 anti-

416 1311 704 1395 quiorem
771 1306 1285 1375 Grammaticum
1306 1357 1321 1387 ,
1387 1317 1577 1393 atque
1639 1330 1791 1374 eum
1854 1306 2386 1389 Alexandrinum,
2436 1314 2808 1398 graviorem

411 1417 628 1501 itaque
689 1417 758 1479 in
827 1416 1018 1481 rebus
1089 1417 1327 1483 criticis
1387 1413 1600 1480 multo
1662 1435 1854 1500 quam
1920 1415 2327 1481 Athenaeum
2389 1424 2806 1503 promoveris.

412 1521 538 1587 Sed
599 1527 982 1608 poteruntne
1029 1520 1189 1586 talia
1234 1524 1422 1588 certis
1471 1522 1873 1607 argumentis
1920 1526 2030 1585 aut
2081 1521 2335 1607 probari
2360 1529 2491 1607 ⁴aut
2539 1526 2807 1613 negari?

416 1628 590 1693 Mihi
651 1628 910 1713 quidem
970 1631 1234 1714 propter
1292 1626 1461 1692 illud
1523 1626 1653 1691 καὶ
1723 1632 1869 1691 ante
1931 1627 2127 1692 verba
2172 1628 2200 1692 ὅ
2249 1654 2284 1693 τ
2338 1654 2365 1692 ν
2414 1640 2493 1695 Π.
2542 1632 2804 1712 γράψαι·

411 1754 609 1820 aeque
653 1732 978 1819 probabile
1025 1733 1285 1823 videtur
1328 1736 1550 1819 ipsum
1594 1733 2004 1797 Athenaeum
2051 1754 2176 1797 non
2224 1755 2259 1799 e
2305 1734 2649 1821 Pamphilo
2696 1739 2807 1805 sed

410 1862 487 1905 ex
532 1840 660 1906 alio
705 1841 878 1905 fonte
918 1838 1150 1905 ultima
1190 1839 1542 1917 addidisse,
1585 1860 1735 1904 cum
1774 1840 2153 1923 praesertim
2192 1861 2395 1926 neque
2434 1841 2805 1931 Hesychius

406 1949 476 2027 (i.
531 1968 590 2012 v.
663 1945 1096 2027 Πλημοχόας),
1169 1948 1352 2011 cuius
1424 1945 1904 2011 adnotationem
1966 1948 2281 2030 excerptis
2351 1947 2803 2034 Diogenianeis

405 2072 566 2138 quae
604 2073 682 2117 ex
722 2051 1062 2138 Pamphilo
1103 2052 1429 2117 fluxerunt
1465 2052 1681 2117 deberi
1718 2056 2006 2130 constat,
2062 2072 2267 2137 neque
2308 2051 2550 2119 Pollux
2589 2056 2654 2120 X
2694 2054 2801 2138 ¹74,

405 2165 518 2225 aut
582 2159 966 2225 Eustathius
1031 2160 1111 2225 ad
1183 2158 1259 2224 11.
1325 2168 1375 2223 E
1429 2156 1580 2224 598.
1628 2158 1735 2236 18,
1812 2158 1975 2224 hanc
2039 2157 2370 2245 Pamphili
2430 2163 2805 2249 interpreta-

405 2267 649 2332 tionem
707 2265 1087 2342 referentes,
1149 2286 1374 2331 versus
1438 2286 1514 2329 ex
1576 2264 1870 2330 Pirithoo
1931 2264 2185 2330 addant.
2242 2264 2641 2354 Quapropter
2689 2272 2801 2336 vix

405 2371 755 2458 quidquam
816 2393 930 2438 nos
995 2372 1246 2437 docebit
1305 2393 1420 2457 pro
1481 2376 1654 2436 certo
1718 2371 2084 2436 Athenaeus
2147 2392 2340 2457 quam
2388 2372 2506 2437 hoc
2527 2420 2544 2452 ,
2591 2376 2800 2461 ipsius

403 2483 610 2544 aetate
671 2479 866 2547 fuisse
928 2479 1222 2544 homines
1284 2479 1396 2562 qui
1460 2476 1828 2543 dubitarent
1877 2475 2196 2544 Critiaene
2246 2480 2587 2545 tribuenda
2632 2488 2799 2547 esset

401 2585 730 2651 Pirithous
804 2583 1022 2649 fabula
1097 2604 1180 2649 an
1254 2582 1573 2669 Euripidi.
1654 2581 2032 2649 Cuiusmodi
2094 2581 2290 2649 dubia
2352 2586 2795 2668 Athenaeum,

400 2696 474 2755 ut
542 2691 897 2756 doctrinam
967 2690 1288 2756 affectaret
1357 2692 1682 2767 criticam,
1754 2689 1930 2755 haud
1996 2692 2300 2775 ignotum
2363 2698 2461 2757 est
2522 2691 2797 2761 libenter

398 2796 774 2883 protulisse,
861 2818 1256 2883 quamquam
1324 2799 1394 2862 in
1465 2798 1692 2863 ceteris
1762 2818 1889 2862 non
1960 2796 2087 2862 fuit
2156 2796 2609 2877 κριτικώτσιτος.
2695 2800 2796 2867 Ita

396 2906 783 2969 testimoniis
820 2903 1112 2991 Lysiacis
1149 2906 1220 2969 in
1257 2902 1552 2989 catalogo
1595 2904 2005 2969 hetaerarum
2045 2924 2223 2983 usus,
2264 2925 2428 2989 quae
2452 2905 2793 2994 neglegere

397 3033 548 3077 eum
616 3034 739 3077 non
810 3013 964 3076 sinit
1033 3009 1345 3089 eruditio,
1418 3011 1785 3095 frequenter
1846 3010 2023 3075 addit
2085 3011 2136 3074 εἰ
2200 3013 2447 3088 γνήσιος
2510 3012 2538 3077 ὅ
2602 3012 2791 3091 λόγος

396 3124 487 3204 (p.
538 3116 742 3183 586ss
802 3122 866 3182 et
928 3138 991 3203 p.
1043 3114 1246 3181 59213}
1319 3137 1397 3181 ex
1445 3118 1731 3181 oratione
1779 3118 1847 3181 in
1894 3116 2161 3181 Laidem
2210 3115 2633 3204 neglegenter
2694 3118 2792 3185 bis

393 3223 567 3292 idem
605 3225 880 3290 referens
919 3224 1397 3309 fragmentum,
1441 3243 1505 3306 p.
1552 3220 1753 3289 5920
1794 3243 1871 3287 ex
1911 3224 2196 3287 oratione
2241 3224 2309 3286 in
2354 3223 2791 3308 Philonidem)

397 3336 462 3396 et
500 3329 665 3396 illud
702 3329 966 3415 quidem
1004 3330 1272 3395 fortasse
1314 3349 1571 3394 summo
1609 3330 1751 3393 iure
1789 3328 1977 3407 facit,
2020 3333 2239 3393 tamen
2280 3331 2443 3394 mire
2466 3312 2796 3397 afficimur

397 3439 454 3502 si
522 3436 818 3503 videmus
887 3436 1293 3501 Athenaeum
1363 3433 1583 3501 eodem
1658 3433 1812 3500 fo‘lio
1881 3455 2008 3520 quo
2082 3436 2301 3499 emisit
2346 3434 2529 3501 illud
2592 3436 2650 3501 εἴ
2710 3462 2789 3516 γε

393 3544 642 3621 γνήσιος
704 3542 731 3607 ὅ
796 3542 984 3621 λόγος
1041 3540 1540 3608 historiunculas
1585 3540 1866 3627 proferre
1914 3540 1989 3607 de
2035 3539 2345 3626 Sophocle
2392 3561 2675 3609 amorem
2724 3546 2792 3610 in

398 3647 878 3715 meretriculam
940 3647 1320 3716 Theoridem
1368 3668 1481 3734 per
1527 3649 1762 3713 cantici
1810 3668 2070 3713 versum
2110 3647 2323 3727 ’,,Φ1λη
2370 3648 2497 3730 γὰρ
2546 3649 2579 3723 ἦ
2632 3658 2791 3717 Θεω-

395 3754 528 3835 ρΙς”
592 3754 1012 3841 significante.
1078 3754 1202 3834 Qui
1263 3759 1526 3819 eatenus
1586 3754 1982 3820 comicorum
2043 3752 2194 3818 lusu
2254 3753 2379 3819 sibi
2423 3756 2671 3841 imponi
2718 3778 2790 3822 ac

392 3864 564 3928 iocos
610 3883 723 3948 pro
767 3863 932 3927 serio
973 3860 1289 3927 venditari
1328 3860 1453 3925 sibi
1494 3862 1684 3939 sinit,
1727 3858 1920 3925 illene
1960 3859 2197 3947 dignus
2236 3867 2334 3926 est
2374 3862 2558 3927 cuius
2598 3863 2791 3929 verba

395 3986 508 4054 pro
552 3969 925 4054 gravissimi
969 3969 1150 4032 testis
1200 3966 1623 4033 declaratione
1674 3963 2103 4051 accipiamus?

486 4073 669 4140 Nihil
727 4077 947 4160 itaque
1008 4094 1129 4159 ego
1190 4095 1268 4140 ex
1333 4073 1650 4138 Athenaei
1706 4074 2076 4138 testimonio
2138 4072 2343 4138 efficio
2389 4094 2585 4159 quam
2630 4075 2787 4142 hoc:

393 4179 646 4246 saeculo
709 4178 828 4245 1v⁰
886 4179 1085 4245 fuisse
1130 4181 1244 4264 qui
1290 4178 1696 4258 dubitarent,
1756 4183 1981 4243 utrum
2028 4178 2401 4244 Pirithoum
2447 4178 2789 4267 Euripides

393 4306 476 4352 an
522 4284 758 4355 Critias
806 4287 1183 4374 scripsisset.
