3392 5384
1383 407 1695 458 nonnus.
2612 387 2744 455 199

438 575 595 642 Sab
614 577 673 642 b.
718 575 964 641 Donato
1004 575 1179 641 dedit
1202 575 1300 657 (3)
1326 581 1391 642 et
1416 575 1531 656 (4),
1557 573 2004 660 interpolatori
2027 573 2124 655 (1)
2151 579 2216 640 et
2239 575 2357 658 (2).
2393 576 2744 642 Assentior.

435 682 600 748 Ibid.
654 683 741 746 34
804 679 926 748 Oui
973 685 1184 768 magis
1232 684 1431 748 bonae
1479 681 1818 748 felicitates
1867 701 2091 746 omnes
2137 681 2438 748 adversae
2487 685 2654 748 sient

436 786 535 868 (1)
603 787 1027 853 Felicitas
1099 788 1453 854 adversa
1521 794 1654 864 est,
1729 809 1878 852 cum
1949 808 2027 852 ex
2089 791 2511 873 prosperitate
2575 790 2743 875 quod

335 894 554 960 laedat
599 896 903 960 nascitur.
1022 895 1121 974 (2)
1163 894 1460 972 „Bonae”
1496 915 1790 980 magnae.
1833 893 2014 959 Nove
2039 901 2257 959 autem
2284 895 2451 960 dixit
2473 916 2742 982 magnas

338 1001 681 1066 felicitates
727 1001 853 1066 sibi
899 1000 1255 1080 adversari,
1296 1023 1371 1066 eo
1410 1001 1580 1087 quod
1620 1003 1944 1088 virginem
1986 1005 2202 1066 tantae
2241 1001 2742 1086 pulchritudinis

338 1129 423 1173 ex
491 1107 695 1172 oculis
765 1109 1088 1186 amiserit;
1162 1129 1313 1173 uam
1384 1108 1620 1173 vidisse
1690 1128 1834 1172 eam
1903 1105 2230 1173 felicitatis
2289 1107 2567 1186 iudicat,
2631 1109 2742 1174 sed

336 1215 633 1278 amisisse
695 1211 999 1278 adversae
1060 1213 1407 1279 felicitatis.
1596 1213 1693 1294 (3)
1753 1213 1838 1278 Et
1902 1212 2072 1299 quod
2134 1212 2382 1278 addidit
2430 1214 2740 1292 „bonae'',

338 1319 449 1384 vel
511 1340 859 1405 magnae
922 1326 987 1385 et
1049 1311 1363 1385 nimiae
1425 1319 1889 1406 intelliguntur
1935 1319 2040 1386 vel
2089 1320 2358 1383 ἐπίθετον
2403 1323 2739 1406 proprium

337 1432 412 1492 et
455 1433 843 1512 perpetuum
882 1425 1275 1491 felicitatum
1315 1432 1412 1491 est
1456 1426 1762 1504 „bonae''.
1815 1463 1899 1476 -
1947 1426 2044 1507 (4)
2085 1433 2142 1490 et
2179 1449 2396 1508 mayna
2436 1423 2738 1506 ἔμφασις,

338 1536 503 1618 quod
528 1532 887 1618 felicitates
912 1533 1255 1616 plurabc'ter
1283 1533 1490 1615 posuit
1528 1533 1655 1611 (W.
1698 1546 1803 1611 c.).
1853 1569 1937 1582 -
1977 1531 2236 1597 ἐπίθετα
2275 1543 2492 1598 autem
2533 1533 2740 1598 tribus

338 1639 422 1704 de
458 1641 668 1704 causis
706 1640 1076 1704 nominibus
1116 1639 1475 1704 adduntur:
1516 1639 1952 1716 discretionis,
1985 1640 2422 1725 proprietatis,
2457 1645 2738 1704 ornatus.

336 1745 757 1811 Discretionis
811 1751 887 1809 ut
936 1751 1045 1822 „et
1092 1745 1421 1832 Phrygiae
1466 1745 1780 1810 molimur
1824 1746 2153 1810 montibus
2196 1744 2410 1823 Idae'',
2459 1748 2740 1831 proprie-

334 1854 529 1928 tatis,
594 1857 673 1915 ut
735 1851 1055 1928 „terribili
1100 1854 1435 1936 impexum
1488 1857 1697 1916 saetae
1745 1872 1895 1916 cum
1942 1851 2240 1916 dentibus
2289 1850 2498 1916 albis''
2548 1853 2736 1932 (Aen.

338 1959 461 2025 VII
496 1956 678 2040 667),
722 1963 1018 2037 ornatus,
1060 1964 1136 2023 ut
1177 1959 1391 2037 „alma
1430 1958 1673 2036 Venus,
1716 1957 1878 2024 coeli
1917 1959 2140 2023 subter
2177 1958 2459 2024 labentia
2506 1958 2734 2044 signa''

338 2067 560 2147 (Lucr.
611 2066 643 2131 I
691 2065 782 2146 2).
2805 2151 2816 2158 ⁶

430 2173 679 2259 Incipio
726 2193 763 2238 a
809 2173 906 2254 (3)
954 2176 1019 2238 et
1062 2173 1161 2252 (4)
1203 2193 1399 2258 quae,
1452 2176 1508 2238 si
1553 2175 1914 2258 excipimus
1964 2171 2286 2237 emblema
2323 2193 2362 2238 a
2405 2171 2737 2237 Wessnero

337 2286 676 2357 notatum,
722 2301 930 2344 unum
978 2278 1297 2344 scholium
1346 2282 1752 2345 constituunt
1790 2279 2038 2344 Donato
2077 2279 2549 2364 adsignandum
2587 2300 2737 2344 cum

336 2392 606 2472 propter
650 2387 1007 2450 iustissima
1052 2385 1381 2472 exempla,
1432 2392 1575 2450 tum
1626 2390 1885 2471 propter
1924 2385 2208 2471 aliquam
2245 2387 2734 2471 congruentiam

333 2514 487 2559 cum
536 2492 977 2578 epithetorum
1024 2492 1341 2557 divisione
1388 2479 1558 2577 apud
1604 2491 1907 2557 Servium
1955 2490 2035 2556 ad
2075 2492 2233 2556 Aen.
2275 2490 2306 2554 I
2349 2488 2509 2556 178:
2561 2493 2734 2577 „epi-

338 2599 525 2664 theta
596 2644 611 2662 .
642 2647 656 2663 .
688 2646 702 2664 .
764 2602 879 2662 aut
934 2596 1014 2662 ad
1072 2603 1541 2683 augmentum,
1605 2603 1720 2662 aut
1767 2597 1846 2662 ad
1895 2597 2440 2673 diminutionum,
2491 2603 2605 2661 aut
2654 2597 2732 2663 ad

329 2706 946 2771 discretionem
987 2706 1137 2788 poni
1179 2703 1461 2782 solent'';
1504 2726 1619 2769 nec
1656 2725 1783 2770 non
1824 2706 2163 2770 verissima
2202 2709 2352 2768 sunt
2391 2724 2553 2789 quae
2579 2704 2735 2769 dicit

328 2813 414 2877 de
485 2811 733 2898 duplici
802 2809 1273 2897 significatione
1343 2810 1645 2876 adiectivi
1722 2811 2014 2875 bonus.
2202 2810 2374 2874 Hinc
2441 2813 2736 2896 sequitur

328 2918 530 2985 schol.
573 2917 693 2999 (2),
742 2918 855 2982 ubi
906 2917 1195 2994 „bonae”
1246 2941 1326 2966 =
1363 2938 1636 3003 magnae
1685 2923 2054 2995 sumuntur,
2104 2938 2299 3003 quam
2347 2917 2732 2983 decisionem

326 3024 413 3090 D.
460 3026 717 3102 omisi-t,
766 3022 932 3088 alius
978 3044 1113 3088 esse
1160 3026 1474 3103 auctoris,
1521 3045 1648 3089 non
1693 3023 1941 3109 illepidi
1990 3023 2286 3110 quidem,
2329 3029 2404 3088 ut
2444 3028 2541 3088 est
2579 3045 2732 3089 non-

324 3150 694 3216 numquam
756 3129 879 3194 IP.
951 3129 1216 3194 Accedit
1285 3135 1503 3195 autem
1575 3130 1728 3207 hoc,
1801 3129 1971 3215 quod
2035 3132 2287 3195 concisa
2349 3135 2413 3195 et
2475 3128 2732 3217 elegans

326 3237 625 3303 definitio
671 3234 1042 3313 „felicitatis
1092 3235 1435 3301 adversae’'
1477 3238 1545 3301 in
1587 3237 1683 3316 (l)
1725 3237 1975 3302 Donato
2023 3235 2402 3321 dignissima
2448 3235 2728 3314 videtur,

325 3350 402 3410 at
462 3364 617 3409 cum
679 3342 798 3407 hoc
845 3362 1096 3427 quoque
1142 3363 1269 3406 non
1317 3342 1588 3427 quadrat
1633 3343 1752 3424 (2),
1799 3343 1912 3408 ubi
1963 3342 2310 3420 „adversae
2359 3341 2568 3406 sient’'
2621 3341 2731 3406 du-

326 3453 505 3517 citur
567 3470 604 3515 a
669 3449 861 3514 verbo
910 3448 1367 3514 adversari.
1442 3448 1667 3535 Itaque
1717 3447 2058 3526 conclud0,
2108 3448 2437 3513 Donatum
2483 3447 2729 3513 dedisse

327 3557 435 3638 (1)
494 3556 593 3638 (3)
656 3561 721 3620 et
781 3553 878 3633 (4)
936 3556 1073 3619 sine
1137 3553 1523 3624 emblemate
1554 3555 1621 3636 ¹),
1693 3555 2029 3620 Editorem
2088 3557 2429 3620 inseruisse
2498 3553 2596 3635 (2)
2665 3560 2732 3619 et

330 3665 606 3728 initium
668 3665 777 3724 τοῦ
832 3659 948 3741 (4),
1012 3663 1251 3726 omisso
1313 3661 1429 3742 (3),
1496 3662 1668 3747 quod
1730 3661 2124 3746 Compilator
2169 3661 2376 3726 denuo
2420 3663 2488 3724 in
2535 3682 2729 3725 suum

325 3769 550 3834 locum
597 3769 919 3845 restituit,
961 3769 1115 3832 satis
1154 3768 1411 3852 stupide
1451 3775 1597 3833 ante
1635 3767 2189 3853 interpolationem
2229 3765 2457 3832 scholii
2480 3771 2727 3853 quarti;

329 3875 446 3940 sed
492 3873 650 3940 talia
697 3872 809 3938 ille
857 3895 981 3938 non
1030 3874 1313 3939 curabat.

425 3979 660 4046 Sabb.
711 3979 907 4065 longe
952 3978 1138 4044 aliter
1188 3981 1283 4061 (l)
1330 3979 1428 4058 (3)
1476 3985 1542 4046 et
1585 3979 1682 4061 (4)
1730 3979 2074 4064 inclinatis·
2102 3979 2340 4043 litteris
2380 3981 2728 4064 expressit,

326 4089 460 4151 nisi
507 4086 713 4172 quod,
762 4092 1013 4170 praeter
1059 4085 1177 4168 (2),
1228 4087 1425 4150 etiam
1469 4089 1736 4151 initium
1787 4085 2014 4151 scholii
2060 4087 2272 4172 quarti
2318 4085 2395 4150 de
2441 4085 2730 4171 emphasi

328 4193 585 4259 Donato
636 4192 921 4278 reliquit.

422 4299 585 4365 Ibid.
636 4299 726 4364 40
786 4298 987 4364 Illum
1032 4299 1237 4385 liquet
1286 4299 1451 4365 mihi
1498 4300 1779 4366 deierare

404 4544 461 4610 1)
496 4544 607 4592 Hoc
639 4557 827 4608 qnoque
862 4542 1045 4592 redolet
1075 4543 1170 4603 IP,
1204 4542 1289 4607 qui
1325 4544 1454 4592 amat
1488 4539 1712 4605 ’ἔμφασιν
1747 4544 1795 4592 et
1830 4537 2251 4604 ἐμφαντικώτερον.

910 4871 943 4897 Ο
