3392 5384
1379 435 1696 487 nonnus.
2606 419 2739 487 225

442 602 581 669 Hoc
647 604 738 668 sic
804 605 987 668 auxit
1053 602 1207 669 Ed.:
1272 602 1369 684 (2)
1430 603 1517 668 Et
1578 602 1920 668 honorifice
1984 608 2174 688 atque
2232 607 2309 669 ut
2356 604 2564 669 sobria
2609 626 2738 670 non·

352 709 516 774 dixit
580 709 1077 787 „temulentior”
1152 717 1360 789 <aut>
1412 708 1797 787 „lascivior”
1851 709 2007 787 <sed
2059 708 2484 789 '„hilarior’'>.
2622 710 2740 775 Ille

353 838 477 881 non
536 814 858 881 intellexit
920 816 1290 893 „hilariori”
1353 818 1487 881 iam
1556 813 1886 882 Chremeti
1932 818 2168 901 opponi
2214 816 2499 903 rigidum
2546 816 2737 881 illum

353 928 419 989 et
464 944 791 989 morosum
840 924 908 986 in
955 921 1051 987 III
1099 922 1161 987 3.

444 1029 606 1094 Ibid.
657 1028 698 1094 8
771 1029 869 1093 An
916 1029 1077 1094 abiit
1122 1030 1254 1093 iam
1298 1048 1341 1093 a
1385 1025 1639 1095 milite?
1710 1025 1845 1094 Oh.
1894 1028 2320 1107 Iamdudum,
2370 1034 2647 1095 aetatem

447 1134 647 1200 Don.:
710 1134 805 1216 (1)
874 1134 1037 1215 Quia
1109 1133 1573 1211 „iamdudum”
1647 1135 1935 1200 infinitae
1974 1156 2222 1201 ·morae
2295 1141 2424 1215 est,
2499 1136 2746 1203 addidit

364 1241 745 1319 „aetatem’',
786 1276 873 1289 --
909 1245 987 1305 ut
1025 1239 1385 1306 ostenderet
1424 1239 1706 1307 multum
1751 1241 1982 1306 abiisse
2019 1243 2358 1327 temporiS,
2402 1247 2474 1306 ut
2500 1242 2743 1308 factum

358 1352 474 1412 est.
542 1384 628 1395 —
689 1346 785 1426 (2)
847 1368 962 1433 pro
1022 1346 1377 1433 longinquo
1438 1352 1766 1433 tempore,
1831 1353 1908 1411 ut
1968 1345 2258 1411 Lucilius
2323 1357 2440 1423 „ut
2502 1346 2744 1411 multos

358 1473 731 1539 mensesque
795 1452 1090 1539 diesque,
1160 1475 1288 1518 non
1358 1460 1577 1518 tamen
1637 1453 1979 1519 aetatem''.
2117 1454 2401 1519 Restitui
2463 1457 2739 1520 nitorem

355 1562 550 1625 unius
594 1559 821 1625 scholii
867 1561 1133 1646 genuini
1182 1559 1432 1625 sublato
1477 1559 1863 1625 emblemate
1901 1558 2205 1624 Editoris.
2321 1560 2504 1641 Quod
2545 1563 2749 1647 sequi-

356 1673 499 1732 tur:
563 1665 659 1748 (3)
722 1667 1107 1744 „Aetatem”
1168 1666 1278 1731 din
1343 1666 1667 1753 long-oque
1714 1672 1793 1732 et
1839 1665 2091 1752 prolixo
2153 1672 2477 1752 tempore,
2529 1672 2601 1732 ut
2651 1672 2746 1732 est

358 1778 564 1851 aetas,
636 1775 801 1838 sitne
869 1773 991 1840 hoc
1060 1773 1342 1838 Editoris
1413 1795 1492 1839 an
1554 1771 1723 1838 alius
1784 1775 2084 1865 mag-istri
2141 1776 2386 1850 nesciO,
2454 1773 2560 1838 sed
2628 1774 2798 1839 hocvx

355 1878 777 1944 verisimilius
834 1885 949 1944 est.
1012 1878 1547 1944 Additamentum
1610 1885 1829 1944 autem
1894 1879 2046 1943 huic
2092 1879 2336 1945 scholio
2399 1879 2660 1944 affixum
2711 1900 2748 1943 a

360 1985 692 2051 Wessnero
730 1987 861 2051 iam
900 1986 1276 2052 damnatum
1320 1998 1449 2051 est:
1504 1986 1716 2062 „Nam
1755 1988 1846 2051 sic
1886 1986 2161 2051 dicimus
2211 1985 2287 2050 de
2333 1986 2435 2052 die
2483 1991 2548 2051 et
2592 1985 2749 2050 die-

358 2090 660 2169 culam,
704 2091 1171 2176 aliquantulam
1212 2090 1529 2157 moram”.
1579 2089 1940 2156 Oriundum
1987 2090 2105 2156 hoc
2153 2112 2188 2156 e
2228 2090 2387 2156 Don.
2431 2092 2509 2157 ad
2551 2092 2746 2158 Andr.

361 2197 450 2262 IV
491 2197 553 2263 2.
581 2196 691 2276 27,
729 2198 839 2263 ubi
883 2198 1035 2264 haec
1075 2200 1198 2263 tria
1235 2197 1579 2284 leguntur:
1626 2197 1726 2278 (2)
1769 2196 2190 2289 „Dieculam”
2215 2218 2483 2263 moram.
2532 2198 2627 2278 (3)
2663 2198 2750 2263 Et

362 2311 459 2369 est
523 2304 904 2382 ὑποκόρισμα
970 2303 1328 2381 „diecula'',
1390 2305 1509 2369 hoc
1556 2310 1655 2369 est
1702 2302 2180 2389 tempusculum
2230 2310 2293 2368 61
2340 2307 2623 2369 sumitur
2669 2304 2748 2368 ab

362 2431 437 2478 6ο
478 2411 647 2497 quod
684 2417 782 2477 est
825 2411 1024 2475 haec
1070 2410 1270 2475 dies.
1320 2408 1415 2491 (4)
1457 2408 1810 2487 „Diecula”
1852 2430 2031 2473 mora
2070 2416 2134 2474 et
2157 2411 2339 2494 quasi
2366 2409 2500 2474 dies
2525 2430 2743 2494 parva.

454 2516 704 2583 Horum
751 2516 1005 2583 medius
1052 2521 1149 2582 est
1194 2514 1505 2581 Donatus.

394 2748 401 2762 “
448 2731 536 2798 IV
586 2730 647 2797 6.
677 2731 716 2796 3
780 2730 997 2815 Usque
1040 2730 1197 2795 adeo
1242 2751 1364 2817 ego
1409 2729 1591 2795 illius
1636 2730 1801 2795 ferre
1848 2750 2112 2816 possum
2150 2732 2424 2816 ineptias
2467 2735 2530 2796 61
2570 2751 2750 2818 mag-

362 2838 551 2904 nifica
596 2839 791 2904 verba

452 2948 548 3028 (1)
608 2946 750 3012 Non
808 2944 973 3009 dixit
1024 2965 1266 3030 „usque
1313 2944 1468 3009 adeo
1513 2943 1708 3009 illum
1754 2964 2018 3029 possum
2066 2944 2346 3022 amare''‚
2398 2944 2507 3010 sed
2554 2964 2747 3030 quam

363 3054 649 3118 insuavis
694 3054 825 3116 iam
873 3050 984 3115 diu
1033 3053 1150 3130 sit,
1198 3052 1476 3117 ostendit
1523 3050 1798 3116 dicendo
1833 3052 2038 3129 „ferre
2080 3052 2404 3138 possum'’.
2490 3051 2584 3132 (2)
2628 3054 2747 3134 [et]

365 3161 495 3225 cito
527 3157 867 3235 ostendit,
929 3177 1089 3242 quae
1158 3159 1243 3222 sit
1305 3160 1591 3223 amicitia
1634 3156 1901 3223 militis:
1955 3159 2313 3243 „ineptias”
2375 3160 2596 3244 inquit
2641 3164 2749 3235 „et

367 3263 707 3350 magnifica
751 3261 1010 3329 verba”.

446 3371 777 3440 ¹Neutrum
823 3372 1049 3453 magni
1093 3371 1316 3455 pretii,
1366 3369 1473 3434 sed
1518 3368 1683 3434 illud
1723 3369 2036 3434 scribendi
2073 3390 2280 3455 genus
2319 3370 2514 3435 refert
2552 3370 2751 3436 Inter-

363 3476 667 3563 polatoris
728 3475 967 3557 („non’'
998 3512 1083 3524 —
1113 3475 1354 3557 „sed’'),
1420 3479 1532 3561 qui
1576 3478 1643 3541 111
1692 3498 1768 3541 60
1816 3496 2066 3561 quoque
2116 3478 2407 3561 peccavit
2454 3476 2619 3561 quod
2672 3478 2748 3543 de

365 3582 707 3649 amando
767 3581 979 3647 milite
1039 3581 1231 3647 Thais
1295 3602 1651 3667 numquam
1716 3584 2052 3668 cogitavit.
2145 3581 2218 3646 In
2266 3581 2362 3661 (2)
2412 3581 2620 3658 „cito”
2669 3610 2750 3634 =

364 3690 666 3755 breviter.

454 3793 615 3861 Ibid.
664 3795 707 3859 4
776 3794 971 3860 Thais
1018 3798 1110 3861 sic
1156 3782 1407 3881 pergit:

501 3901 708 3967 Verba
740 3902 896 3966 dum
922 3904 1051 3967 sint
1065 3923 1082 3981 ;
1121 3922 1347 3968 verum
1372 3904 1543 3967 enim
1568 3904 1623 3967 si
1646 3902 1727 3968 ad
1751 3923 1886 3967 rem
1915 3902 2337 3978 conferentur,
2368 3901 2701 3987 vapulabit

456 4008 551 4089 (2)
597 4007 668 4073 Si
714 4007 1071 4073 discesserit
1116 4028 1153 4073 a
1199 4009 1409 4074 verbis
1456 4014 1524 4073 et
1566 4029 1705 4074 rem
1744 4010 2022 4094 experiri
2057 4006 2254 4086 volet,
2292 4007 2643 4092 vapulabit.

366 4115 462 4196 (3)
524 4114 608 4179 Et
666 4115 827 4180 bona
884 4113 1163 4192 locuti0,
1225 4123 1301 4179 ut
1360 4118 1413 4179 si
1475 4115 1677 4180 dicas:
1730 4116 1923 4181 verba
1970 4115 2049 4179 ad
2095 4135 2232 4179 rem
2279 4113 2581 4192 contulit,
2633 4116 2750 4180 hoc

364 4227 496 4286 est:
546 4242 735 4307 agere
779 4219 946 4305 quod
994 4221 1241 4285 dicebat
1288 4242 1582 4307 agressus
1622 4226 1740 4287 est.
1857 4220 2059 4286 Sensu
2107 4241 2498 4307 synonyma,
2538 4222 2752 4286 verbis

366 4329 634 4394 diversa.
682 4327 824 4392 Hoc
868 4327 1200 4392 Editorem
1248 4327 1655 4413 adscripsisse
1702 4334 1880 4412 put0.

454 4434 614 4500 Ibid.
660 4433 743 4498 13
814 4430 1021 4510 Cave,
1069 4455 1148 4499 116
1194 4436 1570 4520 priusquam
1617 4436 1780 4501 hanc
1827 4454 1864 4499 a
1908 4454 2012 4498 me
2056 4435 2346 4518 accipias,
2397 4435 2659 4500 amittas

362 4538 561 4607 Don.:
628 4543 725 4620 (1)
785 4539 929 4604 Hoc
987 4541 1055 4603 iu
1116 4541 1441 4606 comoedia
1500 4540 1652 4607 11661
1716 4562 1893 4607 more
1940 4538 2128 4625 vulgi
2175 4539 2385 4605 dicere
2396 4560 2413 4618 3
2463 4547 2749 4609 ceterum

2392 4661 2454 4709 15
