3392 5384
1382 391 1689 440 nonnus.
2640 372 2727 437 23

346 558 645 624 editionis
710 557 981 622 alicuius
1040 556 1453 622 Terentianae
1520 557 1814 642 margine
1878 575 1916 619 a
1977 552 2411 640 Gompilatore
2465 556 2729 620 inventa

344 670 514 730 sunt.

435 768 466 833 I
513 769 576 834 2.
605 768 644 833 3
692 767 961 854 Accipe,
1008 788 1146 836 em:
1193 767 1437 833 lectum
1485 772 1584 832 est
1596 787 1612 845 3
1662 768 1992 832 conveniet
2048 786 2356 830 numerus
2411 770 2726 849 quantum

347 876 542 1060 dog}
595 977 862 1043 Ordine:
926 981 1106 1064 prius
1168 979 1341 1043 enim
1405 976 1683 1062 qualitas
1703 1025 1718 1054 ,
1783 975 2008 1041 deinde
2069 997 2375 1041 numerus
2421 978 2726 1061 pecuniae

342 1087 614 1170 spectari
673 1083 852 1150 solet.
1036 1084 1191 1148 Exc.
1255 1084 1676 1148 manifestum
1741 1104 1774 1146 e
1837 1082 2128 1168 longiore
2190 1080 2268 1146 D.
2297 1082 2429 1161 (4):
2494 1081 2726 1146 Tribus

343 1193 550 1258 modis
596 1191 889 1256 debitum
933 1192 1375 1275 pecuniarium
1422 1188 1714 1267 solvitur,
1764 1191 2092 1274 pensione,
2142 1190 2558 1273 spectatione,
2609 1208 2725 1253 nu-

340 1319 536 1362 mer0.
719 1296 814 1360 De
859 1295 1125 1381 reliquis
1172 1294 1430 1360 scholiis
1476 1301 1715 1379 postea.
1958 1282 1961 1285 ¹

433 1403 595 1468 Ibid.
645 1401 733 1466 24
760 1400 852 1485 (3)
898 1401 1069 1466 Bene
1113 1403 1339 1478 „meo”
1390 1422 1467 1466 ne
1514 1406 1683 1466 esset
1732 1400 2115 1482 ἀμφίβολον.
2254 1399 2422 1464 Item
2469 1420 2548 1465 ex
2595 1399 2726 1464 lon-

340 1511 523 1596 giore
568 1508 645 1573 D.
674 1507 792 1587 (1).
840 1507 933 1572 De
978 1506 1240 1592 reliquis
1286 1512 1524 1592 postea.
1897 1571 1902 1575 .

431 1613 592 1678 Ibid.
644 1611 730 1678 54
754 1612 848 1693 (3)
896 1613 1021 1676 ἀπὸ
1068 1623 1181 1686 τῆς
1228 1610 1705 1687 καταπλήξεως.
1858 1611 2028 1676 Item
2074 1633 2110 1676 e
2154 1609 2445 1698 longiore
2492 1609 2569 1674 D.
2599 1613 2716 1690 (l).

431 1719 594 1784 Ibid.
644 1719 729 1783 58
754 1718 848 1799 (3)
909 1719 1078 1783 Bene
1145 1718 1734 1803 ‚,exstinguerent'',
1782 1721 1934 1802 quia
1980 1719 2246 1782 forma
2291 1716 2478 1782 calor.
2625 1716 2723 1795 (4)

341 1825 658 1904 „Forma”
721 1826 800 1889 ab
864 1826 1018 1911 igne
1077 1830 1142 1889 et
1201 1823 1408 1888 calore
1467 1823 1637 1887 dicta
1701 1830 1818 1887 est.
1958 1823 2322 1907 Utrumque
2371 1821 2724 1886 secundum

339 1931 419 1995 D.
472 1929 555 1996 57
582 1930 697 2010 (3).
745 1930 951 1996 Notae
998 1928 1388 2015 marginales
1432 1930 1501 1993 in
1547 1928 1794 1995 duabus
1842 1926 2067 1993 editt?

429 2035 588 2101 Ibid.
644 2033 848 2116 71(1)
897 2035 1069 2100 Bono
1116 2035 1341 2100 affectu
1388 2035 1553 2098 dixit
1604 2035 1825 2112 „daret
1869 2033 1971 2098 illi
1987 2032 2055 2097 ‘.?'’
2102 2032 2276 2098 filius
2325 2036 2497 2097 enim
2544 2033 2725 2096 fami·
2817 2057 2824 2062 ·

338 2141 458 2206 lias
524 2162 650 2205 non
698 2147 830 2205 tam
877 2140 1059 2205 ducit
1104 2161 1372 2208 uxorem
1421 2161 1615 2225 quam
1662 2161 1701 2204 a
1748 2144 1927 2224 patre
1975 2141 2242 2223 accipit,
2291 2139 2527 2222 quippe
2573 2158 2723 2201 cum

337 2249 507 2331 patri
546 2249 992 2311 committatur
1028 2245 1242 2330 puella
1280 2248 1495 2331 potius
1534 2248 1603 2308 in
1634 2244 2010 2308 huiusmodi
2033 2242 2504 2307 condicionibus
2529 2262 2723 2326 quam

340 2352 593 2414 marito.
730 2350 900 2415 Hinc
945 2372 1077 2414 exc.
1126 2350 1253 2431 (4):
1302 2353 1465 2414 mire
1516 2347 1802 2427 „daret’',
1853 2354 1929 2411 ut
1975 2346 2331 2412 ostenderet
2376 2345 2540 2410 nihil
2587 2366 2723 2410 esse

340 2457 677 2540 potestatis
720 2458 788 2519 in
835 2455 987 2520 filio.

429 2559 590 2623 Ibid.
658 2557 740 2623 85
768 2560 865 2638 (4)
925 2557 1250 2622 ἀσύνδετον
1311 2563 1388 2623 ut
1452 2579 1644 2643 supra
1694 2559 1945 2634 ‚,imus‚
1995 2559 2328 2634 venimus,
2378 2556 2717 2622 videmus’'

336 2672 458 2745 (vs.
513 2663 646 2743 53).
786 2664 840 2728 E
886 2663 1176 2749 long-iore
1222 2661 1299 2727 D.
1329 2663 1446 2742 (5),
1496 2663 1609 2726 ubi
1658 2662 1844 2747 plura
1892 2662 2186 2747 exempla
2233 2666 2533 2727 citantur.

424 2769 456 2834 Ι
497 2768 558 2833 3.
591 2768 668 2832 11
698 2768 794 2849 (3)
819 2768 959 2834 Hoc
983 2790 1131 2834 cum
1156 2771 1669 2853 pronuntiatione
1692 2769 1906 2832 infert.
1999 2768 2054 2833 E
2077 2768 2365 2854 longiore
2389 2768 2466 2833 D.
2500 2767 2578 2831 11
2601 2767 2718 2847 (1).

423 2873 585 2940 Ibid.
641 2874 721 2966 18
747 2873 841 2955 (2)
888 2872 1056 2940 Cum
1101 2872 1311 2939 mode.
1393 2873 1449 2938 E
1492 2873 1781 2960 longiore
1828 2871 1907 2938 D.
1935 2875 2029 2953 (1)
2080 2873 2477 2957 ‚,Modeste’',
2523 2877 2672 2937 cett.

423 2979 486 3045 II
535 2979 599 3045 2.
628 2979 710 3045 12
736 2979 834 3060 (2)
879 2979 1119 3046 Totum
1165 2980 1621 3065 metaphorice.
1717 2979 1870 3044 Exc.
1922 3001 1958 3044 e
2001 2978 2080 3044 D.
2133 2979 2253 3044 13:
2301 2983 2719 3059 παρασιτικῶς

332 3091 550 3151 totum
598 3086 1127 3151 translationibus
1174 3084 1481 3170 loquitur,
1532 3091 1682 3152 cett.

425 3190 504 3256 H.
556 3190 618 3256 3.
648 3191 687 3256 3
714 3191 809 3270 (2)
874 3191 1192 3269 „Adeste”
1243 3193 1529 3276 proprie:
1579 3190 1796 3255 adesse
1843 3193 2015 3255 enim
2062 3211 2287 3256 causae
2334 3194 2584 3276 proprie
2631 3190 2722 3254 di-

334 3303 570 3361 cuntur
613 3298 869 3383 patroni
913 3301 978 3360 et
1022 3296 1234 3361 amici.
1419 3294 1589 3359 Hinc
1636 3316 1769 3360 exc.
1817 3295 1916 3375 (6)
1954 3297 2047 3359 A:
2097 3297 2350 3380 proprie
2397 3296 2722 3362 advocatis

338 3401 523 3467 dixit.

429 3507 593 3573 Ibid.
641 3509 698 3572 A
722 3507 821 3586 (2)
884 3505 1042 3571 Vide
1088 3511 1165 3570 ut
1210 3507 1591 3571 veteratorie
1639 3505 1930 3570 ostendat
1976 3507 2429 3572 contradixisse
2474 3506 2721 3572 adules-

340 3621 609 3679 centem.
718 3613 873 3678 Exc.
922 3634 957 3677 e
1002 3611 1293 3698 longiore
1340 3610 1418 3675 D.
1468 3612 1663 3696 Β(2),
1729 3613 1845 3677 ubi
1888 3615 1957 3676 in
2002 3613 2126 3678 fine
2173 3614 2328 3679 haec
2373 3612 2720 3699 leguntur:

428 3767 444 3784 .
472 3769 489 3785 .
556 3719 835 3784 ostendit
895 3719 1385 3804 (Antiphonem)
1448 3716 1903 3784 contradixisse
1971 3720 2098 3784 sibi
2159 3726 2225 3784 et
2285 3721 2593 3784 restitisse
2652 3721 2716 3782 in

334 3825 593 3890 iudicio.

428 3929 709 3995 Delenda
754 3933 905 3994 sunt
951 3949 1112 4013 quae
1159 3927 1236 3992 de
1262 3928 1384 3993 hoc
1430 3927 1669 3993 scholio
1717 3949 2049 4013 perperam
2098 3931 2322 4014 scripsi
2364 3931 2433 3992 in
2471 3930 2720 3995 Mnem.

335 4035 594 4100 XXXII
641 4060 701 4122 p.
750 4034 904 4100 250.
968 4035 1273 4100 Phormio
1328 4034 1627 4100 audiente
1675 4040 1888 4119 patre,
1939 4037 2123 4099 cuius
2169 4040 2382 4099 tamen
2431 4057 2722 4119 praesen-

333 4145 495 4207 tiam
557 4163 623 4206 se
684 4144 923 4207 nescire
985 4139 1289 4217 simulat,
1350 4139 1745 4206 mendaciter
1805 4161 1944 4204 rem
2006 4143 2098 4205 ita
2156 4143 2488 4226 proponit,
2538 4143 2719 4225 quasi

331 4247 618 4332 Antipho
666 4249 789 4313 sibi
834 4249 901 4311 in
947 4246 1186 4312 iudicio
1232 4248 1585 4323 restiterit,
1622 4267 1695 4311 eo
1743 4245 2008 4312 consilio
2058 4253 2131 4311 ut
2169 4246 2338 4312 hunc
2376 4249 2543 4332 patri
2577 4267 2723 4332 pur-

332 4358 447 4439 get
494 4359 558 4417 et
603 4351 791 4436 culpa
836 4351 1087 4417 liberet.

428 4457 554 4522 Hic
615 4459 824 4543 igitur
882 4477 1008 4520 non
1066 4456 1380 4523 habemus
1427 4457 1553 4522 duo
1600 4463 1898 4541 excerpta
1943 4478 1978 4521 e
2023 4461 2386 4524 commento
2431 4460 2488 4522 A
2535 4465 2598 4524 et
2643 4459 2718 4536 B,
