3392 5384
1163 407 1418 456 iuncus
1463 407 1841 456 Amoumus.
2608 391 2697 459 ¹7¹7

307 577 667 642 brariorum
714 577 933 640 autem
978 573 1492 658 frequentissima
1550 577 1646 637 est
1696 575 2090 657 permutatio
2138 573 2520 639 vocularum
2580 574 2695 654 πρό

313 685 383 746 et
430 681 596 762 πρός.

405 896 567 962 Ibid.
611 895 718 962 36.
769 897 833 960 τί
871 891 965 959 οὖν
1005 893 1210 970 δεινόν,
1255 894 1304 957 εἰ
1347 893 1711 969 ἀποπέμπει
1751 917 1819 957 σε
1862 896 1895 968 ἦ
1937 893 2128 973 Φύσις
2168 896 2693 975 ἧεῖσοιγοιγοῢσοι;

315 998 431 1066 οἷον
472 1003 522 1067 εἰ
565 1002 843 1078 κωμῳδὸν
883 999 1142 1074 ἀπολύει
1186 1005 1298 1070 τῆς
1340 1006 1562 1074 σκηνῆς
1604 999 1630 1063 ὃ
1673 999 2064 1076 παραλαβὼν
2088 1001 2461 1078 οτρατηγός.
2503 1001 2698 1066 Recte

312 1108 373 1173 A
420 1107 714 1185 ἀπολύοι,
765 1107 844 1171 cf.
891 1104 1006 1170 III.
1064 1104 1146 1170 12
1194 1107 1273 1176 ὥς
1322 1105 1372 1168 εἱ
1425 1103 1580 1182 δέοι,
1629 1104 1736 1169 VI.
1792 1104 1872 1170 15
1922 1103 2119 1186 ὥσπερ
2166 1104 2223 1170 εἴ
2265 1130 2360 1177 τις
2410 1105 2694 1185 ἄρχοιτο,

312 1213 483 1280 VIII.
533 1214 615 1278 51
668 1208 782 1278 οἷον
834 1210 892 1276 εἴ
937 1235 1032 1284 τις
1081 1211 1523 1291 βλασφημοίη.

401 1425 578 1506 Haec
635 1422 710 1488 de
771 1421 1049 1508 singulis
1114 1420 1749 1488 Commentariorum
1794 1421 1968 1487 lucie.
2013 1424 2213 1488 Porro
2262 1424 2340 1489 ad
2388 1445 2493 1502 ea,
2542 1407 2701 1510 quae

304 1531 382 1596 de
445 1529 902 1616 orthographia
963 1527 1142 1593 Stich
1199 1549 1263 1612 p.
1310 1545 1402 1591 xv
1463 1533 1528 1592 et
1585 1545 1701 1593 xv1
1750 1531 1921 1614 agit,
1987 1529 2140 1594 haec
2203 1513 2397 1594 adde:
2458 1530 2562 1596 VI.
2616 1531 2697 1595 11

310 1637 398 1708 εἷς
459 1634 737 1712 σεαυτόν,
796 1632 934 1698 VII.
989 1632 1073 1698 13
1141 1633 1284 1711 πρὸς
1350 1631 1629 1710 σεαυτόν,
1687 1633 1770 1697 X.
1824 1633 1905 1698 31
1974 1635 2059 1706 εἷς
2107 1635 2364 1699 σεαυτόν
2410 1638 2701 1720 itemque

309 1742 578 1807 fortasse
626 1738 732 1806 IV.
784 1739 844 1804 3.
895 1738 1137 1803 Deinde
1185 1743 1531 1823 praeeunte
1578 1738 1714 1804 cod.
1764 1739 1821 1802 A
1867 1738 1981 1803 IX.
2035 1739 2074 1803 3
2124 1745 2187 1804 et
2234 1740 2316 1804 X.
2371 1739 2455 1805 36
2508 1742 2701 1806 θέλειν

311 1844 720 1912 scribendum
761 1843 1036 1911 videtur.
1086 1841 1255 1907 Tum
1296 1841 1465 1906 VIII.
1509 1842 1592 1908 21
1636 1845 1921 1921 γηρῶσαν
1960 1864 2075 1929 pro
2116 1844 2418 1924 γηράσάν,
2460 1867 2703 1912 necnon

313 1953 398 2017 X.
451 1952 538 2016 10
598 1953 865 2032 θηράσοιν
912 1971 1028 2036 pro
1077 1949 1341 2022 θηράσοιν
1404 1951 1693 2014 restitue.
1745 1948 2035 2033 Denique
2080 1948 2190 2014 IV.
2243 1951 2327 2015 10
2375 1957 2439 2016 et
2487 1952 2562 2016 V.
2616 1952 2700 2016 14

313 2057 466 2123 xoeOo'
512 2058 784 2122 scribere
829 2054 1092 2133 malim,
1143 2059 1218 2119 ut
1264 2059 1483 2119 textus
1531 2057 1597 2118 in
1644 2054 1763 2119 hac
1808 2075 1875 2119 re
1924 2056 2049 2120 sibi
2096 2060 2360 2121 constet.

404 2163 738 2228 Postremo
798 2162 918 2226 hoc
979 2160 1272 2225 additum
1334 2158 1556 2225 velim.
1625 2157 1927 2237 Gataker,
1992 2163 2105 2244 qui
2169 2160 2397 2238 „oculo
2444 2183 2479 2227 a
2526 2165 2700 2228 senio

311 2267 632 2356 caligante
653 2316 668 2346 ‚
716 2288 754 2331 a
796 2265 968 2331 lema
1011 2264 1321 2351 lippiente
1343 2313 1358 2342 ‚
1408 2285 1605 2329 manu
1643 2271 1778 2328 tam
1819 2286 1855 2329 a
1895 2265 2133 2350 frigore
2173 2286 2365 2350 quam
2406 2289 2441 2332 a
2480 2269 2701 2333 morbo

311 2373 634 2440 tremula''
699 2373 964 2440 editioni
1028 2391 1181 2436 suae
1242 2369 1435 2435 finem
1497 2371 1845 2454 imposuit,
1894 2372 1962 2433 in
2008 2372 2397 2456 praefatione
2443 2372 2701 2438 lectoris

311 2479 823 2546 benevolentiam
885 2476 1294 2563 imploravit,
1359 2478 1415 2540 si
1478 2475 1633 2560 quid
1691 2476 2068 2540 humanitus
2116 2478 2240 2541 sibi
2290 2478 2590 2543 acciderit
2634 2482 2703 2543 in

310 2606 499 2671 opere
561 2584 947 2650 conficiendo
1008 2589 1072 2648 et
1117 2580 1513 2668 corrigendo.
1577 2581 1663 2644 Et
1711 2601 1891 2659 sane,
1942 2584 2304 2668 quicunque
2352 2585 2700 2650 editionem

311 2693 558 2756 summi
615 2693 764 2755 viri·
804 2690 1099 2754 manibus
1162 2689 1518 2764 triverunt,
1585 2707 1804 2752 omnes
1851 2694 2087 2753 norunt
2133 2709 2409 2768 errores,
2470 2691 2701 2756 menda

309 2796 777 2883 typographica
793 2843 810 2873 ,
887 2793 1014 2859 alia
1082 2799 1181 2858 sat
1247 2792 1458 2859 multa
1520 2797 1656 2856 tam
1716 2796 1785 2857 in
1848 2799 2152 2858 contextu
2212 2816 2406 2880 quam
2467 2799 2536 2860 in
2594 2818 2700 2860 an-

306 2902 742 2968 notationibus
802 2921 1149 2968 occurrere.
1218 2900 1441 2984 Neque
1508 2899 1627 2964 hoc
1693 2897 2020 2965 Stichium
2090 2901 2335 2986 fugisse
2405 2903 2699 2981 arbitror,

307 3011 423 3094 qui
481 3010 778 3094 graviora
824 3014 890 3071 et
935 3007 1275 3070 manifesta
1320 3007 1482 3071 vitia
1527 3026 1828 3089 spernens
1848 3053 1864 3082 ‚
1916 3011 2130 3071 tamen
2177 3028 2660 3092 nonnumquam
2680 3056 2696 3086 ,

309 3134 462 3179 cum
509 3116 785 3198 speciem
825 3111 1143 3197 quandam
1183 3112 1322 3176 veri
1362 3110 1688 3175 exhiberet
1729 3130 1903 3175 error
1942 3118 2005 3175 et
2046 3111 2510 3196 quodammodo
2549 3114 2700 3178 ferri

309 3240 491 3304 posse
563 3218 910 3294 videretur,
982 3216 1288 3283 Gatakeri
1359 3220 1731 3279 contextum
1806 3237 1841 3280 a
1899 3215 2170 3302 vulgata
2232 3217 2697 3302 discrepantem

308 3330 642 3408 tamquam
703 3343 939 3388 novam
1002 3325 1208 3386 nescio
1271 3323 1453 3384 cuius
1514 3319 1751 3384 codicis
1813 3319 2153 3386 lectionem
2200 3325 2267 3386 in
2315 3329 2697 3407 apparatum

307 3432 606 3495 criticum
652 3431 910 3514 recepit.
961 3428 1140 3493 Bona
1185 3430 1403 3491 autem
1449 3425 1705 3490 fortuna
1750 3430 2001 3502 evenit,
2051 3432 2124 3490 ut
2174 3426 2512 3512 aliquoties
2558 3430 2697 3513 ipse

309 3532 594 3601 Gataker
661 3555 861 3600 novas
926 3536 1087 3598 istas
1149 3532 1274 3596 sibi
1330 3533 1684 3616 imputatas
1747 3530 2053 3596 lectiones
2112 3532 2349 3596 refutet
2409 3540 2473 3597 et
2534 3535 2697 3598 vitia

307 3640 776 3726 typographica
841 3645 1092 3724 arguat.
1171 3637 1246 3702 E.
1294 3658 1394 3723 gr.
1464 3635 1574 3701 IV.
1627 3635 1712 3701 33
1776 3641 1839 3701 τί
1905 3635 1965 3700 δὲ
2034 3637 2135 3701 καὶ
2202 3637 2365 3702 ἔστιν
2426 3633 2579 3710 ὅλως
2628 3640 2696 3704 τὸ

308 3746 712 3823 delarue-*tom
777 3746 889 3810 ubi
951 3745 1169 3810 Stich:
1239 3745 1350 3819 η’τό
1411 3749 1556 3808 ante
1619 3745 1985 3818 ἀείμνηστον
2052 3765 2177 3808 om.
2243 3742 2463 3820 Gat.’'‚
2536 3750 2695 3810 atta-

307 3873 455 3916 men
516 3854 585 3915 in
631 3854 922 3916 versione
968 3850 1230 3915 Latina:
1279 3848 1564 3933 quidnam
1612 3855 1699 3911 est
1746 3851 1852 3912 Ιιοο
1897 3848 2089 3930 ipsvm
2134 3849 2467 3913 memoriam
2514 3856 2700 3913 aeter-

304 3980 442 4021 nam
498 3949 826 4042 consequi‚‘
851 3962 916 4022 et
977 3958 1043 4020 in
1109 3955 1414 4020 lemmate
1475 3956 1911 4018 annotationis
1974 3955 2208 4020 diserte
2256 3951 2408 4027 ὅλως
2457 3956 2525 4019 τὸ
2577 3956 2699 4018 ἀεί-

304 4086 569 4138 μνηστον
631 4062 986 4127 exhibetur.
1055 4061 1160 4126 Sic
1209 4059 1316 4125 VI.
1371 4060 1476 4137 14,
1528 4060 1643 4124 ubi
1689 4057 1838 4125 Gat.
1889 4064 2250 4139 κινούμενον,
2293 4060 2461 4145 quod
2510 4081 2699 4125 sensu

303 4176 495 4246 caret,
543 4189 656 4254 pro
705 4168 1052 4242 κινουμένην
1097 4166 1370 4231 edidisse
1412 4166 1668 4243 dicitur,
1712 4168 2040 4231 annotatio
2078 4172 2321 4231 rectam
2355 4164 2697 4231 lectionem

303 4273 619 4353 vindicat;
673 4274 944 4357 denique
992 4272 1106 4338 XI.
1160 4271 1198 4337 6
1249 4279 1369 4340 τοῖς
1416 4272 1756 4350 πράγμοισι
1798 4273 1924 4349 γὰρ
1966 4272 2107 4351 οὐχὶ
2153 4274 2506 4349 θυμοῦσθαι,
2549 4269 2695 4336 Gat.

305 4381 653 4463 θυμεῖσθκι,
719 4385 830 4463 qui
891 4385 1104 4443 tamen
1154 4376 1290 4441 VII.
1342 4376 1448 4454 38,
1499 4377 1612 4441 ubi
1658 4376 1832 4441 idem
1891 4398 2111 4441 versus
2159 4375 2477 4456 laudatur,
2530 4385 2700 4443 recte

300 4486 634 4561 θυμοῦσθαι
680 4485 958 4548 exhibet.
1008 4481 1279 4566 Reliqua
1317 4484 1440 4546 etsi
1481 4503 1606 4546 non
1646 4485 1863 4547 omnia
1899 4485 2103 4567 ipsius
2140 4480 2447 4549 Gatakeri
2492 4485 2699 4548 verbis
