3392 5384
841 450 1488 499 onennvssmnoumn
1534 451 1618 497 nn
1663 451 1815 498 man
1859 451 2140 499 neimo.
2567 431 2698 499 38¹7

313 616 721 682 iniectionem
784 617 953 703 parit
1017 615 1414 695 adversarie,
1480 617 1529 681 si
1597 616 1858 702 quidem
1907 618 1996 682 sic
2045 616 2479 703 supplendum
2527 624 2626 684 est
2657 617 2703 699 ¹)

320 722 490 807 apud
538 720 864 788 Valerium
911 722 1195 789 Probum
1222 720 1309 803 2);
1359 723 1670 807 quando
1719 744 1965 808 neque
2011 724 2134 787 aie
2178 746 2421 809 neque
2466 748 2705 807 neque

322 827 417 907 (ob
479 849 606 891 eam
664 850 787 891 rem
848 850 948 908 eqo
1010 827 1122 891 tibi
1182 826 1516 892 sestertium
1579 828 1646 890 X
1701 827 1933 892 milium
1979 851 2099 911 pro
2158 830 2424 893 iudicato
2471 853 2707 893 manum

318 932 552 1013 inicio).
599 932 669 997 In
720 933 1158 1020 personalibus
1206 936 1377 999 enim
1425 934 1548 998 hoc
1593 932 1740 1018 plus
1781 940 1893 1014 est,
1935 934 2106 1020 quod
2146 937 2522 1021 respondere
2564 940 2708 1023 quis

322 1038 540 1118 debct3
582 1061 768 1126 erge,
812 1062 1015 1125 quum
1054 1041 1332 1118 ducitur,
1377 1030 1816 1107 contumaciae
1855 1041 1979 1106 fert
2020 1063 2321 1127 poenam,
2358 1046 2469 1129 qui
2503 1064 2707 1128 neque
2815 1098 2822 1107 .

324 1148 449 1224 ait,
512 1156 716 1232 neque
776 1153 991 1233 negat.
1055 1146 1236 1226 Quod
1297 1149 1463 1212 circa
1522 1149 1840 1212 actionem
1902 1150 1970 1212 in
2032 1169 2169 1213 rem
2198 1148 2249 1227 3)
2299 1171 2527 1215 verum
2574 1171 2709 1216 esse

324 1258 519 1339 negat
566 1252 896 1318 Demelius
922 1251 976 1333 ⁴)
1025 1259 1091 1318 et
1136 1256 1277 1319 iure
1323 1257 1539 1340 negat.
1589 1255 1790 1339 Atqui
1837 1252 2102 1320 Lotmar
2145 1255 2462 1321 infitiatur
2485 1255 2558 1337 ⁵),
2598 1256 2711 1321 ubi

323 1361 389 1423 in
451 1380 587 1424 rem
652 1364 903 1445 agatur,
969 1359 1365 1445 adversarie,
1430 1370 1649 1425 contra
1714 1365 1788 1424 ut
1850 1360 2167 1439 vindicet,
2231 1382 2484 1427 necesse
2537 1381 2708 1427 esse:

323 1466 606 1532 sufficere
669 1470 878 1546 enim,
932 1447 1120 1553 'quod
1181 1471 1375 1553 neg-et
1436 1488 1576 1532 rem
1638 1469 1868 1533 actoris
1931 1487 2102 1546 esse3
2167 1490 2281 1533 nec
2330 1474 2633 1535 movetur
2659 1468 2710 1550 ⁰)

324 1575 702 1639 auct-oritate
764 1570 891 1639 Gai
920 1572 991 1654 ⁷),
1055 1572 1162 1639 vel
1222 1572 1403 1651 ideo,
1467 1573 1636 1658 quod
1683 1594 1810 1637 non
1856 1575 2077 1638 statim
2131 1572 2210 1638 ad
2258 1595 2477 1641 veram
2524 1575 2709 1640 litem

322 1680 650 1745 transferri
695 1686 1017 1771 oporteat,
1068 1677 1379 1765 quidquid
1428 1679 1716 1744 obtineat
1761 1681 1829 1744 in
1875 1682 2265 1766 imaginaria
2291 1679 2361 1762 8),
2404 1680 2508 1746 vel
2547 1682 2710 1758 iden,

322 1785 491 1870 quod
551 1806 630 1851 ne
693 1788 1120 1871 praecipiatur
1182 1785 1442 1871 quidem
1507 1784 1716 1850 addici
1777 1787 1855 1851 ab
1918 1807 2024 1865 ec,
2090 1788 2201 1871 qui
2272 1808 2409 1853 rem
2481 1790 2712 1853 actoris

324 1912 459 1957 esse
506 1892 952 1958 tantummodo
998 1893 1354 1978 negaverit.
1402 1892 1663 1957 Etenim
1714 1896 1972 1958 auctore
2020 1888 2181 1958 Gaio
2226 1893 2432 1959 addici
2481 1895 2559 1959 ab
2602 1916 2712 1972 ec,

327 2000 439 2082 qui
502 2003 613 2063 aut
663 2004 859 2084 neget
906 2004 1128 2065 contra
1175 2019 1242 2064 se
1290 1996 1614 2063 vindicare
1662 2002 1776 2063 aut
1822 2003 2058 2078 taceat;
2112 2021 2336 2065 verum
2388 2001 2715 2067 enimvero

328 2125 515 2183 eum,
588 2106 700 2189 qui
761 2108 899 2170 rem
964 2107 1195 2170 actoris
1256 2125 1392 2170 esse
1451 2110 1678 2190 neget,
1744 2109 2050 2169 neutrum
2112 2105 2314 2171 facere
2340 2104 2411 2187 ⁰).
2475 2106 2715 2186 Quodsi

326 2217 650 2297 praeterea
688 2215 957 2297 uterque
997 2211 1311 2290 vindicet,
1351 2213 1597 2276 mirum
1635 2231 1808 2290 esse,
1849 2232 1964 2276 cur
2002 2233 2131 2277 una
2172 2211 2283 2276 fiat
2320 2218 2713 2278 sacramento

326 2320 695 2405 provocatio
722 2315 838 2398 ¹⁰):
907 2320 1264 2403 „quando
1326 2325 1407 2381 tu
1469 2316 1797 2381 iniuria
1843 2315 2460 2397 vindicavisti'',
2511 2339 2714 2404 quum

326 2426 412 2489 sit
469 2426 848 2510 praesertim
908 2429 1302 2490 sacramento
1365 2426 1736 2509 provocatio
1798 2422 1966 2509 legis
2028 2425 2297 2489 actionis
2359 2445 2472 2509 per
2517 2445 2717 2490 sacra-

322 2536 619 2596 mentum
668 2529 878 2596 veluti
924 2535 1117 2616 caput
1164 2535 1355 2615 atque
1395 2528 1894 2595 fundamentum
1924 2526 2038 2611 ¹¹);
2081 2530 2343 2615 proinde
2382 2532 2532 2615 quia
2571 2553 2714 2597 con-

325 2642 451 2703 stet
514 2637 937 2704 vindicavisse
1000 2645 1315 2718 actorem,
1377 2658 1764 2723 consequens
1826 2658 1958 2703 esse
2007 2628 2448 2703 adversarium
2496 2645 2717 2703 contra

323 2767 450 2810 non
498 2744 954 2823 vindicavisse,
1010 2765 1217 2830 neque
1265 2746 1619 2810 sententiae
1667 2749 1818 2809 s'uae
1866 2744 2118 2810 obstare
2165 2744 2358 2809 verba
2403 2742 2716 2810 solemnia

323 2853 792 2937 provocationis
834 2853 1142 2937 „quand
1155 2873 1187 2915 o
1226 2850 1847 2929 vindicavisti’',
1890 2849 2404 2935 quandoquidem
2446 2852 2526 2915 iis
2552 2849 2710 2915 nihil

325 2956 725 3042 significetur
794 2959 921 3023 nisi
982 2959 1125 3023 hoc:
1202 2957 1451 3043 quando
1511 2958 1824 3023 festucam
1885 2958 2257 3042 imposuisti
2285 2954 2387 3037 ¹²).
2458 2956 2715 3023 Directo

399 3173 451 3235 1)
502 3172 573 3221 Re
616 3171 822 3237 supplet,
867 3170 994 3235 quod
1038 3186 1125 3219 noe
1161 3169 1331 3229 verbis,
1383 3169 1618 3229 Karlowa,
1658 3169 1962 3233 Civilproaeees
2005 3186 2049 3218 z.
2086 3164 2312 3218 Zeit'der
2346 3168 2717 3233 Leqisakte‘onen

328 3253 502 3316 (1872)
530 3271 576 3319 p.
607 3253 777 3317 11213.
812 3252 1079 3317 Scepticum
1110 3252 1188 3301 hic
1218 3251 1319 3316 egit
1348 3252 1583 3311 Wlnnuk,
1614 3252 1796 3301 Ztschr.
1816 3252 1902 3301 der
1922 3249 2133 3301 Sam-St.
2163 3250 2294 3299 XXV
2315 3252 2485 3314 (1904)
2502 3268 2548 3317 p.
2568 3253 2714 3305 151⁸.

397 3337 450 3399 2)
488 3338 521 3385 4
558 3336 655 3398 58.
1897 3386 1902 3389 .

394 3418 449 3483 8)
496 3417 705 3467 Noxales
749 3416 957 3466 actiones
1003 3417 1055 3466 in
1101 3416 1190 3465 hac
1234 3416 1354 3465 iuris
1399 3418 1535 3482 parte
1574 3416 1754 3465 similes
1789 3416 1940 3480 magis
1974 3414 2200 3465 videntur
2231 3414 2282 3463 iu
2320 3430 2418 3463 rem
2455 3415 2719 3466 actionibus

323 3500 383 3564 (1.
420 3502 484 3550 38
522 3502 579 3551 D.
615 3501 661 3549 9.
682 3501 757 3564 4),
804 3515 949 3564 quam
994 3508 1122 3558 sunt,
1166 3498 1281 3564 quia
1325 3498 1479 3555 debet,
1524 3500 1606 3563 qui
1662 3514 1854 3548 servum
1904 3514 1998 3547 non
2046 3497 2274 3557 defendit,
2319 3498 2557 3564 mancipio
2607 3513 2717 3548 eum

325 3583 455 3632 dare.
489 3583 598 3648 Qua
632 3582 689 3631 de
724 3597 776 3631 rc
810 3582 991 3631 dictum
1025 3586 1096 3631 est
1130 3597 1232 3647 cap.
1268 3581 1531 3631 LXXXVI.

392 3666 448 3728 4)
486 3663 582 3715 Die
612 3664 843 3714 confessio
876 3666 1046 3728 (1880)
1080 3680 1125 3729 p.
1167 3663 1341 3728 79180.

397 3748 451 3811 5)
485 3746 582 3796 Zur
614 3746 733 3811 legis
766 3747 891 3795 actio
924 3749 1220 3796 sacramento
1254 3744 1451 3807 (1876);
1500 3743 1736 3797 kritische
1771 3742 1975 3796 Studien
2013 3744 2202 3807 (1878).
2241 3746 2319 3797 Cf.
2359 3743 2536 3805 Keller,
2577 3745 2722 3797 civit·

316 3845 510 3893 prozess
545 3830 716 3893 (1888)
753 3832 852 3879 not.
890 3830 990 3879 204
1024 3831 1089 3894 (p.
1128 3830 1287 3895 6415).

398 3912 455 3975 0)
494 3909 633 3961 Κνίί.
670 3908 816 3961 stud.
850 3926 896 3976 p.
935 3911 999 3959 00

398 3993 455 4059 7)
489 3992 542 4042 11
578 3995 600 4055 ς
631 3995 713 4045 24.

398 4077 453 4142 8)
486 4076 583 4126 Zur
616 4075 734 4140 legis
769 4074 893 4124 actio
928 4091 976 4141 p.
1010 4078 1093 4125 44.

396 4160 454 4225 9)
488 4162 584 4209 Zur
617 4158 735 4223 Iegis
769 4157 893 4207 actio
929 4174 971 4223 p.
1010 4158 1151 4215 3819.

399 4243 486 4308 10)
521 4242 655 4293 Krit.
694 4238 905 4291 Studien
939 4257 987 4305 p.
1024 4241 1164 4303 9314.

396 4326 484 4390 11)
519 4325 615 4374 Zur
647 4324 765 4389 legis
801 4323 925 4373 actio
961 4340 1006 4388 p.
1025 4326 1121 4373 432
1164 4324 1314 4373 ‚deun
1344 4324 1432 4373 dae
1462 4325 1812 4372 sacramentum
1845 4322 1992 4372 beldet
2023 4320 2366 4387 Schwerpunkt
2394 4324 2495 4372 nmd
2522 4323 2718 4387 Schlay·

323 4411 441 4459 wore
474 4406 616 4471 (krit.
652 4406 799 4467 Stud2
820 4422 872 4472 .1>·
909 4408 998 4456 932
1037 4406 1129 4455 den
1166 4405 1313 4465 Korn)
1347 4420 1542 4455 unserer
1578 4404 1697 4468 legis
1731 4404 1873 4463 actio,
1907 4405 1996 4453 das
2029 4404 2175 4469 Dium,
2211 4404 2430 4455 wodurch
2462 4405 2532 4455 eie
2565 4409 2721 4455 nuter-

320 4489 543 4539 ecbieden
579 4486 745 4540 νίν-(Ρ.
781 4488 905 4538 Ibid.
942 4505 989 4553 p.
1022 4490 1117 4537 442
1160 4489 1309 4537 ualles
1354 4487 1742 4551 Voramqehende
1776 4487 1902 4536 kann
1939 4502 2052 4536 man
2098 4486 2308 4550 Vorspiel
2337 4487 2567 4537 nennen’fi

399 4573 489 4636 12)
523 4571 656 4622 Krit.
690 4572 893 4622 Studien
926 4587 972 4637 p.
1008 4571 1089 4620 94.
1124 4569 1199 4620 Cf.
1235 4572 1333 4619 Zur
1365 4569 1483 4635 legis
1517 4570 1643 4620 actio
1679 4587 1729 4635 p.
1764 4571 1828 4619 80
1861 4572 1928 4632 (et
1960 4573 2064 4620 tota
2098 4572 2201 4632 58).
