<?xml version="1.0" encoding="UTF-8"?>
<!DOCTYPE html PUBLIC "-//W3C//DTD XHTML 1.0 Transitional//EN"
    "http://www.w3.org/TR/xhtml1/DTD/xhtml1-transitional.dtd">
<html xmlns="http://www.w3.org/1999/xhtml" xml:lang="en" lang="en">
 <head>
  <title>
</title>
<meta http-equiv="Content-Type" content="text/html;charset=utf-8" />
  <meta name='ocr-system' content='tesseract 3.04.00' />
  <meta name='ocr-capabilities' content='ocr_page ocr_carea ocr_par ocr_line ocrx_word'/>
</head>
<body>
  <div class='ocr_page' id='page_1' title='image "./mnemosynebiblio13servgoog_0231.png"; bbox 0 0 3392 5384; ppageno 0'>
   <div class='ocr_carea' id='block_1_1' title="bbox 1402 409 2751 478">
    <p class='ocr_par' dir='ltr' id='par_1_1' title="bbox 1402 409 2751 478">
     <span class='ocr_line' id='line_1_1' title="bbox 1402 409 2751 478; baseline 0 -4"><span class='ocrx_word' id='word_1_1' title='bbox 1402 427 1707 478; x_wconf 68' lang='lat' dir='ltr'><strong>nom&#39;rns.</strong></span> <span class='ocrx_word' id='word_1_2' title='bbox 2618 409 2751 474; x_wconf 79' lang='lat'><strong>219</strong></span> 
     </span>
    </p>
   </div>
   <div class='ocr_carea' id='block_1_2' title="bbox 351 591 2790 3004">
    <p class='ocr_par' dir='ltr' id='par_1_2' title="bbox 357 591 2747 764">
     <span class='ocr_line' id='line_1_2' title="bbox 452 591 2747 675; baseline 0.002 -20"><span class='ocrx_word' id='word_1_3' title='bbox 452 591 536 657; x_wconf 92' lang='lat' dir='ltr'><strong>IV</strong></span> <span class='ocrx_word' id='word_1_4' title='bbox 593 592 650 656; x_wconf 92' lang='lat'><strong>1.</strong></span> <span class='ocrx_word' id='word_1_5' title='bbox 680 596 720 658; x_wconf 84' lang='lat'><strong>8</strong></span> <span class='ocrx_word' id='word_1_6' title='bbox 796 591 1038 658; x_wconf 77' lang='lat' dir='ltr'>Invitat</span> <span class='ocrx_word' id='word_1_7' title='bbox 1100 594 1336 670; x_wconf 86' lang='lat' dir='ltr'><strong>tristis;</strong></span> <span class='ocrx_word' id='word_1_8' title='bbox 1402 595 1642 658; x_wconf 85' lang='lat' dir='ltr'><strong>mansit</strong></span> <span class='ocrx_word' id='word_1_9' title='bbox 1691 591 2065 675; x_wconf 84' lang='lat' dir='ltr'><strong>(Chremes).</strong></span> <span class='ocrx_word' id='word_1_10' title='bbox 2129 592 2231 658; x_wconf 90' lang='lat' dir='ltr'><strong>Ibi</strong></span> <span class='ocrx_word' id='word_1_11' title='bbox 2274 592 2391 658; x_wconf 90' lang='lat' dir='ltr'><strong>illa</strong></span> <span class='ocrx_word' id='word_1_12' title='bbox 2436 613 2585 658; x_wconf 90' lang='lat' dir='ltr'><strong>cum</strong></span> <span class='ocrx_word' id='word_1_13' title='bbox 2632 591 2747 660; x_wconf 91' lang='lat' dir='ltr'><strong>illo</strong></span> 
     </span>
     <span class='ocr_line' id='line_1_3' title="bbox 357 697 906 764; baseline 0.004 -2"><span class='ocrx_word' id='word_1_14' title='bbox 357 719 715 764; x_wconf 89' lang='lat' dir='ltr'><strong>sermonem</strong></span> <span class='ocrx_word' id='word_1_15' title='bbox 759 697 906 764; x_wconf 92' lang='lat' dir='ltr'><strong>ilico</strong></span> 
     </span>
    </p>

    <p class='ocr_par' dir='ltr' id='par_1_3' title="bbox 355 804 2790 1320">
     <span class='ocr_line' id='line_1_4' title="bbox 452 804 2746 892; baseline 0 -23"><span class='ocrx_word' id='word_1_16' title='bbox 452 804 548 886; x_wconf 90' lang='lat'><strong>(1)</strong></span> <span class='ocrx_word' id='word_1_17' title='bbox 609 804 998 870; x_wconf 80' lang='lat' dir='ltr'><strong>Adulescens</strong></span> <span class='ocrx_word' id='word_1_18' title='bbox 1052 804 1330 883; x_wconf 82' lang='lat' dir='ltr'><strong>scilicet3</strong></span> <span class='ocrx_word' id='word_1_19' title='bbox 1404 806 1501 888; x_wconf 82' lang='lat'><strong>(2)</strong></span> <span class='ocrx_word' id='word_1_20' title='bbox 1554 807 1878 884; x_wconf 81' lang='lat' dir='ltr'><strong>„mansit”</strong></span> <span class='ocrx_word' id='word_1_21' title='bbox 1930 828 2045 892; x_wconf 91' lang='lat' dir='ltr'><strong>pro</strong></span> <span class='ocrx_word' id='word_1_22' title='bbox 2092 812 2453 872; x_wconf 78' lang='lat' dir='ltr'><strong>remoratus</strong></span> <span class='ocrx_word' id='word_1_23' title='bbox 2499 811 2628 885; x_wconf 90' lang='lat' dir='ltr'><strong>est,</strong></span> <span class='ocrx_word' id='word_1_24' title='bbox 2676 806 2746 870; x_wconf 93' lang='lat' dir='ltr'><strong>id</strong></span> 
     </span>
     <span class='ocr_line' id='line_1_5' title="bbox 357 912 2749 998; baseline 0.001 -23"><span class='ocrx_word' id='word_1_25' title='bbox 357 917 454 976; x_wconf 87' lang='lat' dir='ltr'><strong>est</strong></span> <span class='ocrx_word' id='word_1_26' title='bbox 515 914 813 976; x_wconf 88' lang='lat' dir='ltr'><strong>accubuit</strong></span> <span class='ocrx_word' id='word_1_27' title='bbox 868 933 982 976; x_wconf 92' lang='lat' dir='ltr'><strong>nec</strong></span> <span class='ocrx_word' id='word_1_28' title='bbox 1026 915 1302 978; x_wconf 79' lang='lat' dir='ltr'><strong>recessit.</strong></span> <span class='ocrx_word' id='word_1_29' title='bbox 1469 913 1600 978; x_wconf 88' lang='lat' dir='ltr'><strong>IP:</strong></span> <span class='ocrx_word' id='word_1_30' title='bbox 1646 913 1743 996; x_wconf 88' lang='lat'><strong>(3)</strong></span> <span class='ocrx_word' id='word_1_31' title='bbox 1791 913 1863 978; x_wconf 85' lang='lat' dir='ltr'><strong>Si</strong></span> <span class='ocrx_word' id='word_1_32' title='bbox 1912 912 2102 979; x_wconf 89' lang='lat' dir='ltr'><strong>miles</strong></span> <span class='ocrx_word' id='word_1_33' title='bbox 2153 912 2477 991; x_wconf 81' lang='lat' dir='ltr'><strong>„mansit”</strong></span> <span class='ocrx_word' id='word_1_34' title='bbox 2526 933 2749 998; x_wconf 88' lang='lat' dir='ltr'><strong>passus</strong></span> 
     </span>
     <span class='ocr_line' id='line_1_6' title="bbox 355 1013 2754 1096; baseline 0.001 -14"><span class='ocrx_word' id='word_1_35' title='bbox 355 1023 488 1096; x_wconf 90' lang='lat' dir='ltr'><strong>est,</strong></span> <span class='ocrx_word' id='word_1_36' title='bbox 537 1020 593 1082; x_wconf 91' lang='lat' dir='ltr'><strong>si</strong></span> <span class='ocrx_word' id='word_1_37' title='bbox 639 1013 943 1084; x_wconf 82' lang='lat' dir='ltr'><strong>Chremes</strong></span> <span class='ocrx_word' id='word_1_38' title='bbox 995 1018 1315 1095; x_wconf 86' lang='lat' dir='ltr'><strong>„mansit”</strong></span> <span class='ocrx_word' id='word_1_39' title='bbox 1363 1022 1749 1084; x_wconf 73' lang='lat' dir='ltr'><strong>immoratus</strong></span> <span class='ocrx_word' id='word_1_40' title='bbox 1796 1026 1891 1084; x_wconf 89' lang='lat' dir='ltr'><strong>est</strong></span> <span class='ocrx_word' id='word_1_41' title='bbox 1938 1022 2212 1085; x_wconf 87' lang='lat' dir='ltr'><strong>conviva</strong></span> <span class='ocrx_word' id='word_1_42' title='bbox 2256 1040 2371 1084; x_wconf 89' lang='lat' dir='ltr'><strong>nec</strong></span> <span class='ocrx_word' id='word_1_43' title='bbox 2418 1021 2591 1084; x_wconf 89' lang='lat' dir='ltr'><strong>enim</strong></span> <span class='ocrx_word' id='word_1_44' title='bbox 2630 1025 2754 1084; x_wconf 86' lang='lat' dir='ltr'><strong>sta-</strong></span> 
     </span>
     <span class='ocr_line' id='line_1_7' title="bbox 358 1124 2790 1211; baseline 0.001 -24"><span class='ocrx_word' id='word_1_45' title='bbox 358 1126 479 1188; x_wconf 87' lang='lat' dir='ltr'><strong>tim</strong></span> <span class='ocrx_word' id='word_1_46' title='bbox 526 1124 886 1190; x_wconf 85' lang='lat' dir='ltr'><strong>discessisse</strong></span> <span class='ocrx_word' id='word_1_47' title='bbox 934 1124 1334 1210; x_wconf 88' lang='lat' dir='ltr'><strong>accipiendus</strong></span> <span class='ocrx_word' id='word_1_48' title='bbox 1381 1132 1496 1192; x_wconf 88' lang='lat' dir='ltr'><strong>est.</strong></span> <span class='ocrx_word' id='word_1_49' title='bbox 1636 1127 1813 1200; x_wconf 84' lang='lat' dir='ltr'><strong>Haec</strong></span> <span class='ocrx_word' id='word_1_50' title='bbox 1860 1129 2077 1192; x_wconf 90' lang='lat' dir='ltr'><strong>inania</strong></span> <span class='ocrx_word' id='word_1_51' title='bbox 2117 1127 2311 1193; x_wconf 91' lang='lat' dir='ltr'><strong>verba</strong></span> <span class='ocrx_word' id='word_1_52' title='bbox 2350 1131 2501 1192; x_wconf 88' lang='lat' dir='ltr'><strong>sunt</strong></span> <span class='ocrx_word' id='word_1_53' title='bbox 2538 1127 2595 1192; x_wconf 91' lang='lat' dir='ltr'><strong>ei</strong></span> <span class='ocrx_word' id='word_1_54' title='bbox 2637 1128 2790 1211; x_wconf 87' lang='lat' dir='ltr'><strong>qui·</strong></span> 
     </span>
     <span class='ocr_line' id='line_1_8' title="bbox 357 1231 1698 1320; baseline 0.002 -24"><span class='ocrx_word' id='word_1_55' title='bbox 357 1252 545 1296; x_wconf 85' lang='lat' dir='ltr'><strong>cenae</strong></span> <span class='ocrx_word' id='word_1_56' title='bbox 591 1231 1026 1299; x_wconf 89' lang='lat' dir='ltr'><strong>condicionem</strong></span> <span class='ocrx_word' id='word_1_57' title='bbox 1073 1233 1206 1320; x_wconf 24' lang='lat' dir='ltr'><strong>sibi·</strong></span> <span class='ocrx_word' id='word_1_58' title='bbox 1245 1239 1698 1317; x_wconf 87' lang='lat' dir='ltr'><strong>repraesentat.</strong></span> 
     </span>
    </p>

    <p class='ocr_par' dir='ltr' id='par_1_4' title="bbox 360 1339 2751 1512">
     <span class='ocr_line' id='line_1_9' title="bbox 446 1339 2751 1426; baseline 0 -22"><span class='ocrx_word' id='word_1_59' title='bbox 446 1339 610 1404; x_wconf 92' lang='lat' dir='ltr'><strong>Ibid.</strong></span> <span class='ocrx_word' id='word_1_60' title='bbox 664 1339 746 1404; x_wconf 89' lang='lat'><strong>10</strong></span> <span class='ocrx_word' id='word_1_61' title='bbox 784 1361 876 1424; x_wconf 89' lang='lat' dir='ltr'><strong>sq.</strong></span> <span class='ocrx_word' id='word_1_62' title='bbox 950 1339 1167 1418; x_wconf 87' lang='lat' dir='ltr'><strong>Heus,</strong></span> <span class='ocrx_word' id='word_1_63' title='bbox 1214 1341 1462 1423; x_wconf 90' lang='lat' dir='ltr'><strong>inquit,</strong></span> <span class='ocrx_word' id='word_1_64' title='bbox 1511 1362 1688 1426; x_wconf 87' lang='lat' dir='ltr'><strong>puer,</strong></span> <span class='ocrx_word' id='word_1_65' title='bbox 1742 1340 2155 1426; x_wconf 82' lang='lat' dir='ltr'><strong>Pamphilam</strong></span> <span class='ocrx_word' id='word_1_66' title='bbox 2196 1353 2480 1419; x_wconf 86' lang='lat' dir='ltr'><strong>arcesse,</strong></span> <span class='ocrx_word' id='word_1_67' title='bbox 2527 1345 2603 1404; x_wconf 90' lang='lat' dir='ltr'><strong>ut</strong></span> <span class='ocrx_word' id='word_1_68' title='bbox 2652 1339 2751 1404; x_wconf 92' lang='lat' dir='ltr'><strong>de-</strong></span> 
     </span>
     <span class='ocr_line' id='line_1_10' title="bbox 360 1446 864 1512; baseline 0 -1"><span class='ocrx_word' id='word_1_69' title='bbox 360 1446 554 1512; x_wconf 90' lang='lat' dir='ltr'><strong>lectet</strong></span> <span class='ocrx_word' id='word_1_70' title='bbox 601 1447 702 1511; x_wconf 89' lang='lat' dir='ltr'><strong>his</strong></span> <span class='ocrx_word' id='word_1_71' title='bbox 749 1467 864 1512; x_wconf 89' lang='lat' dir='ltr'><strong>nos</strong></span> 
     </span>
    </p>

    <p class='ocr_par' dir='ltr' id='par_1_5' title="bbox 352 1552 2789 2385">
     <span class='ocr_line' id='line_1_11' title="bbox 446 1552 2742 1638; baseline 0 -22"><span class='ocrx_word' id='word_1_72' title='bbox 446 1554 540 1634; x_wconf 88' lang='lat' dir='ltr'><strong>(l)</strong></span> <span class='ocrx_word' id='word_1_73' title='bbox 603 1552 798 1632; x_wconf 82' lang='lat' dir='ltr'><strong>Quasi</strong></span> <span class='ocrx_word' id='word_1_74' title='bbox 859 1553 1031 1618; x_wconf 90' lang='lat' dir='ltr'><strong>dicat</strong></span> <span class='ocrx_word' id='word_1_75' title='bbox 1093 1552 1306 1638; x_wconf 88' lang='lat' dir='ltr'><strong>„quod</strong></span> <span class='ocrx_word' id='word_1_76' title='bbox 1371 1553 1526 1620; x_wconf 90' lang='lat' dir='ltr'><strong>haec</strong></span> <span class='ocrx_word' id='word_1_77' title='bbox 1589 1554 1837 1638; x_wconf 83' lang='lat' dir='ltr'><strong>(Thais)</strong></span> <span class='ocrx_word' id='word_1_78' title='bbox 1897 1577 2021 1621; x_wconf 91' lang='lat' dir='ltr'><strong>non</strong></span> <span class='ocrx_word' id='word_1_79' title='bbox 2071 1554 2291 1620; x_wconf 88' lang='lat' dir='ltr'><strong>facit&#39;’.</strong></span> <span class='ocrx_word' id='word_1_80' title='bbox 2344 1592 2429 1603; x_wconf 91' lang='lat'><strong>—</strong></span> <span class='ocrx_word' id='word_1_81' title='bbox 2476 1553 2571 1634; x_wconf 81' lang='lat'><strong>(2)</strong></span> <span class='ocrx_word' id='word_1_82' title='bbox 2618 1552 2742 1618; x_wconf 84' lang='lat' dir='ltr'><strong>Sed</strong></span> 
     </span>
     <span class='ocr_line' id='line_1_12' title="bbox 353 1657 2789 1747; baseline 0.001 -25"><span class='ocrx_word' id='word_1_83' title='bbox 353 1657 787 1724; x_wconf 85' lang='lat' dir='ltr'><strong>delectare</strong></span> <span class='ocrx_word' id='word_1_84' title='bbox 850 1658 1140 1725; x_wconf 87' lang='lat' dir='ltr'><strong>fidicinae</strong></span> <span class='ocrx_word' id='word_1_85' title='bbox 1200 1666 1331 1737; x_wconf 91' lang='lat' dir='ltr'><strong>est,</strong></span> <span class='ocrx_word' id='word_1_86' title='bbox 1369 1663 1545 1746; x_wconf 82' lang='lat' dir='ltr'><strong>quia</strong></span> <span class='ocrx_word' id='word_1_87' title='bbox 1591 1683 1783 1747; x_wconf 90' lang='lat' dir='ltr'><strong>supra</strong></span> <span class='ocrx_word' id='word_1_88' title='bbox 1830 1661 1906 1728; x_wconf 88' lang='lat' dir='ltr'><strong>de</strong></span> <span class='ocrx_word' id='word_1_89' title='bbox 1951 1661 2067 1728; x_wconf 90' lang='lat' dir='ltr'><strong>illa</strong></span> <span class='ocrx_word' id='word_1_90' title='bbox 2115 1662 2360 1726; x_wconf 84' lang='lat' dir='ltr'><strong>dixerat</strong></span> <span class='ocrx_word' id='word_1_91' title='bbox 2408 1666 2529 1742; x_wconf 88' lang='lat' dir='ltr'><strong>(vs.</strong></span> <span class='ocrx_word' id='word_1_92' title='bbox 2585 1659 2741 1741; x_wconf 86' lang='lat'><strong>133)</strong></span> <span class='ocrx_word' id='word_1_93' title='bbox 2786 1709 2789 1712; x_wconf 78' lang='lat'>-</span> 
     </span>
     <span class='ocr_line' id='line_1_13' title="bbox 355 1764 2741 1853; baseline 0 -22"><span class='ocrx_word' id='word_1_94' title='bbox 355 1770 467 1844; x_wconf 74' lang='lat' dir='ltr'><strong>„et</strong></span> <span class='ocrx_word' id='word_1_95' title='bbox 525 1764 759 1831; x_wconf 86' lang='lat' dir='ltr'><strong>fidibus</strong></span> <span class='ocrx_word' id='word_1_96' title='bbox 805 1765 1032 1831; x_wconf 88' lang='lat' dir='ltr'><strong>scire’&#39;.</strong></span> <span class='ocrx_word' id='word_1_97' title='bbox 1098 1803 1184 1814; x_wconf 90' lang='lat'>—</span> <span class='ocrx_word' id='word_1_98' title='bbox 1247 1765 1342 1847; x_wconf 87' lang='grc'><strong>(3)</strong></span> <span class='ocrx_word' id='word_1_99' title='bbox 1390 1767 1476 1832; x_wconf 85' lang='lat' dir='ltr'><strong>Et</strong></span> <span class='ocrx_word' id='word_1_100' title='bbox 1524 1767 1676 1834; x_wconf 90' lang='lat' dir='ltr'><strong>bene</strong></span> <span class='ocrx_word' id='word_1_101' title='bbox 1727 1769 1939 1847; x_wconf 89' lang='lat' dir='ltr'><strong>„hic&#39;&#39;,</strong></span> <span class='ocrx_word' id='word_1_102' title='bbox 1994 1772 2176 1853; x_wconf 89' lang='lat' dir='ltr'><strong>quasi</strong></span> <span class='ocrx_word' id='word_1_103' title='bbox 2227 1769 2481 1846; x_wconf 91' lang='lat' dir='ltr'><strong>„&lt;ubi&gt;</strong></span> <span class='ocrx_word' id='word_1_104' title='bbox 2528 1771 2741 1832; x_wconf 88' lang='lat' dir='ltr'><strong>insua-</strong></span> 
     </span>
     <span class='ocr_line' id='line_1_14' title="bbox 353 1871 2742 1960; baseline 0 -24"><span class='ocrx_word' id='word_1_105' title='bbox 353 1874 523 1936; x_wconf 81' lang='lat' dir='ltr'><strong>viter</strong></span> <span class='ocrx_word' id='word_1_106' title='bbox 583 1894 752 1937; x_wconf 87' lang='lat' dir='ltr'><strong>nnnc</strong></span> <span class='ocrx_word' id='word_1_107' title='bbox 815 1871 1232 1937; x_wconf 88' lang='lat' dir='ltr'><strong>tractamur&#39;&#39;.</strong></span> <span class='ocrx_word' id='word_1_108' title='bbox 1373 1873 1633 1940; x_wconf 81' lang='lat' dir='ltr'><strong>Scholia</strong></span> <span class='ocrx_word' id='word_1_109' title='bbox 1702 1875 1796 1956; x_wconf 87' lang='lat' dir='ltr'><strong>(l)</strong></span> <span class='ocrx_word' id='word_1_110' title='bbox 1860 1881 1925 1940; x_wconf 91' lang='lat' dir='ltr'><strong>et</strong></span> <span class='ocrx_word' id='word_1_111' title='bbox 1986 1874 2080 1957; x_wconf 89' lang='lat'><strong>(3)</strong></span> <span class='ocrx_word' id='word_1_112' title='bbox 2152 1895 2547 1960; x_wconf 90' lang='lat' dir='ltr'><strong>quamquam</strong></span> <span class='ocrx_word' id='word_1_113' title='bbox 2617 1895 2742 1938; x_wconf 90' lang='lat' dir='ltr'><strong>non</strong></span> 
     </span>
     <span class='ocr_line' id='line_1_15' title="bbox 352 1978 2747 2067; baseline 0 -24"><span class='ocrx_word' id='word_1_114' title='bbox 352 1981 576 2064; x_wconf 81' lang='lat' dir='ltr'><strong>magni</strong></span> <span class='ocrx_word' id='word_1_115' title='bbox 638 1982 950 2044; x_wconf 87' lang='lat' dir='ltr'><strong>momenti</strong></span> <span class='ocrx_word' id='word_1_116' title='bbox 1010 1978 1262 2045; x_wconf 90' lang='lat' dir='ltr'><strong>Donato</strong></span> <span class='ocrx_word' id='word_1_117' title='bbox 1324 1979 1746 2065; x_wconf 89' lang='lat' dir='ltr'><strong>relinquenda</strong></span> <span class='ocrx_word' id='word_1_118' title='bbox 1792 2003 2049 2059; x_wconf 90' lang='lat' dir='ltr'><strong>censeo,</strong></span> <span class='ocrx_word' id='word_1_119' title='bbox 2100 2003 2293 2067; x_wconf 88' lang='lat' dir='ltr'><strong>quem</strong></span> <span class='ocrx_word' id='word_1_120' title='bbox 2340 1981 2567 2046; x_wconf 84' lang='lat' dir='ltr'><strong>Editor</strong></span> <span class='ocrx_word' id='word_1_121' title='bbox 2612 2001 2747 2065; x_wconf 89' lang='lat' dir='ltr'><strong>per-</strong></span> 
     </span>
     <span class='ocr_line' id='line_1_16' title="bbox 354 2084 2744 2173; baseline 0 -23"><span class='ocrx_word' id='word_1_122' title='bbox 354 2106 574 2170; x_wconf 91' lang='lat' dir='ltr'><strong>peram</strong></span> <span class='ocrx_word' id='word_1_123' title='bbox 613 2084 981 2170; x_wconf 87' lang='lat' dir='ltr'><strong>obloquitur</strong></span> <span class='ocrx_word' id='word_1_124' title='bbox 1021 2088 1090 2150; x_wconf 91' lang='lat' dir='ltr'><strong>in</strong></span> <span class='ocrx_word' id='word_1_125' title='bbox 1122 2086 1237 2171; x_wconf 74' lang='lat'><strong>(2),</strong></span> <span class='ocrx_word' id='word_1_126' title='bbox 1278 2089 1521 2152; x_wconf 87' lang='lat' dir='ltr'><strong>etenim</strong></span> <span class='ocrx_word' id='word_1_127' title='bbox 1546 2087 1889 2173; x_wconf 88' lang='lat' dir='ltr'><strong>Pamphila</strong></span> <span class='ocrx_word' id='word_1_128' title='bbox 1912 2110 2036 2153; x_wconf 93' lang='lat' dir='ltr'><strong>non</strong></span> <span class='ocrx_word' id='word_1_129' title='bbox 2060 2091 2395 2154; x_wconf 85' lang='lat' dir='ltr'><strong>invocatur</strong></span> <span class='ocrx_word' id='word_1_130' title='bbox 2420 2095 2492 2152; x_wconf 92' lang='lat' dir='ltr'><strong>ut</strong></span> <span class='ocrx_word' id='word_1_131' title='bbox 2515 2086 2744 2151; x_wconf 90' lang='lat' dir='ltr'><strong>fidium</strong></span> 
     </span>
     <span class='ocr_line' id='line_1_17' title="bbox 353 2191 2744 2278; baseline 0.001 -22"><span class='ocrx_word' id='word_1_132' title='bbox 353 2197 541 2256; x_wconf 89' lang='lat' dir='ltr'><strong>cantu</strong></span> <span class='ocrx_word' id='word_1_133' title='bbox 605 2191 883 2257; x_wconf 89' lang='lat' dir='ltr'><strong>militem</strong></span> <span class='ocrx_word' id='word_1_134' title='bbox 943 2199 1008 2258; x_wconf 88' lang='lat' dir='ltr'><strong>et</strong></span> <span class='ocrx_word' id='word_1_135' title='bbox 1054 2196 1410 2278; x_wconf 87' lang='lat' dir='ltr'><strong>parasitum</strong></span> <span class='ocrx_word' id='word_1_136' title='bbox 1458 2193 1763 2274; x_wconf 90' lang='lat' dir='ltr'><strong>delectet,</strong></span> <span class='ocrx_word' id='word_1_137' title='bbox 1814 2216 2042 2261; x_wconf 88' lang='lat' dir='ltr'><strong>verum</strong></span> <span class='ocrx_word' id='word_1_138' title='bbox 2090 2201 2164 2259; x_wconf 90' lang='lat' dir='ltr'><strong>ut</strong></span> <span class='ocrx_word' id='word_1_139' title='bbox 2208 2194 2394 2259; x_wconf 86' lang='lat' dir='ltr'><strong>miles</strong></span> <span class='ocrx_word' id='word_1_140' title='bbox 2443 2214 2584 2259; x_wconf 88' lang='lat' dir='ltr'><strong>eam</strong></span> <span class='ocrx_word' id='word_1_141' title='bbox 2630 2215 2744 2278; x_wconf 90' lang='lat' dir='ltr'><strong>pro</strong></span> 
     </span>
     <span class='ocr_line' id='line_1_18' title="bbox 357 2299 2119 2385; baseline 0.002 -23"><span class='ocrx_word' id='word_1_142' title='bbox 357 2301 564 2363; x_wconf 89' lang='lat' dir='ltr'><strong>amica</strong></span> <span class='ocrx_word' id='word_1_143' title='bbox 615 2299 827 2364; x_wconf 87' lang='lat' dir='ltr'><strong>foveat</strong></span> <span class='ocrx_word' id='word_1_144' title='bbox 873 2305 1064 2385; x_wconf 85' lang='lat' dir='ltr'><strong>atque</strong></span> <span class='ocrx_word' id='word_1_145' title='bbox 1111 2299 1376 2365; x_wconf 84' lang='lat' dir='ltr'><strong>Thaidis</strong></span> <span class='ocrx_word' id='word_1_146' title='bbox 1422 2301 1738 2367; x_wconf 88' lang='lat' dir='ltr'><strong>invidiam</strong></span> <span class='ocrx_word' id='word_1_147' title='bbox 1786 2304 2022 2367; x_wconf 86' lang='lat' dir='ltr'><strong>excitet</strong></span> <span class='ocrx_word' id='word_1_148' title='bbox 2054 2303 2119 2381; x_wconf 87' lang='lat'><strong>¹).</strong></span> 
     </span>
    </p>

    <p class='ocr_par' dir='ltr' id='par_1_6' title="bbox 445 2403 2267 2473">
     <span class='ocr_line' id='line_1_19' title="bbox 445 2403 2267 2473; baseline 0.002 -4"><span class='ocrx_word' id='word_1_149' title='bbox 445 2404 605 2470; x_wconf 91' lang='lat' dir='ltr'><strong>Ibid.</strong></span> <span class='ocrx_word' id='word_1_150' title='bbox 661 2403 742 2468; x_wconf 88' lang='grc'><strong>13</strong></span> <span class='ocrx_word' id='word_1_151' title='bbox 813 2404 1062 2471; x_wconf 87' lang='lat' dir='ltr'><strong>Interea</strong></span> <span class='ocrx_word' id='word_1_152' title='bbox 1109 2427 1341 2470; x_wconf 89' lang='lat' dir='ltr'><strong>aurum</strong></span> <span class='ocrx_word' id='word_1_153' title='bbox 1387 2407 1512 2472; x_wconf 85' lang='lat' dir='ltr'><strong>sibi</strong></span> <span class='ocrx_word' id='word_1_154' title='bbox 1558 2406 1730 2472; x_wconf 87' lang='lat' dir='ltr'><strong>clam</strong></span> <span class='ocrx_word' id='word_1_155' title='bbox 1778 2407 2017 2472; x_wconf 89' lang='lat' dir='ltr'><strong>mulier</strong></span> <span class='ocrx_word' id='word_1_156' title='bbox 2064 2408 2267 2473; x_wconf 88' lang='lat' dir='ltr'><strong>demit</strong></span> 
     </span>
    </p>

    <p class='ocr_par' dir='ltr' id='par_1_7' title="bbox 351 2511 2738 3004">
     <span class='ocr_line' id='line_1_20' title="bbox 445 2511 2738 2599; baseline 0.001 -25"><span class='ocrx_word' id='word_1_157' title='bbox 445 2511 540 2592; x_wconf 87' lang='lat' dir='ltr'><strong>(l)</strong></span> <span class='ocrx_word' id='word_1_158' title='bbox 599 2511 696 2578; x_wconf 90' lang='lat' dir='ltr'><strong>Ne</strong></span> <span class='ocrx_word' id='word_1_159' title='bbox 760 2532 993 2576; x_wconf 90' lang='lat' dir='ltr'><strong>aurum</strong></span> <span class='ocrx_word' id='word_1_160' title='bbox 1057 2533 1171 2597; x_wconf 89' lang='lat' dir='ltr'><strong>pro</strong></span> <span class='ocrx_word' id='word_1_161' title='bbox 1218 2515 1507 2599; x_wconf 79' lang='lat' dir='ltr'><strong>virgine,</strong></span> <span class='ocrx_word' id='word_1_162' title='bbox 1560 2514 1731 2598; x_wconf 87' lang='lat' dir='ltr'><strong>quod</strong></span> <span class='ocrx_word' id='word_1_163' title='bbox 1777 2516 2125 2592; x_wconf 89' lang='lat' dir='ltr'><strong>retinebat,</strong></span> <span class='ocrx_word' id='word_1_164' title='bbox 2176 2516 2525 2580; x_wconf 88' lang='lat' dir='ltr'><strong>amitteret.</strong></span> <span class='ocrx_word' id='word_1_165' title='bbox 2665 2513 2738 2578; x_wconf 90' lang='lat' dir='ltr'><strong>Id</strong></span> 
     </span>
     <span class='ocr_line' id='line_1_21' title="bbox 351 2616 2736 2708; baseline 0.001 -26"><span class='ocrx_word' id='word_1_166' title='bbox 351 2623 480 2682; x_wconf 90' lang='lat' dir='ltr'><strong>est:</strong></span> <span class='ocrx_word' id='word_1_167' title='bbox 549 2616 644 2682; x_wconf 93' lang='lat' dir='ltr'><strong>Ne</strong></span> <span class='ocrx_word' id='word_1_168' title='bbox 706 2616 896 2683; x_wconf 87' lang='lat' dir='ltr'><strong>miles</strong></span> <span class='ocrx_word' id='word_1_169' title='bbox 959 2625 1332 2684; x_wconf 87' lang='lat' dir='ltr'><strong>ornamenta</strong></span> <span class='ocrx_word' id='word_1_170' title='bbox 1380 2618 1642 2685; x_wconf 83' lang='lat' dir='ltr'><strong>Thaidis</strong></span> <span class='ocrx_word' id='word_1_171' title='bbox 1689 2641 1881 2686; x_wconf 90' lang='lat' dir='ltr'><strong>aurea</strong></span> <span class='ocrx_word' id='word_1_172' title='bbox 1928 2642 2040 2706; x_wconf 88' lang='lat' dir='ltr'><strong>pro</strong></span> <span class='ocrx_word' id='word_1_173' title='bbox 2088 2623 2353 2708; x_wconf 86' lang='lat' dir='ltr'><strong>pignore</strong></span> <span class='ocrx_word' id='word_1_174' title='bbox 2401 2619 2654 2705; x_wconf 87' lang='lat' dir='ltr'><strong>puellae</strong></span> <span class='ocrx_word' id='word_1_175' title='bbox 2701 2641 2736 2684; x_wconf 91' lang='lat' dir='ltr'><strong>a</strong></span> 
     </span>
     <span class='ocr_line' id='line_1_22' title="bbox 351 2724 2735 2813; baseline 0.001 -23"><span class='ocrx_word' id='word_1_176' title='bbox 351 2725 594 2790; x_wconf 90' lang='lat' dir='ltr'><strong>Thaide</strong></span> <span class='ocrx_word' id='word_1_177' title='bbox 633 2730 918 2791; x_wconf 88' lang='lat' dir='ltr'><strong>retentae</strong></span> <span class='ocrx_word' id='word_1_178' title='bbox 958 2724 1034 2791; x_wconf 90' lang='lat' dir='ltr'><strong>de</strong></span> <span class='ocrx_word' id='word_1_179' title='bbox 1074 2725 1238 2792; x_wconf 92' lang='lat' dir='ltr'><strong>collo</strong></span> <span class='ocrx_word' id='word_1_180' title='bbox 1279 2727 1716 2813; x_wconf 85' lang='lat' dir='ltr'><strong>bracchiisque</strong></span> <span class='ocrx_word' id='word_1_181' title='bbox 1753 2734 2026 2813; x_wconf 87' lang='lat' dir='ltr'><strong>raperet.</strong></span> <span class='ocrx_word' id='word_1_182' title='bbox 2076 2727 2181 2793; x_wconf 83' lang='lat' dir='ltr'><strong>Sic</strong></span> <span class='ocrx_word' id='word_1_183' title='bbox 2219 2733 2389 2794; x_wconf 89' lang='lat' dir='ltr'><strong>recte</strong></span> <span class='ocrx_word' id='word_1_184' title='bbox 2428 2727 2735 2794; x_wconf 86' lang='lat' dir='ltr'><strong>Donatus.</strong></span> 
     </span>
     <span class='ocr_line' id='line_1_23' title="bbox 351 2830 2738 2922; baseline 0.001 -26"><span class='ocrx_word' id='word_1_185' title='bbox 351 2831 451 2897; x_wconf 95' lang='lat' dir='ltr'><strong>IP</strong></span> <span class='ocrx_word' id='word_1_186' title='bbox 500 2830 816 2918; x_wconf 89' lang='lat' dir='ltr'><strong>Opposuit</strong></span> <span class='ocrx_word' id='word_1_187' title='bbox 859 2832 1136 2898; x_wconf 87' lang='lat' dir='ltr'><strong>insulse:</strong></span> <span class='ocrx_word' id='word_1_188' title='bbox 1200 2833 1295 2915; x_wconf 87' lang='lat'><strong>(3)</strong></span> <span class='ocrx_word' id='word_1_189' title='bbox 1343 2833 1457 2900; x_wconf 91' lang='lat' dir='ltr'><strong>Vel</strong></span> <span class='ocrx_word' id='word_1_190' title='bbox 1505 2840 1579 2899; x_wconf 91' lang='lat' dir='ltr'><strong>ut</strong></span> <span class='ocrx_word' id='word_1_191' title='bbox 1624 2841 1790 2901; x_wconf 89' lang='lat' dir='ltr'><strong>esset</strong></span> <span class='ocrx_word' id='word_1_192' title='bbox 1836 2834 1914 2900; x_wconf 86' lang='lat' dir='ltr'><strong>ad</strong></span> <span class='ocrx_word' id='word_1_193' title='bbox 1960 2836 2185 2922; x_wconf 80' lang='lat' dir='ltr'><strong>fugam</strong></span> <span class='ocrx_word' id='word_1_194' title='bbox 2235 2835 2592 2920; x_wconf 86' lang='lat' dir='ltr'><strong>expeditior</strong></span> <span class='ocrx_word' id='word_1_195' title='bbox 2635 2832 2738 2899; x_wconf 92' lang='lat' dir='ltr'><strong>vel</strong></span> 
     </span>
     <span class='ocr_line' id='line_1_24' title="bbox 351 2938 708 3004; baseline 0.003 -1"><span class='ocrx_word' id='word_1_196' title='bbox 351 2938 431 3003; x_wconf 86' lang='lat' dir='ltr'><strong>ad</strong></span> <span class='ocrx_word' id='word_1_197' title='bbox 476 2941 708 3004; x_wconf 81' lang='lat' dir='ltr'><strong>rixam.</strong></span> 
     </span>
    </p>
   </div>
   <div class='ocr_carea' id='block_1_3' title="bbox 299 3153 2742 4204">
    <p class='ocr_par' dir='ltr' id='par_1_8' title="bbox 349 3153 2742 3648">
     <span class='ocr_line' id='line_1_25' title="bbox 441 3153 2740 3244; baseline 0.001 -25"><span class='ocrx_word' id='word_1_198' title='bbox 441 3154 526 3219; x_wconf 92' lang='lat' dir='ltr'><strong>IV</strong></span> <span class='ocrx_word' id='word_1_199' title='bbox 576 3153 638 3220; x_wconf 81' lang='lat'><strong>2.</strong></span> <span class='ocrx_word' id='word_1_200' title='bbox 668 3154 706 3219; x_wconf 87' lang='lat'><strong>3</strong></span> <span class='ocrx_word' id='word_1_201' title='bbox 776 3154 995 3221; x_wconf 90' lang='lat' dir='ltr'><strong>Aliam</strong></span> <span class='ocrx_word' id='word_1_202' title='bbox 1041 3177 1179 3222; x_wconf 90' lang='lat' dir='ltr'><strong>rem</strong></span> <span class='ocrx_word' id='word_1_203' title='bbox 1225 3178 1302 3223; x_wconf 91' lang='lat' dir='ltr'><strong>ex</strong></span> <span class='ocrx_word' id='word_1_204' title='bbox 1352 3155 1478 3224; x_wconf 92' lang='lat' dir='ltr'><strong>alia</strong></span> <span class='ocrx_word' id='word_1_205' title='bbox 1525 3160 1807 3244; x_wconf 75' lang='lat' dir='ltr'><strong>cog-itare</strong></span> <span class='ocrx_word' id='word_1_206' title='bbox 1854 3164 1919 3225; x_wconf 90' lang='lat' dir='ltr'><strong>et</strong></span> <span class='ocrx_word' id='word_1_207' title='bbox 1967 3179 2040 3224; x_wconf 90' lang='lat' dir='ltr'><strong>ea</strong></span> <span class='ocrx_word' id='word_1_208' title='bbox 2087 3161 2303 3225; x_wconf 91' lang='lat' dir='ltr'><strong>omnia</strong></span> <span class='ocrx_word' id='word_1_209' title='bbox 2348 3161 2417 3223; x_wconf 92' lang='lat' dir='ltr'><strong>in</strong></span> <span class='ocrx_word' id='word_1_210' title='bbox 2454 3161 2740 3244; x_wconf 90' lang='lat' dir='ltr'><strong>peiorem</strong></span> 
     </span>
     <span class='ocr_line' id='line_1_26' title="bbox 349 3261 1338 3348; baseline 0 -21"><span class='ocrx_word' id='word_1_211' title='bbox 349 3268 602 3348; x_wconf 88' lang='lat' dir='ltr'><strong>partem</strong></span> <span class='ocrx_word' id='word_1_212' title='bbox 1331 3261 1338 3267; x_wconf 77' lang='grc'><strong><em>’</em></strong></span> 
     </span>
     <span class='ocr_line' id='line_1_27' title="bbox 369 3368 2742 3456; baseline 0 -22"><span class='ocrx_word' id='word_1_213' title='bbox 369 3404 377 3410; x_wconf 90' lang='grc'>-</span> <span class='ocrx_word' id='word_1_214' title='bbox 441 3369 678 3434; x_wconf 89' lang='lat' dir='ltr'><strong>Utrum</strong></span> <span class='ocrx_word' id='word_1_215' title='bbox 719 3368 1104 3435; x_wconf 88' lang='lat' dir='ltr'><strong>subauditur</strong></span> <span class='ocrx_word' id='word_1_216' title='bbox 1141 3370 1510 3456; x_wconf 81' lang='lat' dir='ltr'><strong>„cogitare”</strong></span> <span class='ocrx_word' id='word_1_217' title='bbox 1551 3391 1629 3436; x_wconf 89' lang='lat' dir='ltr'><strong>an</strong></span> <span class='ocrx_word' id='word_1_218' title='bbox 1672 3370 1933 3449; x_wconf 86' lang='lat' dir='ltr'><strong>„ibant”</strong></span> <span class='ocrx_word' id='word_1_219' title='bbox 1966 3369 2404 3456; x_wconf 83' lang='lat' dir='ltr'><strong>„vergebant”</strong></span> <span class='ocrx_word' id='word_1_220' title='bbox 2449 3375 2564 3435; x_wconf 90' lang='lat' dir='ltr'><strong>aut</strong></span> <span class='ocrx_word' id='word_1_221' title='bbox 2588 3369 2742 3453; x_wconf 91' lang='lat' dir='ltr'><strong>quid</strong></span> 
     </span>
     <span class='ocr_line' id='line_1_28' title="bbox 352 3475 2738 3564; baseline 0 -23"><span class='ocrx_word' id='word_1_222' title='bbox 352 3475 500 3541; x_wconf 87' lang='lat' dir='ltr'><strong>tale.</strong></span> <span class='ocrx_word' id='word_1_223' title='bbox 641 3475 943 3541; x_wconf 89' lang='lat' dir='ltr'><strong>Dubitari</strong></span> <span class='ocrx_word' id='word_1_224' title='bbox 1010 3498 1135 3542; x_wconf 87' lang='lat' dir='ltr'><strong>non</strong></span> <span class='ocrx_word' id='word_1_225' title='bbox 1205 3477 1425 3543; x_wconf 89' lang='lat' dir='ltr'><strong>debuit</strong></span> <span class='ocrx_word' id='word_1_226' title='bbox 1486 3481 1642 3562; x_wconf 89' lang='lat' dir='ltr'><strong>quin</strong></span> <span class='ocrx_word' id='word_1_227' title='bbox 1704 3476 2135 3564; x_wconf 89' lang='lat' dir='ltr'><strong>supplendum</strong></span> <span class='ocrx_word' id='word_1_228' title='bbox 2196 3480 2281 3542; x_wconf 91' lang='lat' dir='ltr'><strong>sit</strong></span> <span class='ocrx_word' id='word_1_229' title='bbox 2348 3477 2738 3564; x_wconf 81' lang='lat' dir='ltr'><strong>,‚cogitare&#39;&#39;.</strong></span> 
     </span>
     <span class='ocr_line' id='line_1_29' title="bbox 349 3581 898 3648; baseline 0.004 -2"><span class='ocrx_word' id='word_1_230' title='bbox 349 3583 470 3648; x_wconf 90' lang='lat' dir='ltr'><strong>Vix</strong></span> <span class='ocrx_word' id='word_1_231' title='bbox 516 3581 898 3648; x_wconf 89' lang='lat' dir='ltr'><strong>Donateum.</strong></span> 
     </span>
    </p>

    <p class='ocr_par' dir='ltr' id='par_1_9' title="bbox 299 3687 2742 4204">
     <span class='ocr_line' id='line_1_30' title="bbox 438 3687 1985 3775; baseline 0.001 -21"><span class='ocrx_word' id='word_1_232' title='bbox 438 3688 600 3754; x_wconf 92' lang='lat' dir='ltr'><strong>Ibid.</strong></span> <span class='ocrx_word' id='word_1_233' title='bbox 656 3687 691 3754; x_wconf 88' lang='lat'><strong>&#39;7</strong></span> <span class='ocrx_word' id='word_1_234' title='bbox 763 3689 890 3755; x_wconf 90' lang='lat' dir='ltr'><strong>Ubi</strong></span> <span class='ocrx_word' id='word_1_235' title='bbox 938 3689 1017 3754; x_wconf 93' lang='lat' dir='ltr'><strong>ad</strong></span> <span class='ocrx_word' id='word_1_236' title='bbox 1062 3692 1278 3775; x_wconf 90' lang='lat' dir='ltr'><strong>ipsum</strong></span> <span class='ocrx_word' id='word_1_237' title='bbox 1326 3693 1474 3757; x_wconf 88' lang='lat' dir='ltr'><strong>veni</strong></span> <span class='ocrx_word' id='word_1_238' title='bbox 1519 3690 1985 3757; x_wconf 86' lang='lat' dir='ltr'><strong>diverticulum</strong></span> 
     </span>
     <span class='ocr_line' id='line_1_31' title="bbox 299 3795 2737 3877; baseline 0.002 -18"><span class='ocrx_word' id='word_1_239' title='bbox 299 3860 307 3869; x_wconf 76' lang='grc'><strong>,</strong></span> <span class='ocrx_word' id='word_1_240' title='bbox 443 3796 537 3877; x_wconf 93' lang='lat' dir='ltr'><strong>(l)</strong></span> <span class='ocrx_word' id='word_1_241' title='bbox 587 3795 1151 3873; x_wconf 87' lang='lat' dir='ltr'><strong>„Diverticulum”</strong></span> <span class='ocrx_word' id='word_1_242' title='bbox 1201 3803 1328 3875; x_wconf 89' lang='lat' dir='ltr'><strong>est,</strong></span> <span class='ocrx_word' id='word_1_243' title='bbox 1381 3799 1493 3863; x_wconf 91' lang='lat' dir='ltr'><strong>ubi</strong></span> <span class='ocrx_word' id='word_1_244' title='bbox 1537 3801 1659 3864; x_wconf 92' lang='lat' dir='ltr'><strong>iter</strong></span> <span class='ocrx_word' id='word_1_245' title='bbox 1708 3798 1785 3863; x_wconf 92' lang='lat' dir='ltr'><strong>de</strong></span> <span class='ocrx_word' id='word_1_246' title='bbox 1833 3801 1939 3864; x_wconf 88' lang='lat' dir='ltr'><strong>via</strong></span> <span class='ocrx_word' id='word_1_247' title='bbox 1985 3798 2286 3864; x_wconf 87' lang='lat' dir='ltr'><strong>flectitur.</strong></span> <span class='ocrx_word' id='word_1_248' title='bbox 2416 3798 2520 3864; x_wconf 83' lang='lat' dir='ltr'><strong>Sic</strong></span> <span class='ocrx_word' id='word_1_249' title='bbox 2570 3803 2737 3864; x_wconf 89' lang='lat' dir='ltr'><strong>recte</strong></span> 
     </span>
     <span class='ocr_line' id='line_1_32' title="bbox 353 3901 2742 3992; baseline 0.001 -24"><span class='ocrx_word' id='word_1_250' title='bbox 353 3902 663 3968; x_wconf 87' lang='lat' dir='ltr'><strong>Donatus.</strong></span> <span class='ocrx_word' id='word_1_251' title='bbox 715 3901 810 3970; x_wconf 83' lang='lat' dir='ltr'><strong>Of.</strong></span> <span class='ocrx_word' id='word_1_252' title='bbox 861 3903 1108 3969; x_wconf 87' lang='lat' dir='ltr'><strong>Fabia</strong></span> <span class='ocrx_word' id='word_1_253' title='bbox 1156 3904 1234 3969; x_wconf 89' lang='lat' dir='ltr'><strong>ad</strong></span> <span class='ocrx_word' id='word_1_254' title='bbox 1284 3902 1417 3970; x_wconf 91' lang='lat' dir='ltr'><strong>h.l.</strong></span> <span class='ocrx_word' id='word_1_255' title='bbox 1469 3915 1534 3970; x_wconf 90' lang='lat' dir='ltr'><strong>et</strong></span> <span class='ocrx_word' id='word_1_256' title='bbox 1581 3905 1883 3971; x_wconf 89' lang='lat' dir='ltr'><strong>Wessn.</strong></span> <span class='ocrx_word' id='word_1_257' title='bbox 1931 3908 2001 3969; x_wconf 92' lang='lat' dir='ltr'><strong>in</strong></span> <span class='ocrx_word' id='word_1_258' title='bbox 2051 3906 2434 3992; x_wconf 89' lang='lat' dir='ltr'><strong>Appendice.</strong></span> <span class='ocrx_word' id='word_1_259' title='bbox 2504 3905 2603 3969; x_wconf 92' lang='lat' dir='ltr'><strong>IP</strong></span> <span class='ocrx_word' id='word_1_260' title='bbox 2651 3905 2742 3971; x_wconf 89' lang='lat' dir='ltr'><strong>al-</strong></span> 
     </span>
     <span class='ocr_line' id='line_1_33' title="bbox 355 4010 2740 4097; baseline 0 -21"><span class='ocrx_word' id='word_1_261' title='bbox 355 4017 559 4076; x_wconf 88' lang='lat' dir='ltr'><strong>teram</strong></span> <span class='ocrx_word' id='word_1_262' title='bbox 608 4013 787 4076; x_wconf 91' lang='lat' dir='ltr'><strong>vocis</strong></span> <span class='ocrx_word' id='word_1_263' title='bbox 827 4010 1365 4097; x_wconf 87' lang='lat' dir='ltr'><strong>significationem</strong></span> <span class='ocrx_word' id='word_1_264' title='bbox 1406 4019 1768 4097; x_wconf 88' lang='lat' dir='ltr'><strong>comparat,</strong></span> <span class='ocrx_word' id='word_1_265' title='bbox 1810 4013 1888 4077; x_wconf 91' lang='lat' dir='ltr'><strong>ab</strong></span> <span class='ocrx_word' id='word_1_266' title='bbox 1929 4013 2046 4077; x_wconf 90' lang='lat' dir='ltr'><strong>hac</strong></span> <span class='ocrx_word' id='word_1_267' title='bbox 2086 4016 2399 4078; x_wconf 89' lang='lat' dir='ltr'><strong>sententia</strong></span> <span class='ocrx_word' id='word_1_268' title='bbox 2434 4012 2740 4078; x_wconf 85' lang='lat' dir='ltr'><strong>alienam:</strong></span> 
     </span>
     <span class='ocr_line' id='line_1_34' title="bbox 354 4117 2736 4204; baseline 0.002 -24"><span class='ocrx_word' id='word_1_269' title='bbox 354 4117 450 4198; x_wconf 77' lang='lat'><strong>(2)</strong></span> <span class='ocrx_word' id='word_1_270' title='bbox 511 4117 598 4182; x_wconf 87' lang='lat' dir='ltr'><strong>Et</strong></span> <span class='ocrx_word' id='word_1_271' title='bbox 645 4118 936 4203; x_wconf 90' lang='lat' dir='ltr'><strong>proprie,</strong></span> <span class='ocrx_word' id='word_1_272' title='bbox 987 4120 1139 4204; x_wconf 91' lang='lat' dir='ltr'><strong>quia</strong></span> <span class='ocrx_word' id='word_1_273' title='bbox 1184 4117 1708 4184; x_wconf 90' lang='lat' dir='ltr'><strong>diverticula</strong></span> <span class='ocrx_word' id='word_1_274' title='bbox 1760 4117 2065 4183; x_wconf 89' lang='lat' dir='ltr'><strong>dicuntur</strong></span> <span class='ocrx_word' id='word_1_275' title='bbox 2111 4121 2179 4183; x_wconf 91' lang='lat' dir='ltr'><strong>in</strong></span> <span class='ocrx_word' id='word_1_276' title='bbox 2227 4122 2333 4184; x_wconf 87' lang='lat' dir='ltr'><strong>via</strong></span> <span class='ocrx_word' id='word_1_277' title='bbox 2380 4119 2736 4198; x_wconf 90' lang='lat' dir='ltr'><strong>domicilia,</strong></span> 
     </span>
    </p>
   </div>
   <div class='ocr_carea' id='block_1_4' title="bbox 364 4301 751 4311">
    <p class='ocr_par' dir='ltr' id='par_1_10' title="bbox 364 4301 751 4311">
     <span class='ocr_line' id='line_1_35' title="bbox 364 4301 751 4311; baseline 0 1073"><span class='ocrx_word' id='word_1_278' title='bbox 364 4301 751 4311; x_wconf 95' lang='lat' dir='ltr'><strong> </strong></span> 
     </span>
    </p>
   </div>
   <div class='ocr_carea' id='block_1_5' title="bbox 337 4409 2740 4641">
    <p class='ocr_par' dir='ltr' id='par_1_11' title="bbox 337 4409 2740 4641">
     <span class='ocr_line' id='line_1_36' title="bbox 414 4409 2740 4476; baseline 0 -16"><span class='ocrx_word' id='word_1_279' title='bbox 414 4411 470 4475; x_wconf 90' lang='lat'><strong>1)</strong></span> <span class='ocrx_word' id='word_1_280' title='bbox 517 4410 590 4458; x_wconf 79' lang='lat' dir='ltr'><strong>Ad</strong></span> <span class='ocrx_word' id='word_1_281' title='bbox 631 4410 693 4458; x_wconf 87' lang='lat'><strong>10</strong></span> <span class='ocrx_word' id='word_1_282' title='bbox 741 4409 976 4460; x_wconf 76' lang='lat' dir='ltr'><strong>scholium</strong></span> <span class='ocrx_word' id='word_1_283' title='bbox 1008 4412 1079 4472; x_wconf 86' lang='lat'><strong>(3)</strong></span> <span class='ocrx_word' id='word_1_284' title='bbox 1115 4411 1226 4459; x_wconf 88' lang='lat' dir='ltr'><strong>Non</strong></span> <span class='ocrx_word' id='word_1_285' title='bbox 1264 4410 1531 4474; x_wconf 63' lang='lat' dir='ltr'><strong>»provoca”</strong></span> <span class='ocrx_word' id='word_1_286' title='bbox 1565 4412 1646 4459; x_wconf 79' lang='lat' dir='ltr'><strong>sed</strong></span> <span class='ocrx_word' id='word_1_287' title='bbox 1687 4410 1949 4470; x_wconf 51' lang='grc' dir='ltr'><strong>,ει-063883</strong></span> <span class='ocrx_word' id='word_1_288' title='bbox 1983 4410 2097 4475; x_wconf 82' lang='lat' dir='ltr'><strong>quia</strong></span> <span class='ocrx_word' id='word_1_289' title='bbox 2132 4426 2227 4460; x_wconf 87' lang='lat' dir='ltr'><strong>non</strong></span> <span class='ocrx_word' id='word_1_290' title='bbox 2262 4414 2335 4461; x_wconf 78' lang='lat' dir='ltr'><strong>est</strong></span> <span class='ocrx_word' id='word_1_291' title='bbox 2368 4414 2538 4476; x_wconf 83' lang='lat' dir='ltr'><strong>aptum</strong></span> <span class='ocrx_word' id='word_1_292' title='bbox 2572 4411 2740 4471; x_wconf 84' lang='lat' dir='ltr'><strong>militi,</strong></span> 
     </span>
     <span class='ocr_line' id='line_1_37' title="bbox 338 4492 2730 4560; baseline 0.001 -18"><span class='ocrx_word' id='word_1_293' title='bbox 338 4493 529 4542; x_wconf 83' lang='lat' dir='ltr'><strong>Donato</strong></span> <span class='ocrx_word' id='word_1_294' title='bbox 566 4492 813 4556; x_wconf 80' lang='lat' dir='ltr'><strong>relinqu03</strong></span> <span class='ocrx_word' id='word_1_295' title='bbox 866 4492 926 4542; x_wconf 75' lang='lat' dir='ltr'><strong>cf.</strong></span> <span class='ocrx_word' id='word_1_296' title='bbox 965 4492 1042 4541; x_wconf 91' lang='lat' dir='ltr'><strong>III</strong></span> <span class='ocrx_word' id='word_1_297' title='bbox 1088 4493 1124 4543; x_wconf 84' lang='lat'><strong>1.</strong></span> <span class='ocrx_word' id='word_1_298' title='bbox 1149 4495 1227 4543; x_wconf 80' lang='lat'><strong>53.</strong></span> <span class='ocrx_word' id='word_1_299' title='bbox 1280 4493 1461 4544; x_wconf 81' lang='lat' dir='ltr'><strong>Contra</strong></span> <span class='ocrx_word' id='word_1_300' title='bbox 1498 4494 1647 4557; x_wconf 79' lang='lat'><strong>11(4)</strong></span> <span class='ocrx_word' id='word_1_301' title='bbox 1682 4495 1795 4544; x_wconf 86' lang='lat' dir='ltr'><strong>Non</strong></span> <span class='ocrx_word' id='word_1_302' title='bbox 1836 4493 2169 4560; x_wconf 47' lang='lat' dir='ltr'><strong>‚respondetffi</strong></span> <span class='ocrx_word' id='word_1_303' title='bbox 2206 4494 2287 4543; x_wconf 78' lang='lat' dir='ltr'><strong>sed</strong></span> <span class='ocrx_word' id='word_1_304' title='bbox 2326 4493 2619 4545; x_wconf 60' lang='lat' dir='ltr'><strong>nexolamaw</strong></span> <span class='ocrx_word' id='word_1_305' title='bbox 2652 4495 2730 4545; x_wconf 86' lang='lat' dir='ltr'><strong>vix</strong></span> 
     </span>
     <span class='ocr_line' id='line_1_38' title="bbox 337 4575 2021 4641; baseline 0.001 -16"><span class='ocrx_word' id='word_1_306' title='bbox 337 4575 597 4641; x_wconf 83' lang='lat' dir='ltr'><strong>genuinum</strong></span> <span class='ocrx_word' id='word_1_307' title='bbox 637 4578 724 4626; x_wconf 78' lang='lat' dir='ltr'><strong>eet.</strong></span> <span class='ocrx_word' id='word_1_308' title='bbox 2011 4593 2021 4602; x_wconf 91' lang='lat'><strong>·</strong></span> 
     </span>
    </p>
   </div>
  </div>
 </body>
</html>
