3392 5384
1371 412 1683 463 nonnus.
2348 398 2355 403 '
2590 394 2726 461 317

431 582 612 646 Inte
632 577 1012 664 rpolator
1054 580 1398 665 primarius
1438 577 1736 643 manibus
1778 578 1987 641 tenuit
2024 580 2089 642 et
2128 579 2501 644 retractavit
2538 596 2735 643 com-

343 689 711 753 mentum
772 686 1130 770 primum
1193 687 1398 770 ipsius
1458 684 1729 761 Donati,
1796 683 1964 767 quod
2016 685 2155 749 iam
2222 689 2363 749 tum
2412 684 2734 769 aliquibus

344 794 807 879 magistrorum
845 792 1284 856 notationibus
1325 796 1460 855 erat
1500 794 1795 856 ornatum
1823 790 1889 870 ¹).
2006 789 2105 853 Ex
2141 790 2259 855 hac
2289 794 2735 857 retractatione

347 906 561 965 ortum
625 904 722 963 est
786 903 1348 963 commentum
1415 896 1876 962 secundum
1938 896 2014 960 ab
2060 896 2514 982 interpolatore
2562 918 2739 983 sepa-

345 1008 541 1071 ratim
589 1004 837 1069 editum
887 1005 1006 1068 sub
1052 1003 1340 1068 medium
1388 1004 1517 1068 fere
1564 1000 1891 1067 saeculum
1941 1004 2243 1087 quintum
2269 1002 2341 1083 2).
2376 1001 2737 1087 ”Aliquanto

345 1118 525 1199 post,
590 1131 740 1175 cum
801 1112 1069 1196 genuini
1117 1111 1466 1175 commenti
1511 1110 1823 1174 memoria
1866 1110 2000 1172 iam
2046 1130 2304 1194 prorsus
2350 1112 2737 1186 interiisset,

350 1218 600 1284 exstitit
668 1214 1208 1301 Compilator
1269 1218 1382 1302 qui
1443 1215 1713 1281 confecit
1774 1221 2333 1280 commentum
2384 1218 2741 1281 tertium

350 1326 532 1390 nobis
595 1329 977 1388 servatum..
1007 1320 1128 1387 Ille
1191 1322 1460 1407 putabat
1519 1321 1780 1407 quidem
1829 1341 1895 1385 se
1940 1326 2211 1386 tractare
2255 1324 2462 1408 ipsius
2510 1322 2745 1387 Donati

350 1435 824 1508 commentum,
864 1428 972 1494 sed
1011 1449 1234 1495 revera
1272 1431 1514 1494 iterum
1539 1426 1741 1493 edidit
1765 1432 2206 1493 commentum
2249 1428 2739 1507 secundum,

351 1542 616 1602 auctum
664 1541 763 1601 sat
811 1534 1038 1600 multis
1086 1534 1555 1613 notationibus,
1605 1554 1767 1619 quae
1816 1536 2053 1621 partim
2098 1536 2167 1599 in
2208 1537 2500 1621 margine
2538 1537 2745 1619 ipsius

352 1644 702 1709 commenti
748 1643 987 1729 partim
1036 1644 1103 1705 in
1151 1642 1509 1707 editionum
1557 1638 1924 1705 fabularum
1973 1631 2378 1727 marginibus
2426 1640 2745 1727 paulatim

353 1749 429 1814 ab
492 1750 688 1814 variis
751 1747 893 1812 ludi
954 1750 1317 1833 magistris,
1368 1748 1864 1833 grammaticam
1911 1753 1975 1811 et
2021 1748 2208 1812 initia
2253 1747 2597 1812 rhetorices
2644 1746 2749 1811 do-

356 1855 646 1921 centibus
693 1854 1013 1929 confectae
1060 1859 1276 1932 erant;
1323 1856 1463 1939 ipse
1504 1860 1760 1932 autem,
1802 1858 2055 1939 praeter
2094 1853 2325 1918 harum
2374 1852 2747 1918 notularum

356 1961 844 2047 dispositionem
913 1962 981 2025 in
1053 1967 1360 2026 contextu
1428 1961 1778 2025 commenti
1848 1959 2143 2037 secundi,
2219 1961 2330 2025 vix
2402 1962 2746 2046 quicquam

355 2068 680 2154 praestitit
743 2066 818 2131 de
883 2087 1030 2143 su0,
1059 2072 1396 2155 *quantum
1445 2066 1652 2132 adhuc
1699 2065 1923 2144 vide0,
1970 2068 2093 2131 nisi
2140 2065 2307 2151 quod
2356 2065 2747 2132 scholiorum

359 2174 648 2240 ordinem
698 2180 761 2237 et
809 2171 1276 2258 copulationem
1330 2171 1671 2258 aliquoties
1716 2177 2001 2236 mutasse
2048 2172 2515 2237 existimandus
2562 2178 2680 2237 est.
2752 2208 2757 2210 ·

451 2278 622 2346 Cum
683 2284 902 2344 autem
965 2279 1083 2343 hoc
1148 2278 1440 2343 officium
1483 2299 1595 2365 per
1639 2284 1948 2364 quattuor
1995 2277 2241 2343 fabulas
2290 2285 2355 2343 et
2404 2278 2749 2343 dimidium

361 2387 490 2453 fere
555 2384 774 2451 sedulo
820 2386 1208 2471 peregisset,
1258 2387 1578 2450 nescimus
1624 2405 1751 2469 qua
1798 2384 2142 2449 festinandi
2187 2405 2387 2469 causa¹
2420 2389 2673 2450 coactus
2699 2385 2751 2464 ³)

357 2492 690 2559 laborandi
735 2494 1053 2556 rationem
1097 2491 1246 2556 inde
1295 2512 1332 2556 a
1379 2491 1787 2556 Phormionis
1832 2496 1989 2555 actu.
2026 2490 2087 2555 II
2134 2512 2358 2556 scaena
2402 2478 2496 2556 ΙΙΙ
2537 2493 2750 2557 subito

361 2600 682 2677 mutavit,
741 2596 1146 2683 reddiditque
1207 2618 1333 2663 non
1388 2601 1602 2663 totum
1665 2596 1946 2682 amplius
2008 2603 2446 2663 commentum
2496 2597 2579 2676 ΙΙ,
2644 2597 2750 2663 sed

363 2712 734 2790 excerptum
798 2704 907 2785 (A)
969 2709 1159 2789 atque
1206 2705 1325 2769 hoc
1373 2704 1572 2769 facere
1619 2705 1902 2789 perrexit
1951 2725 2064 2789 per
2110 2708 2446 2790 sequentes
2494 2724 2751 2770 scaenas

364 2812 446 2877 ad
513 2813 762 2876 exitum
831 2810 1118 2889 fabulae,
1191 2809 1346 2876 dum
1411 2811 1604 2877 modo
1668 2811 1915 2897 largius
1978 2810 2189 2891 (velut
2248 2810 2335 2875 IV
2384 2810 2445 2890 3,
2498 2810 2547 2875 V
2596 2810 2658 2877 8.
2684 2811 2753 2892 9)

366 2917 553 2983 modo
622 2919 875 3004 parcius
947 2916 1158 2998 (velut
1221 2917 1365 2998 111³,
1429 2917 1516 2984 IV
1584 2918 1618 2983 1
1684 2924 1750 2984 et
1802 2918 1865 2997 2,
1915 2917 1990 2982 V.
2018 2916 2079 2997 3,
2131 2907 2194 2996 4,
2247 2915 2751 3003 7)-exemp1um

365 3046 556 3090 suum
606 3025 1014 3109 excerpebat3
1062 3024 1180 3090 hoc
1228 3018 1431 3090 officio
1476 3031 1735 3111 peracto
1785 3046 1934 3090 cum
1981 3046 2147 3090 nova
2191 3023 2523 3091 laborandi
2564 3023 2757 3091 facul-

366 3137 462 3197 tas
525 3130 631 3196 vel
691 3132 901 3195 otium
963 3132 1352 3209 exstitisset,
1409 3152 1480 3196 ea
1543 3152 1704 3216 quae
1768 3134 2069 3196 omiserat
2130 3132 2539 3217 suppeditare
2593 3132 2759 3197 inco-

363 3238 549 3303 havit
572 3236 642 3319 4),
693 3236 801 3302 sed
848 3235 1021 3301 ultra
1067 3258 1264 3302 unam
1311 3258 1601 3302 scaenam
1644 3236 1708 3302 II
1750 3236 1788 3300 3
1829 3238 2147 3301 nescimus
2188 3256 2315 3319 quo
2358 3258 2507 3301 casu
2549 3235 2757 3302 telum

368 3351 697 3432 pertexere
746 3366 868 3409 nou
917 3346 1150 3429 potuit.

437 3577 490 3638 1)
525 3575 598 3626 Cf.
636 3588 781 3641 supra
814 3590 862 3639 p.
903 3575 978 3633 10,
1015 3571 1145 3622 alibi.

435 3660 484 3720 2)
535 3658 615 3706 Sic
665 3660 856 3721 tempus
899 3654 1107 3703 iudicavi
1158 3652 1364 3702 medium
1415 3653 1515 3703 fere
1549 3653 1675 3704 inter
1716 3656 2082 3715 Donatum,
2116 3653 2200 3720 qui
2237 3658 2357 3705 teste
2392 3654 2623 3721 discip
2644 3655 2760 3706 ulo

369 3741 806 3803 Hieronymo
857 3736 1056 3800 insignis
1107 3736 1201 3785 ruit
1252 3752 1294 3784 a.
1345 3737 1460 3795 353,
1512 3741 1560 3785 et
1609 3737 1819 3787 medium
1866 3738 2108 3788 saeculnm
2153 3743 2449 3797 sextum,
2486 3742 2597 3788 ante
2630 3739 2760 3804 quod

368 3824 707 3878 commentum,
738 3834 833 3884 quo
868 3834 954 3867 nos
989 3818 1193 3877 utimur,
1227 3822 1392 3867 natum
1429 3823 1500 3869 est
1535 3820 1799 3882 (Wessn.
1836 3820 1888 3870 in
1922 3822 2071 3887 praef.
2109 3838 2156 3887 p.
2187 3824 2320 3883 xcv).
2368 3820 2563 3870 Saeculo
2590 3821 2761 3885 quinto

367 3903 564 3952 ineunte
598 3900 756 3950 studia
790 3900 1075 3950 Terentiana
1111 3901 1321 3950 nondum
1355 3902 1600 3967 consopita
1635 3902 1779 3952 fuisse
1812 3904 1947 3953 docet
1990 3905 2035 3953 R
2056 3904 2155 3953 ufi
2177 3904 2243 3954 ni
2278 3903 2675 3953 commentarium
2710 3902 2760 3951 in

371 3986 524 4032 metra
559 3982 844 4031 Terentiana
875 3984 952 4044 (G.
973 3983 1027 4032 L.
1057 3982 1127 4031 VI
1162 3984 1293 4044 565).

438 4066 494 4125 3)
543 4064 655 4113 Non
691 4064 849 4129 operis
883 4064 1041 4113 taedio
1076 4064 1376 4129 languescere
1410 4066 1603 4131 incepit,
1644 4067 1834 4131 opinor,
1870 4068 1910 4118 is
1943 4068 2026 4133 qui
2064 4072 2260 4133 portum
2294 4068 2343 4118 in
2379 4070 2631 4133 conspectu
2666 4067 2761 4117 iam

369 4144 588 4206 habebat,
634 4148 716 4196 sed
764 4146 871 4196 aliis
915 4147 1080 4197 officiis
1125 4147 1199 4197 vel
1247 4147 1410 4198 morbo
1445 4149 1599 4199 aliove
1634 4165 1745 4199 casu
1782 4151 2003 4214 graviore
2034 4150 2307 4216 implicatus
2342 4159 2609 4216 susceptum
2644 4166 2763 4216 opus

369 4228 420 4278 in
447 4227 638 4278 brevius
665 4229 948 4278 contrahere
975 4228 1153 4280 debuit.
1192 4231 1326 4291 Dein,
1357 4248 1466 4281 cum
1495 4232 1804 4297 excerpsisset
1835 4235 1988 4283 totum
2020 4239 2360 4293 commentum,
2391 4234 2450 4283 ad
2478 4233 2763 4297 explendum

368 4311 514 4360 rediit
547 4310 778 4376 quamdiu
815 4311 967 4361 officia
1000 4312 1088 4362 illa
1120 4312 1195 4362 vel
1231 4329 1364 4363 casus
1399 4313 1483 4363 ille
1518 4314 1672 4364 adhuc
1705 4315 2029 4379 permitteret.

434 4395 492 4459 4)
541 4393 672 4443 Hinc
717 4393 895 4443 factum
929 4398 1018 4454 est,
1054 4397 1108 4444 ut
1143 4395 1333 4444 ordines
1365 4396 1406 4444 A
1442 4399 1490 4447 et
1525 4396 1568 4444 B
1604 4412 1839 4463 nusquam
1873 4398 1972 4447 fere
2005 4398 2183 4448 similia
2214 4396 2484 4456 exhibeant,
2521 4397 2601 4446 sed
2637 4396 2762 4445 alter

363 4476 574 4528 alterum
611 4476 814 4543 explent,
859 4478 987 4541 quod
1023 4493 1110 4528 usu
1145 4477 1306 4527 venire
1339 4492 1434 4528 non
1468 4479 1644 4545 potuit,
1679 4480 1721 4529 si
1754 4481 1847 4530 duo
1880 4486 2179 4547 excel-ptores
2214 4490 2412 4546 uterque
2446 4496 2531 4530 suo
2567 4480 2763 4530 nomine

369 4564 691 4610 commentum
727 4563 1082 4611 retractassent.
