3392 5384
685 413 775 476 62
1658 400 1663 405 ’
1685 425 2069 475 mummi.

778 592 847 659 G.
900 594 1004 659 32.
1034 592 1097 658 4.
1160 594 1266 678 qui
1314 592 1657 677 fraudibus
1723 593 1998 669 abstinet,
2055 592 2351 672 propitiat
2396 595 2584 671 dewm,
2632 595 2739 679 qui
2780 595 3071 659 hominem

677 700 953 781 periculo
1013 699 1310 781 subripit,
1359 698 1638 780 optimam
1684 697 1980 760 victimam
2026 697 2243 761 caedit.
2290 699 2435 761 haec
2478 705 2683 762 nostra
2698 731 2708 742 ·
2725 701 3033 782 sacrificia
3050 750 3067 779 ,

695 807 840 869 haec
887 805 986 868 dei
1030 827 1207 868 sacra
1253 811 1392 867 eunt
1408 831 1426 866 :
1473 804 1562 866 sic
1606 805 1772 886 apud
1814 824 1921 866 nos
1966 803 2305 885 reliyiosior
2350 811 2436 868 est
2480 805 2593 867 ille
2636 805 2740 889 qui
2785 805 3019 871 iustior.

767 910 1013 975 Vahlen
1083 911 1434 975 editoribus
1504 911 1855 994 persuasit,
1919 916 2065 973 ante
2128 911 2406 991 optimam
2466 910 2873 975 inserendum
2935 933 3070 976 esse

691 1019 798 1080 deo
846 1054 932 1064 —
979 1037 1094 1100 pro
1133 1015 1409 1098 optimam
1450 1013 1857 1079 scribendum
1893 1034 2028 1079 esse
2060 1014 2310 1096 opimam
2347 1019 2664 1100 persuasit
2700 1037 2829 1081 non
2867 1019 3067 1081 omni·

687 1122 826 1186 bue.
892 1119 1064 1184 Illud
1126 1122 1280 1203 quin
1340 1104 1591 1185 verum‘
1631 1122 1716 1183 sit
1777 1139 1985 1203 neque
2046 1141 2167 1205 ego
2214 1120 2436 1186 dubito
2453 1168 2469 1199 ,
2519 1121 2629 1187 sed
2674 1122 3067 1187 vocabulum

683 1249 810 1292 non
858 1229 1122 1311 periisse
1169 1263 1254 1273 —-
1303 1225 1496 1291 modo
1538 1227 1608 1289 in
1654 1245 1915 1290 versum
1961 1231 2334 1309 sequentem
2384 1229 2693 1312 migrasse
2733 1247 2805 1292 ac
2844 1226 3071 1293 deinde

683 1333 959 1397 formam
1018 1333 1297 1416 genitivi
1354 1331 1640 1395 induisse
1696 1332 1832 1395 aio:
1900 1329 2190 1395 deleatur
2242 1333 2451 1417 igitur
2494 1330 2882 1398 vocabulum
2929 1333 3031 1397 dei
3054 1380 3069 1410 ,

685 1437 854 1524 quod
896 1440 1066 1501 inter
1110 1438 1254 1500 haec
1297 1442 1363 1500 et
1407 1459 1580 1500 sacra
1626 1434 1895 1501 moleste
1940 1435 2238 1503 abundat.

776 1653 846 1720 G.
897 1653 1003 1719 34.
1034 1653 1112 1718 11
1127 1703 1140 1718 .
1202 1654 1295 1716 col
1353 1653 1634 1733 demerqil
1694 1661 1752 1717 et
1811 1654 2098 1732 nascitur,
2147 1661 2314 1718 astra
2361 1655 2645 1718 labuntur
2690 1662 2748 1718 et
2793 1657 3060 1738 redemi,

669 1761 860 1852 flores
925 1760 1201 1824 occidunt
1268 1765 1325 1823 et
1392 1760 1779 1835 revivescimt,
1834 1765 1977 1841 poet
2036 1760 2262 1823 senium
2326 1760 2572 1823 arbusta
2620 1761 3027 1844 frondescunt
3045 1810 3063 1841 ,

683 1866 904 1930 semina
966 1865 1209 1929 nonnisi
1270 1871 1551 1945 corrupta
1609 1865 2011 1928 revirescunt:
2073 1868 2169 1930 ita
2227 1886 2455 1950 corpus
2498 1869 2569 1929 in
2616 1865 2905 1951 sepulcro
2924 1915 2940 1944 ,
2989 1872 3066 1932 ut

569 2004 574 2008 ·
685 1972 934 2036 arbores
979 1973 1048 2035 in
1096 1971 1394 2035 hiberno:
1434 1967 1759 2035 occultant
1804 1973 2080 2035 virorem
2127 1971 2421 2035 ariditate
2468 1974 2759 2036 mentita.

775 2075 980 2142 Verba
1049 2075 1346 2139 occultant
1404 2074 1656 2137 virorem
1716 2075 2007 2156 ariditate
2062 2077 2309 2140 mentita
2372 2082 2447 2139 ut
2507 2083 2653 2161 post
2699 2076 3066 2141 revirescunt

686 2186 1182 2267 transponantur
1231 2182 1294 2245 et
1338 2182 1502 2246 ratio
1548 2186 1768 2244 monet
1814 2182 1877 2245 et
1920 2184 2345 2266 grammatica
2363 2229 2380 2259 ‚
2428 2201 2578 2245 nam
2624 2185 2769 2265 post
2814 2181 3064 2245 mentita

684 2291 840 2354 haec
901 2290 1202 2353 continuo
1267 2292 1658 2371 sequuntur:
1731 2286 1895 2367 Quid
1935 2287 2247 2370 festinas,
2295 2293 2364 2350 at
2409 2289 2595 2350 cruda
2641 2288 2835 2350 adhuc
2876 2287 3067 2351 bieme

685 2394 1008 2458 revivescat
1052 2400 1109 2457 et
1151 2395 1359 2456 redeat
1373 2392 1410 2454 ,Ρ

777 2609 846 2677 O.
899 2607 1006 2675 38.
1035 2609 1097 2674 2.
1153 2607 1302 2690 Quis
1347 2615 1538 2672 autem
1584 2608 1696 2671 ille
1740 2609 1844 2692 qni
1890 2607 2131 2672 dubitat
2146 2656 2163 2685 ,
2213 2608 2412 2672 vernis
2456 2609 2771 2692 indulyere
2814 2634 2920 2676 nos
2942 2615 3065 2697 flo-

683 2710 883 2793 ribus}
946 2737 1074 2778 cum
1131 2737 1438 2796 carpamus
1495 2721 1552 2777 et
1597 2736 1786 2777 rocam
1835 2716 2062 2796 [veris]
2109 2720 2167 2777 et
2209 2713 2409 2779 lilium
2455 2722 2513 2778 et
2557 2716 2847 2801 quicquid
2888 2719 3067 2782 ah'ud

684 2823 752 2884 in
781 2820 1045 2904 floribus
1095 2820 1304 2882 blandi
1349 2819 1566 2883 coloris
1612 2827 1668 2882 et
1708 2819 1907 2882 odoris
1944 2825 2031 2882 est
2046 2819 2082 2882 ‚7
2119 2819 2242 2884 His
2280 2819 2433 2888 enim
2474 2827 2531 2884 et
2570 2823 2799 2903 sparsis
2839 2823 3066 2886 utimur

686 2947 757 2990 ac
803 2926 1030 2991 solutis
1077 2932 1141 2990 et
1188 2927 1375 2989 sertis
1422 2923 1730 2989 mollibus
1778 2923 1935 2987 colla
1981 2925 2436 3006 complectimur.
2484 2926 2639 2990 Sane
2685 2931 2842 3012 quod
2884 2935 3065 3010 caput

684 3053 803 3095 non
863 3052 1242 3107 coronamus,
1309 3030 1617 3110 iqnoscile:
1681 3051 1890 3094 auram
1947 3030 2153 3093 bonam
2218 3030 2447 3114 [floris]
2506 3033 2754 3096 naribus
2815 3035 3062 3111 ducere,

685 3160 802 3201 non
847 3136 1122 3218 occipitio
1169 3135 1484 3218 capillisve
1527 3136 1778 3199 colemus
1821 3135 2088 3200 haurire.

774 3241 1276 3319 Vocabulorum,
1354 3263 1514 3326 quae
1581 3240 1851 3318 inclusi,
1929 3239 2097 3305 illud
2165 3262 2199 3306 e
2260 3241 2697 3328 dittographia
2762 3242 3064 3309 vocabuli

682 3348 882 3411 verni-5
925 3349 1184 3413 videtur
1230 3353 1448 3412 ortum
1497 3385 1581 3396 —
1629 3348 1749 3412 hoc
1796 3350 1909 3411 aut
1952 3353 2171 3431 postea
2215 3368 2251 3412 a
2300 3346 2495 3412 sciolo
2544 3347 2837 3413 additum
2876 3355 3065 3413 aute

668 3454 929 3535 floribus
989 3458 1364 3536 corruptum
1427 3452 1594 3538 quod
1655 3452 1922 3517 forsitan
1980 3454 2149 3516 inter
2194 3455 2351 3537 quod
2393 3458 2456 3517 et
2504 3460 2686 3534 eaput
2731 3473 2925 3517 suum
2970 3453 3063 3518 lo-

684 3579 832 3622 cum
896 3557 1052 3621 olim
1113 3557 1428 3622 habuerit.
1491 3555 1891 3621 Vocabulum
1952 3556 2247 3634 mollibus,
2310 3557 2477 3640 quod
2522 3560 2592 3621 in
2637 3557 2849 3622 codice
2892 3560 3064 3622 inter

683 3661 910 3725 utimur
978 3668 1043 3725 et
1112 3684 1183 3724 ac
1244 3661 1460 3724 solutis
1520 3660 1787 3746 legitur,
1854 3663 1967 3725 vix
2035 3660 2257 3725 dubito
2302 3664 2457 3746 quin
2502 3664 2596 3728 ita
2641 3661 2951 3728 Dombart
2994 3664 3065 3726 in

685 3787 880 3832 suum
926 3766 1141 3830 locum
1187 3768 1469 3850 migrare
1514 3765 1801 3829 iusserit.
