3392 5384
1411 410 1723 461 nonnus.
2636 395 2767 464 425

467 575 554 642 IV
602 575 777 642 4.15
849 576 1025 642 Male
1072 576 1249 643 dicis.
1301 576 1485 641 Unde
1531 576 1671 643 est?
1719 577 1822 642 dic
1870 576 2057 644 clare.

393 743 406 749 ,
462 684 672 750 Locus
717 683 1050 749 intellectu
1103 682 1438 761 difficilior,
1489 686 1782 769 quocirca
1822 684 2151 750 Bentleius
2193 708 2307 772 pro
2352 685 2772 764 „maledicis”

373 792 578 857 dedit:
633 791 842 872 „Quin
891 791 1048 857 dicis
1098 791 1266 855 unde
1307 796 1406 855 est
1445 789 1677 856 clare''.
1721 791 2014 857 Donatus
2059 792 2480 870 „Maledicis”
2522 794 2772 882 Mysidi
2882 833 2891 837 -

365 898 596 977 dabat,
663 919 824 984 quae
886 899 977 962 810
1025 898 1217 962 tacite
1264 899 1766 962 comminaretur
1814 897 2014 963 Davo,
2062 899 2273 964 Hodie
2321 906 2490 965 recte
2538 903 2628 966 sic
2673 903 2771 965 in-

370 1011 824 1090 terpretantur,
878 1009 952 1068 ut
1002 1003 1258 1081 Davus,
1307 1008 1649 1089 postquam
1695 1007 1764 1069 in
1813 1008 2202 1091 praegressis
2248 1007 2568 1072 submissa
2615 1028 2770 1073 voce

369 1110 700 1196 Mysidem
763 1108 1203 1195 reprehendit,
1268 1111 1398 1174 iam
1463 1109 1633 1175 clara
1698 1131 1848 1176 voce
1912 1110 2113 1176 dicat:
2167 1110 2387 1189 „Male
2435 1115 2504 1193 (i.
2534 1134 2588 1178 e.
2638 1135 2768 1178 non

367 1217 583 1302 plane)
623 1216 803 1282 dicis.
848 1214 1030 1280 Unde
1073 1213 1214 1280 est?
1256 1215 1356 1280 (110
1398 1214 1634 1281 clara''.
1731 1216 2144 1297 Quorundam
2170 1220 2766 1302 interpretationem

370 1323 533 1388 Don.
578 1321 834 1388 rettulit
870 1324 938 1386 in
980 1321 1112 1401 (4):
1165 1321 1438 1402 Quidam
1487 1327 1719 1408 putant
1766 1344 1900 1388 0880
1951 1345 2147 1388 unam
2197 1346 2555 1410 personam,
2599 1325 2767 1391 Davi

373 1428 650 1508 scilicet,
701 1429 949 1494 dictum
997 1430 1292 1512 superius
1332 1428 1611 1514 Mysidis
1651 1433 1773 1508 (vs,
1816 1428 1944 1510 13),
1986 1451 2115 1494 non
2155 1433 2309 1495 satis
2350 1432 2766 1496 manifestum

373 1532 671 1612 Chremi,
717 1537 786 1599 in
835 1533 1164 1598 maledicti
1211 1532 1712 1599 similitudinem
1760 1534 2128 1600 derivantis.
2226 1535 2316 1600 Hi
2353 1538 2562 1622 igitur
2601 1544 2769 1603 recte

371 1642 585 1705 omnia
646 1640 824 1705 Davo
888 1640 1142 1716 dabant,
1193 1638 1301 1705 sed
1354 1661 1682 1726 perperam
1739 1639 2243 1718 „maledictum”
2292 1640 2769 1728 intelligebant.

367 1746 578 1812 Sicine
627 1743 873 1831 Asper?
921 1745 1099 1810 Iusta
1148 1735 1592 1831 interpretatio
1639 1747 1969 1812 veteribus
2018 1768 2148 1811 non
2198 1750 2578 1832 comparuit.

459 1913 545 1978 IV
587 1913 762 1978 5.13
833 1913 1244 1999 „Numquam
1285 1914 1412 1978 huc
1454 1913 1817 1979 tetulissem
1860 1915 2131 2000 pedem'’
2169 1914 2499 2002 Vergilius
2534 1938 2764 1994 „mene

367 2020 582 2085 efferre
649 2019 920 2105 pedem'’
992 2025 1164 2097 cett„
1238 2026 1301 2085 et
1376 2021 1577 2097 „ferte
1643 2020 1835 2086 simu]
1902 2023 2207 2108 faunique
2273 2023 2545 2108 pedem’'
2610 2029 2762 2089 cett.

367 2127 555 2205 (Aen.
603 2125 665 2191 H
717 2124 869 2191 657.
936 2124 1095 2192 Geo,
1144 2125 1175 2190 I
1226 2125 1358 2206 11),
1426 2125 1534 2191 sed
1583 2129 1792 2192 critici
1839 2127 2147 2192 adnotant
2194 2128 2390 2193 altius
2440 2150 2573 2195 esse
2621 2129 2764 2194 cha-

368 2237 607 2297 ractere
654 2235 897 2297 comico
951 2230 1351 2311 „tetulissem
1400 2232 1695 2317 pedem''.
2728 2264 2741 2270 -

457 2335 728 2404 Criticos
767 2337 1066 2402 Wessn.
1105 2335 1519 2422 probabiliter
1542 2337 1826 2402 Probum
1852 2339 2136 2424 Asprum
2159 2338 2486 2426 intellegit
2515 2345 2602 2426 (p.
2624 2339 2759 2422 32).

457 2490 512 2556 V
563 2489 623 2555 3.
653 2490 694 2554 4
742 2490 868 2553 Α10
917 2488 1174 2554 tandem

458 2596 551 2677 (1)
614 2595 874 2676 Quaerit
937 2595 1187 2660 Probus
1254 2595 1446 2672 „ain”
1499 2616 1658 2680 quae
1709 2617 1853 2681 pars
1903 2599 2207 2662 orationis
2259 2599 2346 2662 sit
2392 2604 2454 2663 et
2504 2620 2583 2664 an
2634 2619 2763 2663 una

361 2704 466 2768 sit.
530 2702 648 2767 Est
712 2706 932 2766 autem
997 2703 1187 2780 „ain”
1253 2703 1438 2787 quasi
1501 2704 1761 2768 aisne.
1859 2702 2162 2769 Wessn.
2228 2726 2290 2790 p.
2349 2704 2429 2770 19
2473 2726 2565 2790 sq.
2632 2705 2760 2770 huc

362 2808 636 2876 contulit
680 2804 971 2874 Suetonii
1019 2810 1216 2875 verba
1263 2808 1366 2888 (R.
1416 2831 1478 2894 p.
1536 2809 1692 2890 118)
1745 2812 1985 2889 „nimis
2033 2831 2235 2896 pauca
2286 2816 2350 2876 01
2396 2814 2633 2898 exigua
2682 2812 2759 2877 (10

362 2917 746 3000 quibusdam
795 2918 1065 2982 minutis
1113 2916 1620 3002 quaestiunculis
1669 2917 1935 2982 edidit''.

455 3021 528 3087 V.
593 3021 654 3088 4.
682 3021 768 3087 25
841 3020 960 3088 Cr.
1022 3023 1271 3088 Nomen
1329 3027 1465 3087 tam
1528 3026 1655 3088 cito
1720 3025 1840 3088 tibi
2103 3024 2230 3089 Pa.
2295 3025 2503 3105 Hem,
2558 3027 2751 3110 perii.

365 3126 482 3195 Cr.
533 3126 772 3194 Verum
819 3127 1031 3193 hercle
1079 3130 1302 3212 opinor
1347 3128 1546 3193 fuisse
1593 3128 1912 3193 Phaniam
2868 3121 2873 3126 ⁸

449 3235 739 3300 Editores
801 3236 1066 3320 signum
1125 3236 1648 3319 interrogationis
1696 3241 1946 3319 ponunt
1993 3244 2138 3320 post
2188 3237 2417 3312 ,‚tibi''.
2471 3235 2594 3302 Sed
2642 3258 2757 3301 cur
2810 3233 2849 3256 ‘

362 3339 706 3407 Crito'hoc
754 3345 941 3427 roget
986 3361 1108 3404 non
1159 3339 1460 3424 equidem
1509 3341 1853 3425 perspicio:
1904 3338 2071 3404 nibil
2116 3348 2213 3404 est
2252 3340 2419 3425 quod
2460 3343 2755 3428 miretur,

364 3445 774 3514 Chremetem
833 3449 965 3512 iam
1013 3468 1180 3511 nunc
1227 3467 1458 3511 nomen
1509 3466 1830 3531 quaerere.
1882 3445 2022 3533 Ego
2071 3449 2459 3512 sententiam
2507 3446 2758 3532 explico

361 3576 472 3639 per
535 3556 972 3639 aposiopesin,
1040 3551 1343 3639 supplens
1407 3553 1792 3639 cogitatione
1858 3552 2107 3630 „dicere
2156 3552 2477 3638 nequeo'';
2528 3574 2759 3638 nempe

362 3664 530 3737 8001,
581 3667 656 3725 01
702 3660 809 3738 fit,
859 3660 979 3725 hoc
1027 3662 1167 3745 ipso
1215 3661 1523 3744 temporis
1572 3665 1901 3725 momento
1947 3681 2185 3725 nomen
2233 3660 2471 3726 excidit
2520 3682 2759 3726 memo-

363 3876 644 3959 resurgit
707 3875 767 3938 ei
829 3874 1139 3937 memoria
1202 3870 1410 3936 adhuc
1472 3870 1707 3937 leviter
1772 3871 2126 3938 dubitanti:
2195 3873 2477 3952 „Verum
2540 3873 2753 3941 hercle

363 3981 587 4064 opinor
629 3979 828 4043 fuisse
874 3976 1258 4042 Phaniam”.

453 4083 548 4166 (3)
611 4083 869 4161 „Hem”
919 4090 1071 4148 sunt
1117 4086 1227 4169 qui
1274 4088 1507 4170 putent
1553 4083 1883 4150 Simonem
1936 4085 2141 4150 dicere
2187 4087 2566 4152 irascentem
2615 4086 2749 4152 filio
2876 4134 2879 4138 -

359 4188 688 4256 Critonem
726 4191 1150 4256 submonenti.
1243 4191 1417 4277 Ergo
1455 4192 1525 4256 hi
1567 4194 1655 4257 sic
1697 4191 2216 4278 distinguebant:
2270 4191 2503 4259 Crito
2542 4191 2751 4258 Hem!

356 4298 484 4361 Pa.
550 4296 741 4363 Perii.
824 4297 1036 4362 Sicine
1107 4297 1357 4363 Probus
1430 4296 1675 4384 Asper?
1762 4298 2219 4364 Bentleius
2289 4299 2406 4364 hoc
2477 4300 2754 4385 probans

357 4406 750 4490 transposuit
815 4403 910 4482 „P
926 4425 980 4468 a.
1044 4404 1310 4469 Phania.
1377 4404 1495 4472 Cr.
1546 4407 1753 4486 Hem,
1804 4406 2011 4494 perii'’
2074 4408 2274 4472 eiecto
2325 4406 2553 4484 ,‚tibi''.
2627 4406 2752 4473 Sed

357 4532 545 4577 nemo
590 4531 742 4577 eum
789 4512 1096 4596 sequitur.
