3392 5384
1434 437 1725 489 monus.
2076 395 2096 412 ⁰
2637 421 2770 490 263

486 601 593 683 ¹79,
622 603 662 668 9
708 629 789 654 =
834 605 1075 671 Aneod.·
1112 605 1316 672 Bekk.
1360 604 1513 685 379,
1548 606 1648 672 11.
1701 644 1788 656 --
1837 604 2064 678 ἄλλος·
2105 608 2241 672 ἀντὶ
2283 611 2390 672 τοῦ
2416 605 2611 689 ἔτερος
2639 609 2768 675 κτὲ.

481 711 698 776 Etiam
745 712 980 778 Aneed.
1032 712 1236 779 Bekk.
1286 713 1396 791 82,
1424 713 1459 779 1
1512 714 1666 780 haee
1703 713 1837 800 legi
1873 714 2045 779 idem
2085 714 2409 794 observat,
2450 722 2772 800 praeterea

340 817 695 883 .Photium
745 840 794 884 s.
845 840 906 884 v.
954 816 1148 899 ἕτερος
1199 821 1544 886 conferens.

470 1035 693 1114 81,18
741 1070 822 1096 =
872 1038 1111 1104 Anecd.
1173 1039 1379 1105 Bekk.
1431 1038 1583 1119 381,
1611 1038 1704 1104 22
1751 1065 1832 1090 --
1879 1038 2060 1106 Suid.
2126 1076 2211 1090 -
2275 1043 2763 1108 α’λοστατεῒ·
2819 1140 2824 1144 .

378 1144 961 1221 στρατεύεται

460 1247 630 1314 Sana
676 1249 832 1316 haee
878 1252 1122 1316 nemini
1172 1250 1503 1329 videntur;
1555 1255 1951 1317 ἅλλοστοιτεῖ
1985 1250 2287 1330 Dindorf‚
2329 1255 2436 1317 eui
2476 1253 2765 1319 dubitan-

374 1362 470 1421 ter
517 1355 950 1442 adstipulatur
987 1357 1439 1424 Reitzenstein.
1487 1357 1806 1444 Equidem
1845 1360 2132 1443 suspicor
2168 1358 2579 1440 στρατεύεται
2615 1365 2765 1425 noto

373 1482 579 1528 errore
615 1483 694 1528 ex
733 1465 1203 1541 στραγγεύεται
1245 1485 1380 1530 esse
1412 1471 1635 1530 natum
1655 1513 1672 1543 ‚
1715 1467 1934 1551 itaque
1957 1487 2342 1552 magnopere
2366 1466 2531 1532 mihi
2555 1466 2766 1552 placet

377 1566 614 1654 'I'oupii
659 1571 1055 1635 coniectura:
1103 1584 1516 1649 μελλοστρ
1539 1577 1762 1635 ατεῒ·
1814 1572 2473 1649 στραγγεύεται.

464 1783 573 1863 83,
600 1783 663 1852 2.
716 1822 801 1834 -
858 1784 1039 1859 οἳλυς.
1090 1788 1123 1861 ἡ
1173 1784 1299 1861 ἄλη
1350 1786 1455 1852 καὶ
1507 1787 1535 1850 ὃ
1582 1785 2170 1866 ῥιπ<τ>ασμός.

466 2004 576 2083 84,
608 2005 641 2069 1
693 2030 774 2057 ==
831 2005 1067 2071 Aneed.
1131 2005 1334 2070 Bekk.
1399 2003 1552 2085 386,
1598 2005 1682 2071 18
1730 2031 1811 2056 =
1857 2004 2139 2091 Hesyeh.
2190 2041 2284 2084 ,--
2356 2005 2660 2085 οἱλφινία·
2724 2008 2759 2081 ἦ
2815 2051 2818 2056 -

370 2112 641 2184 λευκή.

466 2217 622 2305 Leg.
671 2233 710 2282 λ
730 2244 757 2283 ε
780 2216 814 2282 ύ
834 2241 870 2281 κ
889 2241 923 2292 η
972 2216 1059 2298 (Ν
1061 2218 1258 2296 aber).

461 2422 569 2500 85,
598 2421 637 2487 3
678 2447 758 2473 --
798 2422 1033 2488 Anecd.
1076 2421 1280 2487 Bekk.
1326 2420 1479 2500 381,
1511 2420 1590 2485 ll
1631 2447 1714 2474 =
1750 2419 1929 2486 Suid.
1969 2457 2048 2482 =
2088 2420 2272 2486 Eust.
2310 2419 2506 2500 1968,
2532 2420 2639 2488 40.
2667 2461 2753 2474 --

368 2529 940 2610 ἀλωπόχρους·
991 2527 1019 2592 ὃ
1069 2527 1298 2598 πολιός.

459 2633 926 2721 Corrigendum
987 2656 1120 2700 esse
1168 2632 1733 2714 οὶλφιτόχρους
1783 2640 2212 2714 (off—mn),
2262 2637 2533 2719 spectari
2580 2620 2766 2701 enim⁰

366 2741 815 2833 Aristophanis
853 2763 1074 2808 vocem
1118 2741 1222 2822 (fr.
1252 2739 1447 2821 533):
1490 2739 1969 2821 αλφιτόχρωτος
2011 2729 2332 2820 κεφαλῆς,
2378 2761 2539 2827 quae
2562 2762 2753 2827 supra

370 2847 480 2925 84,
508 2847 548 2912 9
617 2854 713 2914 est
776 2847 1003 2927 allata,
1068 2848 1287 2915 docuit
1332 2845 1533 2914 Cobet
1584 2847 1898 2914 Mnemos.
1954 2845 2126 2940 1856
2174 2868 2236 2933 p.
2289 2846 2419 2912 190
2466 2854 2531 2913 et
2578 2846 2747 2915 1861

363 2979 428 3043 p.
479 2954 586 3020 69.

462 3159 571 3238 85,
601 3157 639 3227 '7
687 3186 768 3212 =
816 3159 997 3226 Suid.
1046 3190 1127 3215 =
1175 3158 1408 3225 Anecd.
1458 3159 1663 3245 Bekk.
1717 3159 1871 3239 218,
1897 3157 2006 3226 29.
2071 3196 2155 3210 -
2219 3156 2481 3236 ἀλώπηξ
2541 3159 2752 3240 δωρο·

362 3267 398 3332 δ
414 3276 770 3332 exerrat·
834 3266 935 3331 ἐπὶ
1004 3272 1117 3330 τῶν
1181 3266 1393 3349 ῥᾳδίως
1445 3264 1639 3347 δώροις
1688 3265 2126 3343 ἁλισκομένων.
2177 3275 2467 3347 Κρατῖνος
2516 3268 2746 3344 Νόμοις

361 3374 468 3454 (fr.
520 3373 703 3454 128)-

639 3481 801 3555 ὑμῶν
849 3473 934 3550 εἷς
984 3477 1097 3556 μὲν
1144 3475 1403 3548 ἕκαστος
1454 3474 1720 3552 ἀλώπηξ
1768 3476 2374 3556 δωροδοκεῒται.

460 3587 570 3652 Bis
632 3585 1041 3652 scribendum
1101 3606 1235 3651 esse
1294 3583 1837 3664 δωροδοκείτω
1903 3591 2115 3650 censet
2174 3581 2387 3650 Naber
2430 3584 2748 3652 MnemOS.

372 3693 545 3759 1880
607 3715 671 3778 p.
721 3690 807 3758 23
834 3713 948 3778 sq„
1012 3698 1158 3757 ante
1217 3690 1430 3774 ῥᾳδίως
1488 3695 1709 3756 autem
1755 3690 2167 3757 inserendum
2213 3711 2348 3756 esse
2394 3693 2533 3767 μὴ,
2583 3692 2750 3778 quod

364 3804 575 3866 exstat
634 3798 805 3884 apud
866 3796 1163 3876 Suidam;
1222 3819 1350 3864 non
1411 3800 1585 3864 enim
1633 3797 1819 3863 facile
1869 3798 2076 3884 decipi
2124 3797 2516 3884 vulpeculas.
2565 3796 2749 3864 Kock

367 3905 675 3985 δωροδοκεῖ
716 3928 777 3969 τι
828 3909 1053 3970 tentat.
1102 3904 1187 3969 Et
1234 3906 1523 3970 activum
1571 3904 1831 3991 quidem
1877 3907 2118 3991 requiri
2163 3911 2411 3971 eertum
2458 3912 2574 3972 est.

456 4011 777 4099 Equidem
835 4018 1060 4097 poetae
1123 4011 1316 4077 verba
1376 4015 1466 4077 sie
1512 4015 1728 4097 potius
1775 4011 2145 4099 intellegam
2167 4061 2183 4090 ,
2232 4019 2307 4077 ut
2352 4018 2486 4077 tam
2533 4012 2751 4079 callidi

363 4140 555 4204 quam
594 4117 826 4205 vulpes
866 4119 1159 4183 dicantur
1199 4121 1619 4205 magistratus
1658 4118 2081 4184 Athenienses
2121 4118 2197 4183 ad
2231 4118 2392 4185 dona
2416 4120 2746 4205 captanda,

364 4226 589 4291 dubito
652 4230 871 4290 eutem
929 4246 1012 4290 an
1054 4245 1278 4290 versus
1325 4227 1539 4290 exitus
1584 4224 1954 4290 scribendus
2000 4226 2086 4288 sit
2131 4225 2615 4304 δωροδοκῆσαι,
2666 4253 2746 4278 =

360 4333 679 4403 οὶλώπεκές
731 4333 869 4395 ἕστε
920 4332 1062 4411 πρὸς
1115 4333 1184 4396 τὸ
1236 4330 1657 4408 δωροδοκῆσαι.
1707 4330 1831 4397 Sed
1879 4330 2192 4396 eiusmodi
2239 4331 2392 4416 quid
2441 4334 2497 4396 si
2535 4331 2748 4397 voluit

368 4441 684 4515 comicus,
758 4436 923 4502 nihil
994 4438 1121 4502 huc
1190 4438 1342 4503 facit
1413 4435 1552 4502 οὔτε
1625 4437 1693 4501 τὸ
1765 4437 1974 4522 ῥᾳδίως
2039 4435 2178 4500 οὔτε
2243 4436 2312 4500 τὸ
2376 4438 2463 4513 μὴ
2528 4440 2740 4521 ῥᾳδίως

361 4543 758 4629 ἁλίσκεσθαι,
807 4543 917 4616 sed
962 4565 1201 4616 errasse
1248 4543 1550 4615 dicendus
1594 4545 1719 4616 erit
1765 4545 2097 4636 interpres.
2147 4542 2371 4636 Itaque
2419 4544 2649 4632 ἐπέχω.
