3392 5384
1464 388 1774 436 nonnos.
2688 369 2819 434 423

415 602 420 606 -
518 556 581 621 II
629 554 690 620 5.
721 556 804 620 18
863 555 1212 640 Virginem
1262 554 1466 620 forma
1514 555 1680 618 bona
1729 555 1998 618 memini
2046 553 2259 618 videre

518 663 615 743 (3)
658 661 974 741 „Videre”
1015 683 1128 746 pro
1168 659 1527 725 vidisse:
1570 659 1817 725 Ennius
1862 661 2174 738 „memini
2214 680 2319 725 me
2343 659 2482 725 fieri
2505 659 2818 746 pavum’',

425 770 537 837 alii
585 769 681 852 (4)
728 773 818 834 sic
868 769 1179 848 „memini
1225 767 1486 834 videre''
1536 771 1611 832 ut
1657 769 1857 832 novi
1904 789 2043 854 pro
2070 767 2264 832 bare
2317 767 2566 845 „forma
2609 766 2815 832 bona''

426 877 857 962 distinguunt.

513 982 849 1048 Scholium
911 982 1070 1047 vitio
1132 979 1399 1046 laborat.
1442 969 1713 1045 'Wessn.
1779 980 1973 1044 verba
2040 980 2179 1062 „(4)
2244 979 2349 1045 Sic
2410 982 2680 1044 memini
2729 1017 2811 1030 —-

419 1088 728 1175 probare''
778 1089 1032 1152 notavit
1081 1092 1155 1151 ut
1200 1087 1517 1165 insiticia,
1565 1089 1877 1171 iungens:
1933 1084 2093 1164 „alii
2141 1087 2345 1150 forma
2391 1087 2555 1151 bona
2600 1084 2820 1150 distin-

421 1193 699 1280 guunt”‚
771 1196 861 1258 sic
932 1198 1146 1258 tamen
1219 1191 1395 1258 locus
1464 1213 1590 1258 non
1639 1196 1921 1269 sanatur,
1973 1212 2124 1256 nam
2172 1194 2377 1257 oritur
2423 1194 2815 1277 comparatio

421 1301 692 1367 absurda
736 1303 904 1366 inter
951 1299 1484 1385 significationem
1533 1303 1638 1362 τοῦ
1690 1301 2005 1376 „memini
2048 1298 2308 1365 videre'’
2350 1303 2415 1363 et
2454 1301 2818 1384 interpunc-

420 1411 664 1474 tionem
705 1413 850 1494 post
893 1406 1095 1484 „bona
1127 1406 1396 1484 forma'',
1439 1406 1548 1471 sed
1582 1404 1860 1470 alterum
1886 1427 2035 1470 cum
2061 1403 2261 1470 altero
2285 1404 2450 1470 nihil
2475 1425 2815 1470 commune

421 1513 633 1578 habet.
674 1514 902 1579 Potius
924 1514 1134 1598 igitur
1154 1511 1332 1577 locus
1355 1517 1499 1597 post
1525 1509 1855 1597 „pavum”
1880 1513 1975 1577 ita
1997 1509 2309 1596 legendus
2334 1516 2459 1576 est:
2490 1509 2665 1590 „Alii
2691 1513 2809 1576 sic:

423 1622 734 1698 „memini
774 1619 1035 1685 videre’'
1078 1625 1153 1684 ut
1190 1621 1387 1685 novi
1427 1617 1858 1705 probare,'’
1902 1639 2063 1704 quae
2089 1623 2187 1684 est
2212 1621 2429 1703 inepta
2453 1619 2812 1683 observatio

420 1725 732 1804 Editoris‚
797 1727 908 1811 qui
968 1726 1243 1811 perfecta
1307 1747 1456 1790 cum
1521 1725 1987 1816 significatione
2035 1727 2383 1810 praesentis
2431 1727 2809 1803 memini,

419 1834 617 1896 novi
677 1832 896 1898 iuncta
957 1853 1107 1897 cum
1161 1831 1502 1897 infinitivis
1551 1832 1994 1916 praesentibus
2039 1833 2208 1896 inter
2256 1852 2323 1896 se
2370 1832 2809 1916 componebat.

419 1936 593 2023 Ergo
637 1936 798 2003 Don.
848 1940 1136 2023 primum
1177 1937 1384 2003 dedit:
1438 1937 1708 2016 „Videre
1752 1960 1865 2023 pro
1906 1937 2143 2004 vidisse
2169 1988 2183 2004 .
2215 1986 2228 2003 .
2261 1938 2621 2023 .·pavum’';
2664 1943 2809 2002 tum

421 2043 572 2108 hnic
634 2044 872 2110 scholio
935 2066 1176 2110 novum
1237 2044 1500 2122 adiecit,
1551 2047 1794 2128 opinor,
1846 2044 2255 2140 huiusmodi:
2308 2044 2675 2135 „<Quidam
2711 2042 2805 2130 ¹)>

419 2149 667 2228 „forma
708 2150 910 2215 bona’'
953 2151 1428 2238 distinguunt''.
1478 2150 1755 2230 Quinam
1794 2153 1883 2215 sic
1924 2153 2137 2215 minus
2178 2156 2347 2216 recte
2374 2150 2805 2228 distinxerint,

424 2258 763 2322 nescimus·

505 2362 666 2428 Ibid.
721 2363 802 2427 19
875 2361 946 2427 Si
993 2383 1058 2427 se
1106 2362 1290 2427 illam
1336 2365 1403 2427 in
1451 2364 1694 2427 somnis
1742 2382 1935 2447 quam
1980 2361 2175 2427 illum
2223 2361 2526 2446 amplecti
2576 2361 2807 2429 maluit

509 2469 605 2549 (1)
671 2467 784 2546 „In
836 2470 1120 2534 somnis''
1180 2489 1294 2553 per
1340 2474 1628 2546 noctem,
1677 2475 1753 2532 ut
1800 2468 2124 2554 Vergilius
2174 2468 2381 2548 „libra
2428 2469 2528 2535 die
2575 2473 2806 2535 somni-

416 2597 539 2661 que
601 2574 826 2661 pares''
889 2573 1034 2657 (Ge.
1100 2575 1130 2640 Ι
1195 2574 1354 2657 208)
1420 2580 1484 2640 et
1544 2573 1822 2640 Plautus
1873 2577 2099 2652 „miris
2146 2575 2353 2641 modis
2404 2572 2564 2664 (di)
2617 2575 2805 2642 ludos

412 2683 654 2748 faciunt
701 2682 1112 2761 „hominibus
1161 2684 1468 2768 mirisque
1517 2681 1829 2768 exemplis
1870 2684 2088 2747 omnia
2125 2684 2191 2747 in
2232 2684 2475 2746 somnis
2516 2682 2802 2747 danunt''

412 2789 630 2870 (Merc.
696 2797 759 2854 et
821 2788 1038 2870 Rud.).
1180 2789 1275 2870 (2)
1327 2788 1843 2881 <„Amplecti’'>
1896 2789 2063 2874 quod
2119 2789 2315 2876 vulgo
2366 2789 2604 2855 dicitur
2650 2811 2800 2855 cum

407 2893 523 2958 illa
585 2917 876 2974 manere,
942 2918 1092 2961 cum
1155 2895 1274 2962 illa
1333 2897 1630 2962 dormire.
1697 2895 1832 2960 Alii
1883 2895 2277 2974 „insomnis”
2327 2894 2638 2982 vigilans,
2690 2896 2801 2962 sed

411 2998 646 3064 melius
692 3022 834 3084 per
882 3009 1229 3067 noctem.

501 3104 643 3170 Non
706 3103 866 3170 Don.
933 3106 1041 3170 sed
1092 3106 1319 3170 Editor
1365 3113 1497 3185 est,
1545 3109 1658 3191 qui
1706 3111 1850 3191 post
1900 3109 1993 3186 (l)
2044 3109 2378 3173 subiunxit
2424 3109 2541 3188 (2),
2592 3115 2657 3174 et
2702 3111 2797 3174 ita

408 3217 484 3276 ut
530 3213 815 3297 primum
865 3210 1097 3290 Donati
1147 3210 1388 3276 scholio
1437 3219 1784 3298 opponeret
1829 3212 2015 3291 illud,
2064 3213 2232 3298 quod
2280 3218 2411 3279 est:
2466 3215 2639 3292 „Alii
2690 3264 2703 3280 .
2735 3264 2747 3280 .
2776 3199 2793 3282 ⁵.

408 3340 522 3403 per
590 3319 909 3396 noctem’',
983 3319 1128 3383 dein
1200 3319 1638 3403 praecedentia
1710 3320 1787 3383 de
1858 3319 2055 3385 verbo
2123 3318 2561 3405 amplecti,
2637 3342 2798 3406 quae

410 3422 806 3509 Gompilator
850 3427 1108 3489 inversa
1153 3424 1371 3489 edidit.
1467 3425 1773 3489 Wessn.
1823 3426 2088 3488 initium
2136 3423 2362 3490 scholii
2407 3424 2502 3506 (2)
2552 3425 2800 3492 inclini-

408 3532 492 3594 tis
550 3528 787 3595 litteris
846 3531 1124 3596 reddidit
1185 3552 1389 3616 usque
1449 3532 1527 3597 ad
1595 3530 1982 3610 „dormire”,
2030 3553 2144 3617 pro
2189 3531 2681 3617 interpolatione
2728 3537 2797 3599 in

410 3639 711 3703 continuo
781 3637 1019 3702 scholio
1081 3638 1351 3717 Donati,
1401 3640 1751 3703 cui‘etiam
1801 3638 2030 3703 tribuit
2076 3638 2271 3703 finem
2319 3637 2433 3718 (2)i
2484 3638 2639 3717 „alii
2687 3689 2701 3706 .
2732 3687 2747 3704 .
2778 3689 2793 3706 .

408 3743 727 3821 noctem’',
772 3744 882 3808 sed
929 3744 1046 3809 hoc
1094 3747 1153 3809 ei
1199 3747 1511 3829 imputari
1557 3767 1684 3809 non
1733 3749 1978 3830 potest,
2028 3751 2102 3809 ut
2146 3747 2431 3830 ineptam
2479 3754 2793 3812 construc-

407 3851 649 3915 tionem
692 3852 1044 3927 „insomnis
1084 3850 1361 3916 maluit''
1403 3853 1727 3917 mentione
1768 3851 2035 3937 dignam
2078 3851 2455 3929 crediderit,
2497 3858 2560 3918 et
2599 3855 2795 3940 nigni-

407 3955 767 4021 ficationem
820 3978 964 4041 per
1011 3964 1335 4023 noctem
1385 3980 1512 4023 non
1561 3961 1747 4023 unice
1794 3964 2071 4035 rectam,
2127 3957 2236 4022 sed
2287 3958 2609 4035 „melius”
2660 3966 2794 4025 tan-

406 4067 549 4126 tum
597 4082 732 4126 esse
779 4065 1042 4148 putarit.
1093 4062 1580 4149 Ipsum-autem
1625 4064 1957 4129 Editorem
1998 4064 2159 4128 hanc
2197 4065 2792 4150 interpretationem

405 4169 800 4253 excogitasse
849 4172 1154 4256 suspicor.
2365 4173 2369 4178 ’

473 4445 526 4510 1)
563 4445 610 4512 Q
628 4459 658 4492 n
677 4444 692 4492 i
712 4445 741 4493 d
763 4459 790 4493 a
808 4459 857 4494 m
891 4423 1038 4494 etiam
1071 4442 1312 4511 supplevit
1350 4443 1408 4490 W
1427 4459 1453 4493 c
1470 4459 1492 4494 s
1509 4459 1530 4495 e
1550 4459 1599 4494 n.
1633 4444 1712 4496 III
1749 4444 1795 4494 2.
1818 4444 1881 4493 80
1900 4445 1984 4508 (2).
