3392 5384
638 438 769 506 180
1194 489 1204 502 .
1446 457 1713 508 TITULUS
1758 457 2203 508 summanus.

630 624 843 707 pensis
901 624 1483 709 interpunctionem
1544 628 1830 690 nostram
1893 624 2176 710 praefero
2240 627 2306 689 et
2364 625 2701 709 praecipue
2748 622 3013 708 quidem

631 731 781 813 quia
825 730 968 814 ipsa
1010 728 1124 794 illa
1169 733 1477 818 anonymi
1517 733 1962 816 interpretatio
1980 779 1997 810 ,
2037 734 2297 816 propter
2334 749 2528 816 quam
2570 728 3013 795 vanLeeuwen

629 837 1060 900 coniecturam
1128 855 1313 902 suam
1374 839 1744 924 proposuit,
1808 858 1923 922 per
1982 857 2049 901 se
2108 838 2222 902 vix
2284 834 2679 900 admittenda
2734 832 3013 900 videtur.

628 940 767 1006 Iam
811 942 986 1006 enim
1031 940 1314 1007 dubitari
1358 947 1570 1027 potest
1607 963 1765 1007 num
1804 962 2093 1027 unquam
2134 943 2423 1020 „mortui
2461 949 2681 1019 μνῆμα
2722 939 3011 1026 erigere”

626 1045 911 1133 intelligi
972 1050 1253 1133 potuerit
1299 1051 1481 1133 quasi
1526 1047 1774 1113 dictum
1823 1054 1988 1114 esset
2036 1050 2324 1135 „erigere
2371 1049 2617 1113 mortui
2663 1044 3012 1133 effigiem''.

625 1151 751 1218 Sed
795 1152 1066 1219 lectores
1109 1156 1236 1239 ipsi
1277 1154 1582 1220 iudicent.

1323 1565 1409 1612 AD
1456 1563 1952 1613 Tmocuomn
1997 1563 2310 1611 Rnonnm.

711 1727 868 1808 Quis
936 1751 1061 1794 non
1129 1727 1564 1794 calumniatus
1624 1734 1723 1794 est
1782 1725 2316 1794 Themistoclem!
2382 1728 2587 1793 Nemo
2650 1727 3008 1814 malignius

622 1854 818 1918 quam
864 1834 1242 1900 Timocreon
1281 1834 1607 1912 Rhodius,
1649 1836 1761 1919 qui
1795 1833 2001 1920 lyrico
2042 1835 2286 1899 scilicet
2323 1834 2605 1898 carmine
2637 1831 2684 1914 ¹)
2724 1834 3010 1898 narravit

621 1939 925 2007 Graeciae
969 1940 1164 2006 illum
1209 1943 1659 2026 sospitatorem
1708 1945 1773 2006 et
1819 1941 1944 2006 sibi
1990 1961 2104 2025 per
2148 1939 2438 2005 fraudem
2486 1939 2835 2004 detraxisse
2882 1940 3009 2003 tria

617 2046 862 2113 talenta
917 2052 981 2112 et
1028 2047 1284 2113 aliunde
1329 2067 1638 2134 magnam
1684 2049 1823 2114 vim
1872 2049 2175 2132 pecuniae
2222 2049 2578 2112 corrasisse.
2627 2043 2829 2111 Cuius
2874 2065 3009 2109 car-

618 2155 813 2218 minis
858 2154 930 2219 hi
976 2159 1126 2220 sunt
1172 2174 1395 2219 versus
1443 2154 1701 2220 ultimi:

1159 2261 1399 2338 Ἰσθμοῖ
1442 2259 1495 2324 δ’
1544 2259 1909 2326 ἐπανδόκευε
1955 2260 2213 2338 γελοίως

1167 2366 1390 2448 ψυχροὶ
1440 2365 1587 2446 κρέα
1637 2364 1963 2446 παρέχων·

1167 2463 1220 2537 οἳ
1267 2471 1318 2536 δ’
1369 2471 1563 2547 ἤσθιον
1611 2471 1914 2552 κηῦχοντο
1961 2473 2051 2550 μὴ
2096 2471 2250 2551 ὤροον

810 2637 813 2639 ,
1167 2577 1658 2655 Θεμιστοκλέους
1704 2578 2015 2656 γενέσθαι.

616 2682 793 2749 Male
839 2686 1039 2769 partis
1083 2687 1293 2770 igitur
1337 2687 1567 2770 opibus
1613 2684 1767 2750 adeo
1814 2706 1998 2771 parce
2043 2684 2334 2750 Isthmiis
2381 2705 2537 2749 usus
2578 2688 2675 2748 est
2711 2682 3004 2747 Themis·

619 2788 814 2855 tocles
885 2797 959 2855 ut
1028 2792 1140 2875 qui
1203 2789 1362 2855 illuc
1430 2799 1858 2857 convenerant
1933 2790 2225 2856 homines
2304 2795 2640 2876 optarent.
2666 2838 2681 2854 .
2712 2837 2727 2854 .
2806 2785 3003 2873 quid?

620 2892 834 2960 Grave
903 2894 1161 2980 aliquod
1231 2895 1572 2987 dicterium
1641 2896 2194 2980 contumeliaeque
2263 2896 2529 2981 plenum
2589 2900 3002 2980 expectamus

616 3001 935 3086 profectu,
982 3005 1050 3066 in
1091 3023 1216 3087 quo
1255 3003 1482 3088 probra
1526 3006 1652 3068 ista
1698 3009 1927 3088 aptum
1973 3003 2249 3067 habeant
2294 3001 2509 3067 finem.
2557 3000 2811 3086 Ergone
2850 3001 3004 3064 satis

614 3106 912 3172 vividum
979 3108 1234 3174 videtur
1291 3108 1359 3173 id
1417 3109 1585 3194 quod
1646 3110 1837 3174 habet
1900 3115 2115 3174 textus
2177 3107 2486 3173 traditus:
2554 3112 2879 3188 „optarwnt
2938 3111 3006 3168 ut

613 3212 1019 3293 neqleqeretur
1053 3214 1504 3278 Themistocles’'
1547 3217 1714 3282 sive:
1762 3222 1871 3293 „ut
1908 3215 2068 3280 ratio
2108 3214 2235 3278 eim
2257 3237 2377 3279 non
2400 3209 2798 3277 haberetne-W?
2832 3210 3002 3276 Mihi

613 3321 848 3384 misere
885 3318 1190 3406 languere
1228 3320 1530 3386 videntur
1567 3322 1761 3386 verba
1800 3320 1956 3387 haec
1980 3320 2245 3400 ultima3
2288 3322 2547 3406 egregie
2574 3316 3003 3403 displicerent,

614 3427 871 3490 etiamsi
916 3425 1166 3491 nullam
1211 3429 1637 3511 suspicionem
1682 3432 1971 3492 moveret
2014 3425 2231 3490 hiatus
2284 3424 2385 3492 vel
2422 3420 3001 3509 monosyllabicum

614 3529 855 3601 -κλέους
895 3532 1122 3610 (malbec
1161 3531 1458 3613 Ahrens).
1513 3531 1913 3617 Quapropter
1950 3530 2303 3598 videndum
2351 3552 2431 3596 an
2477 3528 2826 3617 legendum
2868 3530 2994 3603 sit:

1654 3637 1955 3718 κηῦχοντο
2000 3641 2106 3716 μὴ
2152 3641 2205 3710 ’ς
2254 3634 2451 3717 ὥροις

1161 3751 1689 3820 Θεμιστοκλῆ
1740 3741 2044 3820 γενέσθαι.

611 3844 717 3911 Sic
779 3846 951 3932 apud
1009 3849 1332 3913 comicum
1390 3847 1571 3934 (hys,
1625 3845 1829 3928 1037)
1890 3850 2042 3912 irati
2090 3869 2268 3913 senes
2319 3847 2718 3913 mulierculis
2763 3850 2997 3932 impre-
3370 3817 3385 4018 A

613 3956 871 4018 cantur:
940 3954 1158 4031 »ἀλλὰ
1221 3955 1310 4030 μὴ
1369 3955 1421 4024 ’ς
1484 3951 1641 4033 ὥροις
1702 3949 1918 4016 ἵκοισθε
1941 3949 2000 4016 1''
2063 3955 2201 4018 sive
2260 3954 2547 4033 τάχιστα
2595 3953 2697 4017 καὶ
2751 3955 2995 4017 κάκιστ’

611 4057 971 4124 ἀπόλοισθεῐ
1013 4058 1098 4124 Et
1137 4059 1207 4137 „5
1249 4061 1338 4136 μὴ
1377 4056 1561 4138 ὥρασι
1600 4055 2092 4137 Δημόστρατος”
2134 4060 2306 4145 apud
2330 4059 2604 4126 eundem
2630 4059 2809 4147 (LyS.
2839 4057 2997 4139 391)

611 4167 709 4228 est
757 4164 783 4229 ὅ
831 4166 920 4241 μὴ
969 4166 1056 4237 εἷς
1103 4167 1222 4237 τὰς
1269 4160 1427 4240 ὥρας
1473 4165 1594 4236 τὰς
1641 4161 1854 4243 ἑτέροις
1899 4163 2274 4242 βιωσόμενος
2321 4167 2497 4232 ἀλλὰ
2544 4166 2806 4246 τάχιστ’
2847 4166 2996 4229 ἄπο-

612 4269 927 4345 λούμενος.
2718 4289 2781 4337 V.
2831 4271 2903 4337 L.
3368 4240 3385 4562 Ἰ

679 4481 732 4546 1)
768 4482 906 4544 Apud
943 4481 1073 4530 Plut.
1109 4481 1194 4530 vit.
1228 4479 1456 4530 Themist.
1493 4479 1570 4530 21.
