3392 5384
701 412 785 475 64
1553 424 1810 473 mancus
1856 424 2231 473 Amomus.

709 594 948 677 possis,
1011 592 1133 667 vir,
1195 592 1458 675 inquam
1523 589 1600 653 cl.
1651 589 1855 655 Polak
1902 592 2158 653 omnino
2205 610 2437 655 novem
2487 592 2799 656 vitiorum
2846 612 3086 679 genera

699 696 1027 772 distinxit,
1075 694 1467 772 illustravit,
1516 695 1798 760 breviter
1843 694 2208 780 explicavit.

794 801 930 867 Iam
992 821 1140 865 cum
1207 801 1371 866 bona
1432 801 1690 865 fortuna
1756 803 2074 876 evenerit,
2137 809 2211 865 ut
2274 800 2385 866 alii
2431 802 2611 867 nobis
2656 809 2908 886 praesto
2956 806 3087 868 sint

707 908 988 984 codices,
1054 912 1223 971 certe
1285 905 1617 991 Xylandro
1677 906 1951 983 fuerint,
2017 906 2183 971 unde
2245 906 2422 971 nullo
2483 911 2744 993 negotio
2805 911 2965 974 vitia
3017 912 3087 972 in

705 1012 839 1077 cod.
890 1012 948 1076 A
996 1013 1390 1077 occurrentia
1436 1017 1500 1075 et
1545 1014 1735 1096 argui
1781 1017 1846 1076 et
1894 1010 2214 1075 emendari
2260 1014 2536 1096 possint,
2584 1016 2800 1078 missis
2836 1013 2971 1077 illis
3010 1013 3087 1078 de

613 1196 622 1205 .
699 1120 1053 1183 vitiositate
1117 1115 1390 1201 querelis
1455 1122 1776 1201 praestat,
1840 1120 2081 1201 opinor,
2148 1137 2408 1202 rogare,
2474 1117 2630 1201 quid
2690 1119 2837 1183 boni
2900 1119 3081 1183 nobis

699 1244 903 1289 novus
955 1221 1248 1288 attulerit
1283 1221 1498 1286 codex.
1553 1220 1829 1286 Nullum
1868 1227 2084 1286 autem
2123 1223 2430 1287 Antonini
2467 1222 2769 1289 lectorem
2809 1223 3089 1309 effugere

699 1349 879 1414 posse
926 1330 1226 1392 existimo
1277 1329 1656 1411 praesertim
1704 1330 1771 1391 in
1821 1330 2051 1392 misera
2092 1328 2451 1393 conditione
2492 1329 2715 1393 traditi
2754 1334 3088 1393 contextus

699 1433 980 1499 codicem
1030 1434 1084 1496 A
1147 1435 1473 1517 quantivis
1520 1435 1713 1517 pretii
1760 1432 2119 1497 subsidium
2160 1454 2295 1497 esse
2342 1440 2405 1498 et
2453 1436 2959 1499 instrumentum
3009 1434 3088 1498 ad

697 1545 950 1604 textum
999 1537 1624 1603 Commentariorum
1675 1538 2194 1602 constituendum
2232 1545 2297 1603 et
2336 1539 2822 1605 emendandum.
2862 1540 3086 1604 Primo

699 1647 872 1710 enim
904 1643 1163 1709 lacunas
1197 1646 1265 1708 in
1302 1643 1573 1728 vulgata
1598 1642 1873 1727 supplet,
1901 1665 1954 1708 e.
1981 1664 2079 1729 gr.
2106 1644 2157 1708 Ι.
2189 1643 2271 1707 16
2298 1646 2401 1709 οὐκ
2429 1644 2874 1721 ἐξονειδιστικὸν
2903 1645 3083 1721 (οὐδὲ

700 1754 821 1825 μὴν
885 1751 1335 1828 εὐπαράγωγον
1399 1751 1501 1813 ὑπ’
1563 1752 1811 1827 αὐτῶν)
1878 1748 1984 1814 vel
2032 1748 2106 1813 V.
2158 1749 2191 1812 1
2246 1749 2361 1820 τὰς
2411 1751 2724 1825 μελίσσας
2775 1750 2893 1827 (τὸ
2940 1750 3085 1814 ἴδιον

701 1857 1075 1934 ‚romonem
1142 1876 1325 1940 porro
1390 1856 1726 1920 turbatum
1778 1855 2120 1919 verborum
2170 1855 2455 1920 ordinem
2504 1858 2827 1932 restituit,
2879 1877 2931 1921 e.
2981 1877 3083 1944 gr.

701 1961 816 2026 IX.
868 1961 954 2024 40
1011 1961 1136 2034 ἤτοι
1187 1961 1348 2025 οὐδὲν
1397 1960 1681 2025 δύνανται
1734 1961 1783 2023 οἱ
1834 1961 1984 2037 θεοί,
2034 1960 2066 2033 ἦ
2119 1963 2396 2039 θηριῶσαι
2446 1960 2771 2038 δύνανται,
2820 1963 2934 2027 ubi
2981 1982 3089 2027 vo·
3139 1964 3154 1971 ⁸

701 2088 841 2132 cem
891 2067 1340 2144 <τε>θηρίωσαι
1387 2069 1456 2129 111
1502 2071 1694 2150 caput
1738 2065 2112 2130 antecedens
2157 2072 2305 2152 apte
2350 2069 2742 2151 transposuit
2778 2067 2855 2133 A.
2917 2066 3087 2132 Tum

702 2171 871 2256 quod
930 2174 1159 2236 attinet
1224 2171 1302 2236 ad
1365 2172 1638 2236 formam
1701 2170 2104 2257 singularum
2154 2193 2389 2236 vocum
2435 2175 2784 2257 genuinam
2831 2193 3087 2257 recupe-

703 2276 1001 2355 randam,
1072 2276 1304 2341 sufficit
1373 2298 1746 2362 provocasse
1818 2277 1895 2341 ad
1966 2276 2267 2342 lectiones
2332 2276 2549 2361 quales
2610 2284 2792 2342 sunt:
2872 2276 2978 2342 IV.
3044 2277 3085 2342 3

702 2383 991 2461 οὶγρίδιον,
1053 2382 1126 2446 V.
1181 2383 1214 2446 1
1268 2391 1488 2460 πεῖσιν,
1551 2384 1578 2449 ὃ
1627 2383 1910 2462 τορευτὴς
1957 2385 2064 2455 τὴν
2110 2383 2473 2460 τορευτικήν,
2539 2380 2577 2446 5
2628 2384 3085 2461 οὶρεσκεύεσθοιι,

703 2488 951 2569 νωθείᾳ,
1020 2486 1105 2551 10
1165 2490 1364 2567 ῥύσει,
1429 2487 1536 2552 VI.
1588 2487 1672 2553 46
1737 2488 1821 2551 τὰ
1872 2489 1931 2550 ἐν
1976 2490 2060 2563 τῷ
2107 2486 2549 2567 ἀμφιθεάτρῳ,
2599 2487 2736 2552 VII.
2790 2488 2829 2551 9
2877 2484 2966 2559 εἷς
3016 2486 3086 2563 ἐξ

703 2593 1018 2670 ἁπάντων,
1088 2592 1202 2657 IX.
1256 2593 1338 2656 41
1407 2593 2028 2671 ’‘arammeh-trecea„
2101 2593 2181 2656 Χ.
2237 2592 2275 2656 6
2339 2592 2567 2671 οὐδενί,
2639 2592 2789 2665 XH.
2836 2592 2923 2658 24
2986 2591 3079 2656 ὅτι

703 2701 1212 2777 καταφρονήσεις.
1283 2698 1574 2782 Denique
1634 2698 1855 2763 eodem
1919 2704 2195 2783 spectat,
2258 2700 2425 2783 quod
2487 2701 2741 2784 saepius
2800 2701 2868 2764 in
2915 2721 3087 2764 com-

701 2807 885 2868 muni
952 2806 1242 2867 omnium
1312 2803 1600 2868 codicum
1667 2802 2028 2887 corruptela
2096 2811 2310 2868 tamen
2371 2805 2427 2868 A
2490 2806 2714 2869 ceteris
2778 2806 3090 2889 integrior

703 2928 890 2972 verae
943 2907 1236 2972 lectionis
1282 2910 1556 2993 vestigia
1602 2906 1966 2972 distinctius
2015 2910 2330 2986 servavit;
2398 2911 2581 2973 cuius
2644 2912 2737 2974 rei
2796 2909 3091 2994 exemplo

703 3014 790 3076 sit
850 3010 1029 3076 locus
1090 3012 1351 3076 infamis
1396 3012 1502 3076 VI.
1555 3011 1638 3075 55
1691 3012 1741 3075 εἴ
1789 3011 2195 3089 κυβερνῶνται
2258 3015 2308 3077 οἱ
2357 3019 2577 3077 ναῦται
2624 3014 2657 3089 ἢ
2709 3015 3086 3093 ἷατρεύονται

704 3118 754 3182 οἱ
805 3115 1140 3191 κάμνοντες
1187 3118 1382 3194 κ.τ.ἕ.,
1445 3118 1558 3182 ubi
1602 3116 1658 3181 A
1713 3119 2096 3195 κυβερνῶνται
2150 3157 2233 3167 -
2282 3120 2637 3199 ἰατρεύοντα
2694 3121 2986 3197 exhibet,
3052 3141 3090 3184 a

707 3241 832 3306 qua
889 3221 1158 3287 lectione
1219 3223 1543 3307 profectus
1606 3246 1668 3289 v.
1707 3223 1783 3288 cl.
1835 3224 2143 3289 Richards
2205 3246 2426 3309 nuper,
2494 3225 2650 3289 dum
2709 3228 2778 3288 in
2826 3246 3092 3309 sequen-

703 3328 880 3393 tibus
939 3349 1054 3412 pro
1119 3330 1381 3408 ἑνεργοίη
1446 3330 1787 3393 substituit
1849 3330 2166 3408 ἕνεργοίην,
2233 3334 2358 3395 toti
2427 3333 2619 3415 capiti
2678 3329 2890 3395 lucem
2938 3330 3087 3395 affu-

707 3432 835 3509 dit3
898 3440 1223 3517 praeterea
1286 3434 1557 3499 conferri
1619 3441 1890 3520 possunt
1933 3435 2089 3513 loci,
2139 3434 2356 3519 quales
2404 3442 2574 3503 sunt.
2596 3434 2703 3498 VI.
2754 3434 2859 3513 64,
2909 3434 3081 3499 VIII.

708 3536 814 3614 37,
863 3536 948 3601 43
981 3539 1047 3615 ¹).

797 3750 970 3816 Haec
1030 3771 1230 3835 pauca
1302 3750 1377 3816 de
1443 3751 1673 3816 codicis
1740 3753 1795 3815 A
1859 3752 2039 3816 vitiis
2100 3752 2597 3835 virtutibusque.
2662 3751 2861 3816 Plura
2913 3753 3087 3816 enim

779 4028 828 4086 1)
864 4026 1063 4075 Exstant
1096 4024 1222 4073 haud
1257 4024 1395 4089 pauci
1430 4023 1540 4081 loci,
1573 4022 1656 4085 qui
1689 4022 1742 4071 111
1776 4024 1913 4071 textu
1947 4024 2137 4087 recepto
2170 4022 2374 4087 speciem
2410 4023 2619 4086 aliquam
2652 4022 2944 4085 integritatis
2972 4039 3089 4087 prae

705 4123 754 4157 se
801 4108 978 4165 ferunt,
1026 4105 1105 4153 ubi
1149 4110 1308 4154 tamen
1355 4105 1497 4153 lectio
1544 4104 1646 4153 cod.
1691 4107 1733 4151 Δ
1782 4119 1809 4151 a
1844 4103 2038 4166 vulgata
2074 4104 2341 4169 discrepans
2376 4105 2548 4153 vitium
2583 4106 2766 4167 arguit3
2804 4104 2865 4152 cf.
2899 4103 2986 4154 IV.
3027 4106 3089 4153 12

707 4186 1038 4249 παραπλήσια
1070 4204 1114 4237 v.
1149 4185 1464 4247 πτεροῖσι-κίονος
1496 4187 1562 4243 Δ;
1617 4186 1705 4233 VI.
1743 4185 1806 4233 25
1843 4182 1912 4231 ’ἔνι
1947 4200 2008 4231 τε
2042 4184 2135 4232 καί
2164 4201 2204 4233 v.
2243 4184 2313 4232 ’ένι
2351 4201 2411 4233 τε
2445 4183 2529 4233 καὶ
2562 4188 2778 4246 γεννητῷ
2816 4188 2872 4233 Δ.
2908 4184 2985 4233 Sic
3019 4184 3091 4233 in-

705 4269 844 4332 genio
886 4270 1165 4317 criticorum
1197 4267 1560 4316 commendatos
1594 4265 1704 4313 volo
1739 4264 1866 4313 locos
1899 4265 2002 4323 hos,
2034 4266 2117 4329 qui
2151 4266 2363 4315 nondum
2396 4266 2447 4315 in
2481 4266 2795 4330 suspicionem
2831 4271 3090 4315 venerunt:

705 4349 762 4398 V.
800 4352 830 4399 6
873 4349 957 4397 οὐκ
1008 4346 1277 4410 ἐπιβοᾶται
1328 4364 1368 4397 v.
1414 4347 1741 4410 applauditur,
1789 4361 1912 4408 quae
1957 4362 2048 4395 vox
2097 4346 2211 4395 hinc
2262 4347 2402 4412 plane
2448 4344 2604 4396 aliena
2650 4351 2739 4405 est,
2786 4346 2865 4395 ubi
2903 4348 2945 4395 A
2981 4350 3093 4395 ἐπι-

705 4434 902 4478 σπᾶται
947 4432 1151 4495 profcrt;
1199 4430 1312 4478 ibid.
1348 4430 1412 4477 32
1449 4425 1765 4489 συγχέουσιν
1812 4444 1856 4475 v.
1893 4425 2187 4489 σύγχρωσιν
2224 4431 2289 4486 Δ;
2330 4427 2463 4478 VIII.
2498 4430 2562 4478 54
2605 4433 2676 4491 τῷ
2712 4426 2908 4477 σπάσαι
2946 4426 3095 4477 δυνα-

706 4510 836 4572 μένῳ
870 4529 913 4560 v.
949 4515 1020 4572 τῷ
1056 4514 1216 4559 πᾶσαι
1249 4508 1498 4569 δυναμένῳ
1538 4513 1596 4557 A.
