3392 5384
765 1028 908 1121 DE
961 1027 1516 1147 ΟΟΜΜΕΝΤΙ
1574 1028 2169 1122 DONA'PIANI
2230 1031 3005 1125 COMPOSI'PIONE

1560 1166 1691 1260 ΕΤ
1747 1169 2213 1262 ORIGINE.

1770 1392 2020 1434 sompsl'r

1489 1544 1576 1609 H.
1641 1544 1714 1611 Τ.
1776 1545 2289 1613 KARSTEN.

1359 1696 1835 1777 (Continuantur
1896 1723 1969 1763 etc
2022 1724 2165 1783 paq.
2227 1700 2408 1783 249).

1718 1954 2037 1999 —4-0-0—
2101 1989 2107 1994 .

773 2167 1118 2235 Scholia
1166 2170 1388 2235 varii
1433 2171 1778 2256 generis
1823 2170 1916 2236 ab
1962 2169 2314 2237 Editore
2362 2170 2871 2257 praesertim
2918 2171 2995 2236 in

1148 2274 1684 2342 Phormionis
1731 2282 2289 2343 commentum
2336 2275 2617 2343 illata.

773 2458 945 2525 Prol.
993 2456 1082 2524 20
1150 2458 1514 2526 Benedictis
1559 2462 1614 2526 si
1661 2465 1965 2527 certasset
2011 2459 2295 2527 audisset
2341 2460 2502 2526 bene

775 2566 938 2632 Don.
980 2566 1076 2648 (l)
1123 2566 1295 2632 Bene
1337 2568 1749 2647 ,‚certasset’',
1790 2570 1942 2653 quia
1983 2587 2177 2653 supra
2212 2572 2335 2646 (vs.
2366 2566 2479 2645 16)
2518 2566 2681 2631 dixit
2725 2568 2833 2645 „in
2858 2565 3071 2633 medio

675 2672 986 2739 'omnibus
1046 2672 1329 2758 palmam
1392 2694 1528 2739 esse
1590 2674 1939 2759 positam’',
1990 2711 2075 2723 —
2123 2675 2308 2759 quasi
2368 2671 2569 2737 dicat:
2633 2663 2939 2759 quicquid
2999 2674 3069 2739 in

679 2786 1002 2845 certamen
1048 2781 1333 2857 venerit,
1381 2781 1447 2844 in
1494 2800 1566 2845 eo
1613 2778 1959 2845 vincendos
2004 2778 2291 2845 aemulos
2338 2799 2493 2845 esse.
2634 2778 2732 2859 (2)
2785 2776 3073 2857 „Gertas-

678 2885 920 2951 tasset’'
983 2883 1122 2949 ἀντὶ
1189 2888 1296 2948 τοῦ
1361 2886 1891 2972 ,‚provocasset’':
1956 2885 2035 2951 ab
2082 2906 2155 2951 eo
2203 2884 2373 2971 quod
2417 2882 2739 2971 praecedit
2783 2884 2851 2949 id
2897 2884 3068 2970 quod

677 2992 990 3077 sequitur.
1029 2988 1354 3077 Vergilius
1398 3014 1554 3070 „nec
1593 2997 1656 3057 te
1695 2996 1966 3056 certasse
2008 2994 2285 3077 priorem
2326 2991 2693 3077 poeniteat''
2722 2988 2965 3072 (1548)
2997 2988 3065 3072 ¹).

768 3095 1189 3183 Nequaquam
1234 3118 1466 3163 verum
1515 3104 1611 3163 est
1663 3098 2050 3175 „certasset”
2100 3097 2164 3162 h.
2189 3095 2235 3162 1.
2285 3096 2643 3184 significare
2696 3116 3070 3182 „provocas-

675 3202 839 3282 set’',
880 3224 1083 3290 neque
1120 3203 1276 3269 haec
1315 3207 1628 3271 sententia
1673 3204 1803 3269 fuit
1849 3202 2117 3281 Donati,
2168 3208 2243 3267 ut
2290 3202 2566 3268 ostendit
2605 3202 2924 3268 scholium
2950 3202 3066 3283 (1).

675 3309 922 3375 Eadem
984 3313 1412 3397 repugnantia
1474 3316 1570 3377 est
1612 3313 1682 3375 in
1730 3310 1987 3376 scholiis
2036 3310 2114 3375 ad
2158 3309 2373 3375 locum
2422 3306 2717 3394 Vergilii,
2766 3308 2878 3374 ubi
2926 3314 3070 3395 post

675 3414 1015 3493 Servium,
1080 3419 1192 3503 qui
1245 3418 1453 3503 igitur
1498 3420 1931 3503 repraesentat
1951 3416 2573 3502 ‚interpretationem
2625 3413 2899 3493 Donati,
2950 3414 3071 3480 Da-

676 3521 828 3587 niel.
877 3524 970 3588 sic
1017 3525 1267 3609 pergit:
1315 3522 1478 3590 Sane
1525 3531 1801 3589 certasse
1848 3522 2113 3609 quidam
2160 3542 2534 3611 provocasse
2582 3523 2940 3607 accipiunt,
2992 3528 3067 3587 ut

675 3627 1012 3694 Terentius
1065 3626 1428 3706 „beneficiis
1475 3630 1532 3694 si
1577 3635 1883 3695 certasset
1930 3630 2213 3695 audisset
2259 3627 2483 3693 bene”.
2622 3626 2709 3693 Et
2753 3628 2903 3693 hinc
2941 3628 3067 3694 for-

675 3739 842 3801 tasse
887 3734 1006 3799 Ed.
1057 3756 1251 3799 suum
1299 3738 1616 3821 sumpsit,
1666 3735 1903 3801 addens
1949 3756 2162 3801 caram
2210 3735 2335 3801 sibi
2380 3732 2765 3812 formulam,
2814 3734 2892 3799 de
2939 3755 3064 3822 qua

674 3841 822 3908 vide
881 3861 1074 3927 supra
1133 3862 1194 3927 p.
1247 3840 1380 3907 227
1442 3842 1521 3908 ad
1583 3842 1752 3907 Eun.
1800 3840 1888 3907 lV
1938 3842 1997 3908 6.
2028 3840 2136 3907 24.
2229 3840 2364 3905 Nec
2425 3862 2552 3905 non
2606 3831 2816 3905 eidem
2862 3842 3064 3906 tribu-

673 3946 914 4013 endum
975 3947 1237 4015 videtur
1284 3932 1808 4014 ‘additamentum
1874 3950 1941 4013 in
2003 3948 2100 4028 (1)
2162 3948 2385 4034 „quasi
2432 3944 2643 4011 dicat'’
2690 3952 2863 4025 cet-t„
2910 3969 3061 4013 nam

671 4053 838 4119 nihil
885 4054 1012 4120 tale
1061 4055 1300 4121 dicitur
1347 4062 1462 4121 aut
1505 4058 1803 4121 innuitur
1849 4058 1914 4119 in
1965 4060 2150 4121 textu
2197 4059 2310 4120 aut
2354 4056 2423 4118 in
2471 4054 2685 4119 verbis
2738 4052 2992 4119 Donati.

762 4160 924 4227 Ibid.
975 4160 1062 4227 23
1133 4160 1228 4227 De
1274 4160 1390 4227 illo
1435 4165 1567 4227 iam
1614 4162 1811 4228 finem
1856 4162 2087 4227 faciam
2135 4160 2396 4226 dicundi
2442 4161 2627 4238 mihi,

1125 4268 1436 4335 Peccandi
1482 4290 1632 4335 cum
1677 4272 1816 4355 ipse
1862 4268 1940 4334 de
1986 4290 2053 4334 se
2100 4267 2311 4343 finem*
2338 4288 2464 4333 non
2510 4266 2667 4333 facit

761 4374 1332 4454 (D‘Maledicendi
1377 4396 1456 4441 an
1504 4372 1847 4463 pecca-ndi?
1985 4375 2084 4455 (2)
2131 4374 2323 4439 Prius
2371 4394 2523 4460 ego,
2572 4375 2815 4460 inquit,
2864 4371 3057 4437 finem

739 4575 795 4639 1)
829 4576 1033 4623 Prorsus
1063 4574 1190 4623 idem
1225 4574 1404 4637 legitur
1437 4573 1490 4623 in
1523 4573 1683 4623 Schol.
1720 4571 1883 4647 Bemb.
1925 4573 2095 4623 Herm.
2130 4572 2183 4622 ΙΙ
2220 4571 2336 4647 377,
