3392 5384
727 415 860 484 222
1790 431 2105 481 nonnus.
2175 433 2181 439 ·

906 598 1030 666 Sed
1067 597 1231 664 nihil
1271 603 1518 684 potesse
1530 619 1546 678 ;
1594 619 1819 664 verum
1860 601 2130 665 miserae
2168 620 2294 664 non
2331 601 2397 664 in
2438 604 2723 666 mentem
2766 607 3031 668 venerat

815 707 976 772 Post
1010 709 1600 792 interpretationem
1643 704 1876 771 Donati
1915 706 2045 771 IP:
2087 706 2182 788 (6)
2223 707 2322 771 Au
2364 706 2542 772 aliud
2581 711 2800 773 nonin
2824 715 3105 775 mentem

723 820 1020 892 venerat,
1081 835 1206 878 non
1267 812 1510 878 scilicet
1567 813 1891 878 facturum
1954 813 2148 878 fuisse
2205 814 2371 898 quod
2420 812 2615 879 fecit?
2730 813 3108 882 Coniectura

724 919 914 999 falsa,
984 921 1090 984 cui
1159 919 1479 1004 praecedit
1548 917 1714 982 alius
1783 921 2082 1005 magistri
2153 918 2495 1006 explicatio
2566 941 2825 1005 prorsus
2899 923 3107 988 fatua:

723 1028 818 1108 (5)
871 1025 986 1106 „Iu
1033 1047 1121 1091 m.
1171 1049 1234 1090 n.
1283 1025 1501 1091 venit'’
1552 1047 1673 1089 non
1726 1025 1895 1110 quod
1943 1027 2308 1104 audieram,
2361 1027 2469 1091 sed
2520 1027 2689 1112 quod
2739 1030 2845 1093 hie
2895 1029 3069 1094 fecit.

816 1132 908 1199 De
970 1131 1228 1198 scholiis
1290 1131 1386 1212 (2)
1427 1153 1561 1216 sqq.
1629 1138 1693 1196 et
1756 1129 1853 1213 (7)
1899 1132 2047 1197 vide
2098 1132 2343 1198 Mnem.
2394 1132 2685 1198 XXXIII
2734 1157 2798 1220 p.
2850 1135 2987 1200 256
3016 1157 3103 1220 sq.

724 1246 789 1306 et
850 1261 1042 1327 supra
1103 1260 1165 1325 p.
1215 1237 1323 1303 22.
1395 1236 1695 1304 Ceterum
1762 1238 1987 1304 Editor
2049 1238 2364 1304 scholium
2426 1261 2619 1304 suum
2668 1240 2763 1323 (6)
2812 1247 3113 1326 posuerat

722 1352 866 1433 post
925 1345 1034 1427 (3)·
1080 1344 1314 1410 Donati
1329 1365 1344 1422 ;
1411 1341 1811 1430 Compilator
1859 1345 2119 1410 demum
2167 1348 2438 1412 inseruit
2485 1353 2856 1434 excerptum
2912 1348 3009 1430 (4)
3054 1353 3115 1412 et

721 1449 1312 1520 adnotatiunculam
1363 1449 1477 1533 (5).

812 1699 901 1764 IV
950 1697 1012 1763 4.
1041 1697 1080 1763 2
1151 1695 1378 1775 Prodi,
1428 1695 1598 1762 male
1645 1694 2016 1762 conciliate!

813 1805 1102 1870 Donatus
1131 1806 1227 1868 ·in
1292 1803 1388 1884 (3)
1450 1801 1794 1868 declaravit
1860 1803 2013 1888 quid
2080 1805 2164 1868 sit
2230 1803 2438 1881 „male
2486 1804 2889 1870 conciliate’'.
2942 1804 3107 1870 'I'um

723 1913 821 1980 IP
862 1913 1109 1979 addidit
1143 1913 1306 1976 hanc
1346 1910 1697 1976 doctrinam
1744 1910 1928 1976 valde
1964 1917 2357 1996 suspectam:
2398 1911 2494 1993 (5)
2520 1911 2746 1976 Omnis
2770 1914 3111 1979 conventio

721 2023 1228 2104 uniuscuiusque
1265 2017 1371 2098 (cf.
1416 2038 1547 2082 var.
1588 2016 1662 2098 l.)
1703 2019 2047 2102 unicuique
2095 2017 2599 2084 conciliatio
2645 2021 3019 2086 nominatur
3051 2017 3111 2100 ¹).

723 2127 980 2194 Scholia
1027 2127 1182 2216 (4):·
1219 2125 1394 2211 Ergo
1445 2146 1573 2201 „m.
1624 2124 1723 2189 c.''
1788 2145 2026 2210 magno
2090 2131 2303 2211 empte
2356 2125 2710 2213 significat,
2792 2134 2857 2193 et
2905 2128 3002 2210 (5)
3048 2129 3112 2190 in

721 2236 879 2301 fine:
963 2231 1481 2311 „Conciliatum”
1553 2252 1709 2318 ergo
1780 2252 2017 2318 magno
2090 2238 2417 2317 emptum,
2493 2233 2839 2299 ostendunt
2909 2254 3112 2320 genus

725 2338 1393 2408 conclusiuncularum
1440 2339 1503 2400 in
1554 2336 1733 2401 codd.
1784 2337 2221 2424 marginibuS,
2272 2337 2561 2403 debitum
2610 2339 3024 2426 magistelliS.

816 2448 975 2514 Ibid.
1029 2445 1132 2512 14.
1203 2444 1322 2510 1116
1372 2449 1509 2510 erat
1555 2444 1822 2509 honesta
1867 2444 2028 2510 facie

816 2557 912 2638 (1)
977 2557 1072 2634 Τῷ
1123 2553 1446 2631 Ξδιωτισμῷ
1510 2537 1732 2629 „erat”
1780 2554 1962 2637 quasi
2011 2551 2086 2616 de
2134 2558 2412 2617 mortuo.
2505 2551 2863 2639 Hucusque
2912 2553 3110 2619 Dona-

721 2670 865 2729 tum
927 2680 1238 2748 agnoscO,
1307 2657 1414 2723 sed
1478 2678 1602 2721 non
1650 2657 1961 2744 intellego
2011 2679 2171 2742 quae
2219 2664 2611 2744 sequuntur:
2663 2665 2777 2724 aut
2824 2661 2942 2745 qui
2986 2680 3105 2723 non

723 2775 854 2849 est,
905 2767 1148 2833 scilicet-
1191 2764 1454 2841 Thaidi,
1505 2767 1656 2849 quia
1705 2764 1898 2851 fugit.

812 2874 973 2941 Ibid.
1030 2871 1112 2937 18
1183 2871 1376 2949 Tace,
1427 2870 1683 2936 obsecro

814 2981 909 3062 (l)
972 2980 1138 3065 Apte
1202 2976 1450 3041 dictum
1513 2982 1610 3040 est
1672 2976 1895 3055 „tace”
1961 2976 2239 3042 femineo
2295 2979 2622 3043 stomacho
2652 2981 2852 3064 'quasi
2896 2981 3108 3064 impu-

723 3089 944 3153 denter
1008 3086 1329 3150 assistenti
1392 3083 1632 3148 formae
1698 3084 2029 3168 improbae
2092 3089 2203 3164 (sc.
2254 3085 2560 3165 eunuchi)
2619 3091 2683 3150 et
2728 3092 3110 3172 argumenta

720 3195 998 3260 inaniter
1041 3193 1578 3277 pertinaciterque
1615 3191 1961 3255 invocanti.
2071 3190 2167 3272 (2)
2216 3190 2309 3257 De
2357 3191 2815 3258 consuetudine
2864 3193 3104 3258 dictum

721 3305 818 3368 est
868 3300 1089 3379 „tace”
1140 3304 1204 3364 et
1248 3299 1407 3363 bene
1454 3297 1744 3362 additum
1798 3297 2162 3375 ‚,obsecro''‚
2210 3318 2291 3362 116
2344 3297 2569 3376 „tace”
2617 3301 2830 3384 ipsum
2870 3299 3108 3365 videre·

719 3414 831 3474 tur
874 3408 1130 3472 iniuria.

811 3514 1050 3579 Utrum
1113 3512 1346 3576 horum
1405 3508 1906 3597 interpolatum?
1965 3508 2165 3576 Credo
2214 3511 2309 3590 (1)
2357 3517 2617 3597 propter
2663 3513 2969 3576 orationis
3016 3515 3105 3574 tu-

719 3641 968 3688 morem
1013 3621 1080 3683 in
1129 3640 1196 3682 re
1243 3615 1546 3702 simplici.

808 3726 950 3791 Ibid
993 3725 1080 3790 20
1129 3722 1409 3790 Chaerea
1455 3744 1491 3788 a
1539 3723 1784 3809 Pythia
1830 3726 2041 3789 iuvit-a
2086 3722 2387 3788 laudatur
2432 3729 2766 3809 tamquam

2025 3828 2563 3894 Adulescentulus

1128 3933 1331 4018 Quem
1378 3941 1450 4000 tu
1500 3936 1719 4001 videre
1766 3956 1917 4000 vero
1968 3934 2203 4015 velles,
2254 3936 2592 4001 Phaedria.

1123 4044 1258 4126 ‚Hie
1301 4042 1562 4124 (Dorus)
1611 4047 1707 4107 est
1754 4043 2001 4119 vietuS,
2052 4047 2269 4119 vome,
2319 4049 2690 4108 veternosus
2738 4064 2927 4108 senex

809 4151 1016 4240 Lepor
1060 4151 1183 4216 loci
1228 4152 1474 4234 positus
1523 4153 1620 4212 est
1661 4150 1732 4211 iu
1781 4168 1892 4224 e0,
1945 4147 2112 4232 quod
2158 4169 2270 4213 nec
2318 4148 2591 4236 Pythias
2638 4170 2752 4215 nec
2799 4147 3101 4215 Phaedria

719 4263 902 4326 novit
937 4280 1106 4337 eum,
1151 4259 1261 4343 qui
1300 4252 1622 4330 laudatur,
1666 4274 1801 4318 6666
1839 4253 2036 4318 11111116
2075 4254 2339 4321 fratrem
2362 4303 2378 4334 ,
2423 4277 2536 4322 nec
2576 4278 2700 4321 non
2734 4258 2802 4320 in
2841 4277 2914 4322 eo
2939 4250 3097 4341 quod

785 4565 842 4630 1)
893 4563 974 4614 Eu
991 4561 1206 4628 graph
1225 4561 1242 4610 ἰ
1263 4576 1356 4610 un:
1397 4573 1487 4608 nm.
1523 4557 1600 4608 c.”
1632 4557 1759 4608 male
1794 4561 1977 4626 empto,
2009 4574 2123 4610 nam
2158 4558 2423 4612 concilium·
2450 4560 2690 4611 nundinas
2722 4560 2939 4612 dicimus.
