3392 5384
763 391 891 457 144
1606 399 1610 404 ’
1766 405 2138 456 ramorum.

757 599 916 647 τινος
964 573 1059 638 δεῖ
1101 595 1224 638 non
1274 573 1690 651 σκώμματος,
1742 572 1851 638 sed
1897 571 2396 648 σκέμματος.
2446 572 2616 639 Hinc
2658 575 2855 639 etiam
2892 575 3151 661 Euthy-

757 682 918 767 phro
967 679 1334 764 respondet:
1379 679 1509 754 ἐμοὶ
1561 678 1622 742 δὲ
1674 679 1841 742 δοκεῖ
1883 677 2103 757 σχεδόν
2154 702 2211 741 τι
2255 682 2361 742 τοῦ
2401 680 2591 742 αὐτοῦ
2639 679 3148 756 σκώμματος

757 787 987 852 δεῖσθαι
1037 787 1120 848 τοὶ
1168 785 1520 862 λεγόμενα,
1573 783 1682 848 sed
1730 783 1988 848 ridiculi
2027 783 2189 847 nihil
2225 787 2492 868 agnovit
2530 786 2595 848 in
2638 787 2849 851 verbis
2884 784 3154 871 lepidis-

757 895 910 959 simi
948 894 1116 956 senis
1155 899 1218 955 et
1253 891 1358 955 hic
1393 911 1644 975 quoque
1682 894 1963 974 praestat
2004 889 2508 965 σκέμματος.
2558 889 2717 956 Vide
2756 891 3148 957 vocabulum

755 1018 1016 1084 prorsus
1067 997 1289 1061 eodem
1337 996 1524 1060 modo
1572 1001 1955 1080 usurpatum
2005 993 2164 1062 Crit.
2219 995 2341 1060 48:
2391 997 2479 1072 μὴ
2531 1002 2740 1060 ταῦτα
2790 997 3145 1075 σκέμματα

758 1101 792 1186 ᾖ
843 1107 959 1169 τῶν
1005 1103 1219 1184 ῥᾳδίως
1267 1101 1769 1177 ἀποκτιννύντων,
1827 1101 1983 1186 Rep.
2032 1099 2119 1164 IV
2161 1099 2398 1167 435G:
2452 1102 2533 1171 εἷς
2586 1107 2830 1181 Φαῦλον
2878 1103 3145 1178 σκέμμα

756 1210 1280 1286 ἐμπεπτώκαμεν,
1344 1206 1519 1272 alibi.
1598 1207 1731 1270 Nec
1778 1206 2099 1284 Socrates,
2148 1228 2352 1292 neque
2400 1207 2787 1294 Euthyphro
2837 1209 3147 1285 σκώπτει,

755 1323 923 1380 certe
983 1318 1208 1377 neuter
1269 1311 1414 1377 vult
1474 1311 1837 1382 σκωπτόλης
1901 1297 2141 1376 haberi.
2218 1311 2410 1376 Haud
2473 1312 2759 1376 multum
2822 1313 3145 1378 dissimile

752 1428 849 1486 est
895 1419 1064 1505 quod
1108 1418 1273 1481 mihi
1317 1417 1753 1481 observavisse
1800 1416 2019 1481 videor
2064 1418 2284 1480 Mnem.
2340 1415 2513 1482 1897
2563 1439 2624 1502 p.
2679 1418 2757 1483 71
2813 1419 2893 1482 ad
2934 1419 3149 1482 Xeno-

753 1527 1012 1611 phontis
1080 1521 1434 1587 Memorab.
1509 1520 1569 1585 3.
1615 1519 1674 1585 6.
1724 1521 1829 1584 12.
1913 1521 2196 1605 Negarat
2268 1517 2512 1586 Glauco
2590 1544 2657 1587 se
2737 1529 3143 1607 praesentem

751 1632 1127 1716 cognovisse
1185 1629 1559 1692 Laureotica
1619 1624 1883 1690 metalla
1930 1631 1993 1690 et
2040 1627 2525 1712 negligentiam
2555 1630 2649 1692 ita
2697 1628 2983 1695 Socrates
3038 1651 3139 1694 ex-

753 1743 962 1801 cusat:
1032 1735 1134 1799 καὶ
1187 1735 1314 1810 γὰρ
1363 1735 1429 1805 νὴ
1483 1733 1606 1796 Διά
1654 1731 1915 1808 λέγεται
1964 1732 2130 1809 βαρὺ
2180 1733 2247 1795 τὸ
2295 1734 2509 1812 χωρίον
2559 1729 2735 1812 εἶναι,
2784 1734 2934 1812 ὥςε,
2984 1733 3139 1798 ὅταν

752 1842 886 1921 περὶ
951 1841 1165 1904 τούτου
1228 1838 1326 1920 δέῃ
1387 1839 1859 1916 συμβουλεύειν,
1908 1837 2066 1912 αὕτη
2114 1861 2202 1902 σοι
2255 1839 2287 1912 ἡ
2339 1836 2649 1918 πρόφασις
2699 1841 2961 1916 οὶρκέσει.
3016 1841 3140 1906 Sed

751 1948 1030 2013 alienum
1101 1951 1197 2010 est
1264 1944 1433 2029 quod
1496 1943 1837 2028 respondet
1901 1939 2180 2008 Glauco:
2250 1947 2779 2022 σκώπτομαι,
2852 1967 3005 2010 nam
3073 1949 3139 2010 in

751 2053 1166 2138 sequentibus
1205 2070 1523 2134 nusquam
1562 2033 2021 2114 animadvertit
2058 2047 2383 2114 Socratem
2422 2070 2487 2114 se
2524 2049 2839 2115 ludificari
2859 2071 2875 2129 3
2908 2051 3136 2115 deinde

748 2157 915 2223 illud
986 2153 1347 2228 σκώπτομαι
1411 2175 1534 2218 non
1596 2173 1747 2217 eum
1809 2153 2087 2218 colorem
2150 2154 2361 2231 habet,
2427 2157 2538 2238 qui
2597 2157 2667 2218 in
2730 2154 3028 2220 Platonis
3076 2159 3138 2219 et

750 2263 1189 2348 Xenophontis
1257 2259 1531 2344 dialogis
1597 2266 1905 2344 perpetuo
1976 2266 2287 2336 servatur,
2358 2263 2427 2324 in
2490 2261 2722 2344 quibus
2792 2263 2918 2345 ipsi
2978 2262 3133 2325 adeo

750 2371 1072 2454 sophistae
1131 2388 1316 2451 saepe
1364 2371 1919 2450 repraesentantur
1964 2371 2266 2450 tanquam
2314 2365 2687 2430 mortalium
2736 2366 3131 2430 stultissimi.

747 2474 1098 2560 Imperitus
1145 2471 1512 2536 adulescens
1557 2470 1652 2535 nil
1701 2470 1857 2535 mali
1903 2474 2293 2556 suspicatus,
2342 2471 2589 2536 ridetur
2634 2471 2742 2536 sed
2787 2470 2953 2536 nihil
3001 2493 3136 2536 sen-

749 2581 852 2643 tit.
901 2578 1216 2663 Equidem
1265 2598 1413 2642 cum
1460 2575 1845 2642 Schneidero
1890 2578 2298 2642 commendo:
2349 2579 2795 2657 σκήψομαι.

840 2794 1162 2863 Continuo
1231 2799 1586 2877 sequuntur
1654 2791 2140 2879 Euthyphronis
2211 2795 2439 2859 verba:
2510 2795 2578 2858 τὸ
2650 2797 2776 2875 γαρ
2840 2800 3129 2877 περιιέναι

747 2901 981 2971 τούτοις
1028 2905 1208 2964 τοῦτο
1257 2900 1359 2962 καὶ
1409 2900 1497 2975 μὴ
1545 2899 1815 2975 μένειν
1867 2900 1925 2960 ἐν
1974 2901 2057 2979 τῷ
2106 2900 2273 2980 αὐτῷ
2314 2901 2419 2964 οὐκ
2462 2901 2582 2977 ἐγώ
2624 2903 2751 2978 εἶμι
2794 2902 2820 2965 ὃ
2863 2904 3130 2980 ἐντιθείς,

747 3007 858 3072 sed
918 3005 1348 3090 supplendum
1396 3011 1527 3070 est:
1579 3006 1665 3079 μῗι
1714 3003 1989 3083 (ἐθέλειν)
2036 3004 2256 3082 μένειν,
2305 3006 2851 3090 quemadmodum
2898 3015 2995 3074 ter
3048 3009 3130 3073 le·
3170 3039 3174 3046 ·

745 3115 927 3198 gitur
971 3115 1038 3177 in
1083 3113 1165 3176 iis
1213 3132 1374 3196 quae
1423 3113 1718 3197 proxime
1764 3109 2176 3196 praecedunt.

1646 3212 1687 3232 x

837 3314 996 3380 Ibid.
1067 3316 1255 3379 12A:
1321 3315 1490 3398 quod
1549 3313 1828 3400 legitur:
1894 3311 2000 3378 καὶ
2066 3315 2192 3393 γὰρ
2254 3315 2425 3379 οὐδὲ
2487 3319 2776 3394 χαλεπὸν
2842 3315 3122 3391 νοῆσαιὸ

745 3423 945 3500 λέγω,
1005 3424 1098 3485 ita
1156 3422 1419 3486 demum
1483 3421 1875 3506 significabit
1937 3422 2106 3506 quod
2167 3423 2517 3505 requiritur
2576 3425 2630 3486 si
2692 3426 3120 3508 rescripseris:

747 3529 961 3592 οὐδὲν
1010 3527 1319 3605 χαλεπόν,
1373 3528 1565 3591 sicuti
1605 3535 1702 3591 est
1747 3527 1935 3591 14E:
1982 3529 2127 3589 ἀλλ’
2170 3528 2333 3590 οὐδὲν
2375 3525 2527 3600 ἥδιον
2568 3524 2803 3604 ἔμοιγε.
2853 3528 3122 3594 Interest

742 3641 960 3698 tamen
1006 3632 1247 3717 aliquid
1295 3635 1463 3697 inter
1509 3633 1628 3696 hoc
1676 3639 1741 3696 et
1788 3631 1987 3696 illud:
2038 3633 2181 3716 quis
2230 3630 2393 3696 ferat
2432 3634 2794 3712 ὀρχούμενος
2842 3642 2950 3706 τῆς
2993 3658 3121 3698 νυκ-

743 3741 847 3810 τὸς
895 3739 1024 3803 οὐδὲ
1075 3737 1348 3801 παύεται
1396 3759 1510 3821 pro
1565 3736 1831 3821 vulgata
1875 3735 2184 3800 lectione:
2233 3734 2439 3800 οὐδένῗ
2501 3737 2775 3802 Infinitis
2821 3738 2974 3803 locis
3020 3760 3121 3803 na-

743 3843 892 3908 salis
936 3843 1125 3907 litera
1169 3845 1238 3906 in
1283 3849 1570 3906 extremo
1618 3840 1929 3905 vocabulo
1970 3843 2205 3904 omissa
2246 3847 2376 3920 est;
2418 3863 2587 3907 nunc
2626 3843 2883 3908 accedat
2922 3845 3117 3908 etiam

739 3949 920 4013 locus
981 3951 1047 4011 in
1106 3949 1375 4023 vicinia,
1427 3968 1486 4031 p.
1543 3945 1730 4012 1313:
1797 3952 2133 4031 postquam
2178 3945 2467 4012 Socrates
2516 3947 2713 4013 dixit:
2769 3949 2942 4020 δῆλον
2992 3951 3114 4026 γὰρ

743 4051 832 4118 ὅτι
884 4052 957 4116 σὺ
998 4048 1206 4130 οἶσθα,
1256 4051 1575 4129 ἐπειδήπερ
1623 4053 1707 4114 τά
1751 4076 1829 4128 γε
1870 4053 1999 4115 θεῖοι
2038 4054 2313 4119 καλλιςα
2355 4055 2477 4132 <Dim
2522 4053 2738 4118 εἰδέναι
2782 4055 3114 4132 ἀνθρώπων,

740 4159 1073 4243 respondet
1112 4157 1532 4243 Euthyphro:
1584 4157 1684 4219 καὶ
1738 4159 1936 4232 ἀληθῆ
1985 4181 2062 4233 γε
2109 4157 2354 4236 Λέγω,
2404 4159 2518 4222 ubi
2566 4162 2708 4243 quis
2754 4160 3113 4232 admonitus

739 4287 866 4330 non
910 4267 1187 4349 corriget
1232 4260 1527 4339 λέγων’.)
1576 4260 1880 4330 Ceterum
1920 4263 2387 4329 Herwerdenus
2426 4286 2677 4351 quoque
2716 4268 2938 4331 οὐδὲν
2975 4287 3111 4352 pro-

738 4370 949 4446 bavit,
997 4369 1107 4432 sed
1151 4368 1325 4432 haud
1371 4369 1525 4432 satis
1571 4369 1701 4432 scio
1749 4389 1827 4433 an
1875 4367 2193 4434 Christius
2239 4391 2345 4435 me
2390 4391 2514 4436 non
2561 4373 2997 4437 anteverterit.
