3392 5384
1437 414 1749 463 nonnus.
2662 394 2791 467 281

405 583 634 649 Recte:
681 603 806 647 non
854 584 1029 648 enim
1075 584 1449 661 fortuna,
1498 584 1733 668 inquit,
1786 602 2021 649 avarus
2071 585 2168 647 est
2216 580 2327 647 sed
2372 582 2697 648 natura.

332 705 336 710 ’
403 690 723 775 Lepidum
756 688 923 755 illud
963 690 1284 777 „inquit”,
1325 692 1506 775 quasi
1547 687 1714 756 Geta
1753 692 1843 755 sic
1884 685 2400 775 philosophetur!
2532 686 2789 753 Tertius

403 804 870 863 commentator
928 798 1176 863 addidit
1225 797 1321 879 (3)
1372 796 1805 883 „Ingenium”
1859 800 2158 863 omnium
2206 816 2285 860 an
2333 792 2618 860 domini?
2665 794 2792 861 Sed

407 904 652 969 domini
699 907 932 990 magis.

415 1070 426 1075 -
493 1011 654 1076 Ibid.
705 1010 794 1075 24
861 1010 1139 1076 Memini
1184 1010 1461 1098 relinqui
1509 1032 1612 1076 me
1661 1016 1725 1092 (a
1774 1012 2059 1092 senibus)
2109 1009 2227 1075 deo
2276 1012 2439 1074 irato
2486 1029 2630 1073 meo

493 1117 655 1184 Don.
720 1118 817 1199 (1)
880 1118 985 1184 Sic
1048 1116 1378 1204 Vergilius
1429 1140 1584 1196 „nec
1633 1118 1699 1182 di
1748 1123 1963 1183 texere
2010 1116 2385 1203 Cupencum
2431 1116 2644 1181 Aenea
2688 1136 2795 1179 ve-

401 1227 618 1291 niente
681 1224 830 1290 sui’'
892 1224 1046 1304 (XII
1094 1223 1274 1305 538).
1338 1224 1482 1290 Hoc
1545 1226 1770 1311 Asper,
1839 1224 1949 1289 sed
2013 1224 2179 1289 mihi
2244 1222 2503 1288 videtur
2550 1220 2631 1287 ad
2678 1221 2798 1287 1103

400 1332 717 1397 addidisse
782 1331 1036 1410 „meo'-',
1097 1353 1175 1396 ne
1223 1331 1404 1397 *esset
1466 1331 1856 1411 ἀμφίβολον,
1908 1333 2015 1413 cni
2063 1330 2301 1395 diceret
2351 1331 2559 1407 „irato
2606 1327 2795 1399 deo’'.

402 1439 685 1505 Naevius
752 1440 823 1503 in
893 1437 1228 1524 Stalagmo
1288 1445 1383 1517 ·‚,†
1443 1440 1584 1503 nisa
1629 1438 1764 1504 deo
1828 1459 1972 1503 meo
2036 1438 2312 1529 propitio
2372 1456 2557 1501 meus
2604 1434 2797 1500 homo

402 1544 566 1611 est''.
705 1544 802 1627 (2)
866 1543 1089 1623 „Deo”
1152 1544 1488 1610 domino
1553 1545 1747 1623 dicit,
1813 1564 2105 1609 anvere
2174 1540 2422 1621 „deo’'?
2559 1540 2657 1623 (3)
2704 1541 2793 1606 Et

400 1652 557 1718 bene
608 1650 962 1730 „meo'.''ne
1007 1656 1174 1717 esset
1221 1652 1608 1731 ἀμφίβολον.

421 1762 452 1769 ”
490 1757 681 1823 quta
727 1757 1090 1824 Donateum
1137 1758 1236 1838 (1)
1269 1757 1584 1827 audimus
1632 1758 1836 1841 alium
1883 1759 2275 1844 magistrum
2312 1754 2419 1821 vel
2457 1754 2788 1823 Editorem

401 1866 469 1929 in
516 1864 634 1945 (2),
683 1868 747 1929 et
793 1869 1166 1950 excerptum
1214 1863 1447 1930 Donati
1494 1867 1562 1929 in
1611 1864 1731 1946 (3).
2786 1925 2792 1930 .

417 2036 425 2045 ,
493 1971 727 2037 Donati
772 1975 870 2036 est
915 1970 1121 2036 denuo
1166 1970 1374 2037 schol..
1414 1970 1512 2053 (4)
1562 1972 1710 2055 [Et]
1752 1974 1844 2037 sic
1884 1971 2050 2035 dixit
2082 1970 2407 2047 '„memini
2444 1966 2793 2052 relinqui”‚

400 2082 477 2144 ut
535 2079 602 2142 in
663 2076 904 2142 Andria
968 2079 1281 2155 „memini
1325 2077 1585 2144 videre’'
1636 2077 1727 2159 (II
1775 2076 1836 2144 5.
1870 2077 1980 2158 18)
2028 2084 2093 2143 et
2142 2076 2455 2155 „memini
2502 2095 2606 2139 me
2653 2072 2793 2138 fieri

397 2183 684 2270 pavum’'
730 2183 1000 2248 Ennius.
1137 2182 1316 2248 Idem
1365 2184 1740 2270 exemplum
1790 2184 1950 2250 Don.
1999 2182 2256 2249 rettulit
2302 2182 2380 2247 ad
2428 2180 2627 2246 Andr.
2672 2177 2792 2256 ].l.,

399 2297 463 2357 et
531 2290 610 2356 ad
679 2288 800 2355 Ad.
850 2289 881 2354 Ι
926 2290 988 2355 2.
1017 2289 1104 2356 26
1152 2290 1278 2355 alia
1324 2291 1402 2356 de
1455 2312 1678 2356 causa:
1731 2294 1829 2372 (2)
1879 2289 2178 2370 „Fieret”
2226 2288 2533 2375 producta
2580 2288 2789 2371 prima

401 2396 670 2485 syllaba,
719 2396 968 2462 Ennius
1017 2418 1149 2475 „m.
1197 2419 1286 2461 m.
1336 2397 1379 2463 f.
1429 2398 1538 2483 p.''
1572 2397 1640 2478 ¹).
2178 2464 2183 2470 ,

492 2502 728 2573 Contra
786 2504 1104 2589 Asprum,
1169 2506 1280 2588 qui
1342 2504 1571 2582 „meo”
1634 2524 1891 2569 merum
1954 2504 2385 2589 possessivum
2434 2518 2786 2586 pronomen

397 2596 528 2677 esse
601 2610 1013 2677 existimabat
1079 2615 1156 2674 ut
1222 2612 1292 2675 in
1352 2610 1648 2696 exemplo
1712 2609 2119 2696 Vergiliano,
2187 2608 2477 2673 Donatus
2538 2605 2783 2691 profert

395 2718 765 2804 exemplum
828 2717 1094 2794 Naevii,
1156 2718 1270 2782 ubi
1319 2717 1550 2795 „meo”
1599 2718 1730 2783 fere
1776 2720 1863 2782 sit
1910 2715 2161 2796 „mihi”
2211 2721 2275 2781 et
2324 2714 2493 2780 κατὰ
2543 2711 2780 2776 συνέσιν

393 2828 590 2890 etiam
659 2823 928 2910 pendeat
1000 2844 1037 2889 a
1110 2823 1497 2909 „propitio'.',
1569 2830 1644 2889 ut
1708 2824 1879 2912 apud
1942 2824 2318 2889 Terentium
2378 2822 2453 2887 ab
2506 2816 2792 2899 ,‚irato'’..

395 2932 816 2996 Manifestum
863 2936 993 3009 est,
1043 2930 1414 3016 exemplum
1463 2930 1869 2997 Naevianum
1916 2931 1994 2997 ab
2040 2933 2179 3017 ipso
2226 2928 2497 3007 Donato,
2538 2948 2665 2991 non
2705 2924 2783 2990 ab

396 3038 632 3122 Aspro,
706 3036 786 3101 ad
854 3036 1024 3100 hunc
1092 3035 1307 3101 locum
1372 3035 1645 3102 allatum
1710 3058 1843 3103 esse
1879 3037 1954 3117 ²).
2028 3034 2275 3102 Similis
2337 3033 2783 3118 interpretatio

394 3142 644 3229 legitur
687 3144 758 3206 in
803 3141 1046 3206 scholio
1093 3142 1252 3207 Dan.
1303 3142 1382 3206 ad
1433 3144 1586 3207 Aen.
1638 3142 1701 3207 Π
1750 3141 1881 3208 396
1934 3142 2170 3220 „Haud
2218 3142 2483 3206 numine
2523 3136 2781 3203 nostro'’

464 3401 519 3466 1)
553 3401 799 3450 Donatum
834 3402 982 3449 semet
1016 3400 1173 3465 ipsum
1207 3400 1394 3465 saepius
1430 3399 1704 3471 repetivisse
1735 3401 1795 3448 ad
1830 3399 2041 3463 singulas
2071 3397 2255 3448 fabulas
2285 3398 2381 3447 iam
2408 3412 2553 3461 supra
2583 3393 2789 3453 ostendi,

391 3499 502 3533 eum
539 3484 597 3531 de
631 3480 995 3547 repetitionibus
1029 3498 1233 3546 agerem.
1321 3482 1571 3545 Regulam,
1605 3498 1750 3546 quam
1788 3483 2151 3530 wesenerus
2185 3480 2347 3546 posuit
2374 3482 2422 3527 et
2451 3480 2510 3527 ad
2540 3477 2626 3527 hos
2654 3477 2782 3526 locos

393 3564 627 3629 applicuit
669 3566 821 3626 (Aem.
858 3565 971 3629 Asp.
1007 3581 1052 3630 p.
1091 3564 1204 3626 36):
1258 3565 1598 3627 »Auszugehen
1634 3564 1697 3613 ist
1729 3580 1821 3613 von
1858 3563 1964 3612 dem
2000 3563 2286 3622 Grundsatz,
2319 3563 2440 3623 dass,
2473 3577 2557 3625 wo⁵
2578 3558 2779 3609 dieselbe

392 3646 668 3712 Erkliirung
713 3646 923 3696 zweimal
969 3646 1190 3711 vorliegt,
1236 3647 1489 3711 gleichviel
1535 3647 1595 3696 ob
1643 3648 1721 3696 die
1756 3648 1900 3696 Form
1937 3646 2020 3695 der
2054 3645 2275 3695 Scholien
2309 3644 2529 3693 1161111311
2562 3642 2780 3693 iiberein-

390 3730 578 3779 stimmt
623 3730 737 3779 oder
782 3729 932 3788 nicht,
968 3728 1097 3779 diese
1133 3730 1406 3792 Erklarung
1441 3745 1525 3780 aus
1560 3730 1667 3778 dem
1702 3728 1913 3778 zweimal
1948 3727 2271 3793 exzerpierten
2309 3726 2779 3776 Donatkommentar

389 3812 636 3871 stammt”.
686 3816 793 3879 post
827 3828 882 3862 ea
916 3829 1038 3876 quae
1071 3812 1123 3861 in
1157 3812 1451 3879 praefatione
1486 3812 1836 3877 disquisitionis
1869 3812 2063 3877 exposui
2098 3811 2315 3860 refellere
2352 3809 2645 3875 supersedeo.

457 3895 592 3945 Idem
643 3896 860 3961 loquitur
903 3896 962 3945 de
1011 3899 1414 3949 ,commentatore
1459 3893 1636 3959 Ego”‚.
1663 3896 1739 3944 cui
1786 3898 1978 3946 tantum
2026 3910 2124 3943 non
2160 3893 2321 3942 omnia
2354 3891 2536 3941 scholia
2566 3905 2653 3956 per
2686 3905 2782 3954 eqo,

390 3978 510 4027 mihi
535 3979 718 4027 videtur
744 3978 849 4027 sim.
886 3978 1142 4028 tribuenda
1174 3978 1271 4027 sint
1307 3977 1441 4037 (ibid.
1475 3994 1519 4042 p.
1544 3977 1623 4036 37,
1645 3978 1711 4027 88
1728 3977 1878 4041 adm),
1915 3978 1995 4025 sed
2034 3977 2123 4025 hoc
2162 3976 2266 4025 loco
2304 3978 2375 4025 est
2411 3975 2511 4040 ipse
2549 3976 2781 4031 Donatus,

391 4064 448 4111 ut
509 4062 567 4109 ad
630 4062 779 4109 Andr.
825 4059 907 4109 111
943 4060 1146 4122 2.1(4)‚
1193 4060 1315 4111 Eun.
1365 4058 1434 4109 IV
1467 4062 1500 4109 4
1537 4061 1601 4110 22
1620 4060 1707 4121 (2),
1742 4058 1992 4121 7.16(2);
2056 4056 2169 4106 alibi
2224 4061 2386 4106 autem
2440 4054 2781 4121 Interpolutor,

390 4143 522 4192 velut
580 4143 638 4191 ad
697 4142 846 4192 Andr.
893 4141 951 4190 11
996 4140 1213 4206 4.7(5).
1276 4142 1402 4191 Eun.
1433 4140 1476 4187 V
1518 4140 1603 4191 Ι.·7
1623 4141 1722 4207 (2),
1772 4142 1817 4189 8.
1838 4140 1991 4202 49(9)
2058 4142 2166 4188 ,3311
2220 4139 2339 4189 mihi
2400 4135 2637 4189 videtur''.
2700 4136 2776 4187 cf.

389 4227 575 4275 Mnem.
613 4223 828 4274 XXXIII
863 4240 910 4289 p.
947 4223 1063 4274 223.
1862 4264 1867 4267 .

453 4306 509 4370 2)
555 4306 713 4356 Aliter
760 4306 990 4357 Wessn.
1044 4304 1094 4353 in
1148 4306 1272 4371 App.
1318 4306 1378 4355 ad
1423 4305 1471 4354 h.
1494 4304 1552 4353 l.=
1610 4286 1783 4353 ‚Fieri'
1808 4307 1968 4354 autem
2004 4304 2178 4369 potnit,
2217 4307 2271 4354 nt
2305 4303 2525 4383 IQonatus
2557 4303 2607 4352 in
2643 4303 2785 4367 Aspri

383 4392 652 4438 commento
706 4387 1007 4437 Naeviannm
1059 4387 1329 4452 exemplum
1381 4386 1623 4436 inveniret
1678 4391 1731 4436 et
1776 4402 1915 4436 suum
1956 4386 2007 4436 in
2042 4402 2182 4436 usum
2216 4383 2565 4436 converteret”.
2602 4386 2783 4435 Verum

383 4471 489 4534 ipsa
522 4470 647 4519 ratio
680 4473 728 4519 et
759 4484 978 4534 expressa
1013 4468 1189 4518 Donati
1227 4469 1369 4521 verba
1409 4468 1562 4521 »Hoc
1595 4470 1763 4534 Asper,
1801 4470 1881 4521 sed
1914 4468 2076 4521 mihi
2110 4468 2337 4521 videtuff’
2366 4471 2527 4519 vetare
2553 4468 2777 4521 videntur

385 4553 641 4623 quominus
674 4552 741 4603 sic
774 4554 1012 4619 putemus.
