3392 5384
678 385 812 450 230
1720 401 2033 452 polmus.

672 569 783 635 sed
827 569 941 635 ille
988 575 1206 635 tamen
1251 591 1378 635 non
1424 568 1714 656 neglexit
1762 571 2250 633 coniunctivum
2301 568 2683 645 „videatur”
2739 571 3064 654 imprimis

671 675 1125 760 explicandum
1172 697 1341 753 esse,
1392 675 1561 761 quod
1607 696 1737 739 non
1783 674 2086 740 viderunt
2134 677 2437 761 magistri
2481 677 2579 756 (1)
2627 681 2693 739 61
2741 675 2858 756 (2).

764 779 870 847 Sic
936 784 1143 869 igitur
1208 781 1436 846 Editor
1506 783 1796 866 primum
1864 779 2040 845 dedit
2099 791 2286 845 sua'm
2348 782 2716 865 opinionem
2778 783 2896 862 (l),
2961 784 3067 846 cui

672 886 906 973 aliquis
968 891 1280 975 magister
1348 890 1441 968 (111
1508 889 1804 972 margine
1871 889 2078 972 ipsius
2148 887 2443 952 editionis
2461 884 2511 967 ’1)
2580 890 2878 972 appinxit
2947 887 3063 968 (2),

672 1015 709 1058 a
779 992 1211 1080 Gompilatore
1280 1002 1450 1059 recte
1520 1000 1852 1078 receptum
1925 999 2072 1079 post
2139 993 2255 1074 (l),
2329 993 2557 1058 deinde
2627 993 2873 1059 scholia
2935 992 3064 1058 Do-

673 1103 840 1166 nati:
912 1100 1007 1182 (3)
1066 1101 1143 1166 de
1206 1103 1558 1177 sententia,
1630 1101 1726 1180 (4)
1792 1099 1869 1164 de
1930 1102 2248 1165 sententia
2307 1107 2374 1164 et
2419 1106 2779 1179 structura,
2845 1100 2941 1180 (5)
2989 1099 3064 1164 de

674 1213 1017 1272 structura.

760 1313 921 1378 Ibid.
977 1313 1059 1378 16
1142 1265 1435 1378 Fundam
1498 1314 1619 1377 tibi
1680 1334 1849 1377 nunc
1913 1313 2113 1376 nimis
2160 1311 2402 1378 vellem
2449 1312 2587 1378 dari
2634 1319 2710 1377 ut
2755 1312 2906 1379 illos
2957 1361 2974 1378 .
3003 1361 3019 1379 .
3051 1361 3066 1379 .

673 1440 751 1483 ex
796 1419 1045 1484 occulto
1091 1419 1415 1497 caederes,
1464 1419 1747 1484 facerent
1795 1418 2022 1504 fugam

762 1525 924 1590 Don.
987 1525 1082 1606 (3)
1152 1527 1321 1591 Mire
1383 1527 1737 1610 parasitus,
1806 1527 1957 1610 quia
2017 1524 2299 1590 militem
2347 1525 2528 1590 videt
2573 1524 2743 1590 nolle
2791 1525 2900 1590 vel
2943 1547 3070 1591 non

674 1631 903 1697 audere
964 1653 1251 1717 pugnare
1290 1631 1355 1713 ¹),
1416 1631 1761 1696 consilium
1811 1631 2310 1696 formidulosum
2358 1638 2424 1696 61
2470 1637 2700 1718 aptum
2748 1635 3072 1698 metuenti

672 1739 882 1816 dedit,
945 1737 1272 1803 subtiliter
1336 1744 1587 1816 tamen;
1654 1759 1807 1802 nam
1869 1737 2125 1802 funda
2170 1744 2499 1823 pugnant,
2548 1743 2662 1824 qui
2709 1741 3070 1804 comminus

672 1868 799 1911 non
846 1853 1115 1930 possunt
1161 1853 1226 1911 et
1271 1866 1364 1909 ex
1410 1844 1787 1922 occulto,
1837 1847 1952 1929 qui
1998 1866 2127 1908 non
2175 1843 2408 1910 audent
2454 1843 2692 1929 palam.
2831 1845 2932 1909 IP
2973 1845 3068 1926 (4)

673 1951 797 2016 Sed
835 1952 1100 2016 honesta
1134 1970 1354 2016 causa:
1395 1971 1523 2015 non
1568 1953 1762 2035 „quia
1801 1951 2162 2015 timentur''
2190 1952 2438 2035 inquit,
2465 1951 2572 2015 sed
2603 1958 2720 2028 „ut
2743 1951 3064 2036 fugiant’'‚

674 2065 1008 2142 tamquam
1052 2060 1179 2122 nisi
1224 2057 1437 2122 hostes
1484 2057 1805 2142 fugerint,
1855 2079 1978 2122 non
2025 2059 2112 2120 sit
2157 2063 2378 2122 tutum
2426 2057 2740 2122 accedere.
2895 2057 3067 2122 Satis

672 2166 1019 2229 obscurum
1062 2169 1130 2228 et
1168 2169 1417 2248 praeter
1455 2170 1732 2227 text-um.
1825 2163 2007 2227 Idem
2047 2165 2260 2248 pergit
2285 2164 2414 2244 (5):
2453 2163 2598 2228 Non
2621 2163 2788 2228 dixit
2811 2165 3064 2229 hastam

672 2278 787 2335 aut
837 2269 1125 2335 lanceam
1170 2269 1281 2334 sed
1330 2269 1707 2347 „fundam'',
1754 2290 1881 2353 qua
1923 2271 2236 2334 nimirum
2283 2270 2478 2356 longe
2522 2273 2820 2350 iactatur,
2871 2276 2945 2336 ut
2989 2293 3068 2336 ex

675 2379 795 2442 hoc
840 2375 1187 2442 intervallo
1233 2397 1539 2462 pavorem
1586 2376 1947 2440 ostenderet
1993 2397 2117 2441 non
2160 2375 2452 2441 audentis
2491 2377 2806 2443 accedere.
2921 2377 3071 2442 Par-

679 2486 800 2547 tim
848 2485 1163 2561 otiosum,
1212 2484 1452 2567 partim
1499 2481 1777 2546 relatum
1824 2503 1901 2546 ex
1951 2481 2068 2562 (3).

770 2588 1066 2654 Tertium
1128 2588 1401 2674 denique
1452 2587 1701 2654 addidit
1749 2587 1879 2668 (6):
1927 2588 2014 2652 Et
2059 2591 2223 2654 mire
2273 2589 2505 2667 „tibi'',
2555 2595 2889 2674 tamquam
2931 2592 3070 2674 ipse

674 2697 993 2780 parasitus
1040 2716 1157 2760 nec
1201 2695 1321 2759 hoc
1368 2694 1619 2759 audeat.

765 2801 943 2866 Haec
1002 2803 1210 2887 igitur
1268 2803 1604 2865 subiunxit
1666 2800 1895 2865 Editor
1955 2802 2210 2867 scholiis
2255 2800 2469 2888 longis
2517 2806 2582 2867 et
2625 2804 3070 2889 integerrimis

674 2907 909 2973 Donati
953 2928 1115 2992 quae
1161 2907 1551 2993 praecedunt
1598 2906 1694 2987 (2)
1743 2914 1810 2971 61
1857 2906 1972 2988 (3).

764 3012 924 3078 Ibid.
979 3011 1060 3078 17
1130 3012 1438 3078 Facerent
1484 3014 1715 3099 fugam

766 3118 860 3200 (2)
907 3119 1104 3184 Deest
1146 3140 1367 3184 rursus
1419 3118 1576 3198 „”ut
1628 3127 1752 3195 <ut
1795 3122 1912 3197 sit,
1963 3125 2086 3194 ut>
2136 3120 2412 3184 facerent
2451 3120 2699 3206 fugam.
2809 3119 2906 3202 (3)
2943 3118 3064 3186 Vel

658 3227 1011 3296 ,ἀσυνδετῶς
1076 3225 1356 3291 illatum.
1506 3226 1602 3307 (4)
1666 3225 2000 3291 Desiderat
2065 3227 2578 3292 coniunctionem
2641 3227 2899 3305 „enim”
2985 3233 3064 3290 ut

675 3335 793 3397 sit:
865 3333 908 3396 f.
973 3335 1148 3397 enim
1210 3332 1456 3418 fugam.
1598 3331 1692 3412 (5)
1757 3329 2152 3410 „Gaederes''
2219 3353 2334 3417 pro
2395 3276 2708 3398 caedendo
2769 3352 3062 3418 cogeres,

680 3445 851 3518 (111)
900 3439 944 3504 f.
994 3439 1244 3525 fugam.

764 3543 1009 3610 Verum
1063 3547 1350 3609 continet
1409 3544 1535 3627 (4);
1600 3546 1990 3610 conveniunt
2055 3547 2293 3629 partim
2353 3544 2452 3626 (2)
2515 3550 2580 3610 61
2623 3544 2739 3627 (5),
2789 3565 3062 3630 quarum

674 3652 795 3715 hoc
861 3650 1312 3735 Interpolatori
1378 3650 1718 3716 tribuerim
1740 3699 1757 3734 ‚
1825 3650 1991 3716 illud
2059 3651 2463 3737 magistell03
2529 3650 2625 3733 (3)
2686 3658 3063 3737 excerptum

676 3763 774 3822 est
818 3778 899 3821 ex
947 3756 1062 3837 (4).

765 3863 927 3928 Ibid.
982 3861 1065 3927 18
1133 3860 1259 3928 Sed
1304 3883 1517 3930 eccam
1563 3862 1878 3929 Thaidem
1922 3866 2134 3949 ipsam

762 3970 863 4050 (l)
935 3969 1254 4047 „Eccam”
1303 3975 1368 4035 et
1418 3971 1712 4055 „ipsam”
1764 3970 1972 4057 figura
2017 3968 2331 4049 ἔμφασις,
2383 3972 2566 4055 quasi
2611 3991 2824 4036 eccam
2873 3987 3067 4052 <cau-

674 4085 861 4151 sam>
926 4075 1082 4140 belli
1127 4084 1193 4141 et
1241 4078 1531 4161 „ipsam”
1582 4083 1801 4142 contra
1849 4097 2046 4162 quam
2092 4076 2514 4162 pugnandum
2561 4079 2666 4141 sit.
2803 4075 3066 4162 Suspec-

676 4188 820 4247 tum
865 4182 1014 4248 inde
1060 4203 1098 4248 a
1147 4184 1440 4268 ‚‚quasi”.
2543 4207 2550 4213 ·

748 4444 801 4507 1)
836 4443 913 4491 816
946 4444 1131 4492 correxi
1166 4444 1293 4508 vulg.
1328 4444 1436 4493 lect.
1478 4444 1582 4494 uvel
1618 4459 1716 4494 non
1749 4446 1892 4495 audet
1929 4443 2243 4511 repugnare”.
2281 4446 2504 4497 Ceterum
2539 4447 2598 4496 de
2631 4445 2814 4496 66110110
2841 4447 2918 4510 (2)
2953 4446 3062 4498 vide

674 4527 805 4577 infra
837 4527 889 4576 in
920 4543 1022 4592 cap.
1054 4529 1113 4576 de
1147 4525 1369 4576 fontibus.
