3392 5384
1105 434 1191 484 nn
1237 435 1560 485 nummus
1607 433 1928 485 mammo,
2586 419 2716 490 371

321 601 486 667 illud
536 601 864 687 epitheton
912 601 1184 689 elegisse
1229 603 1474 668 mirum
1523 624 1647 668 non
1698 606 1825 668 est:
1874 604 1944 667 in
1994 601 2238 668 deliciis
2286 605 2459 668 enim
2498 605 2557 669 ei
2594 626 2721 669 non

327 713 584 775 tantum
631 730 779 774 cum
827 711 1052 775 ceteris
1099 712 1302 796 poetis
1351 709 1666 775 adiectiva
1710 715 1888 774 erant
1927 709 2141 795 qualia
2180 715 2331 774 sunt
2372 711 2721 790 αὐθαίρετος

326 815 618 889 αὐθέντης
686 817 1071 904 αὖτοκρατης
1135 817 1470 896 αὐτουργός
1538 815 1814 894 similia,
1882 817 1991 881 sed
2041 819 2425 901 quaesitiore,
2472 839 2724 904 quoque

327 922 633 988 formavit
680 927 756 986 ut
801 921 992 988 RheS.
1036 921 1170 987 228
1217 943 1427 987 casam
1475 943 1638 1007 quae
1685 924 1930 988 radices
1976 930 2179 989 terrae
2225 924 2452 990 infixas
2498 926 2724 1005 habet,

333 1028 671 1122 αὐτόρριζον
732 1027 1013 1106 dixerat,
1088 1034 1152 1093 et
1217 1027 1605 1110 αὐτόμορφον
1669 1032 1737 1093 in
1803 1029 2207 1096 Andromeda
2269 1031 2372 1112 (fr.
2443 1031 2597 1113 125)
2657 1032 2726 1097 id

335 1134 503 1220 quod
563 1139 698 1199 arte
747 1135 1109 1200 confectum
1158 1157 1282 1201 non
1331 1144 1462 1216 est,
1513 1135 1726 1202 multo
1774 1119 1993 1201 aute-m
2046 1139 2433 1223 exquisitius
2478 1137 2727 1204 Helena

335 1239 510 1321 (Hel.
554 1239 712 1320 356)
760 1261 989 1306 manus
1035 1244 1330 1327 propriae
1383 1240 1574 1307 letale
1624 1241 1831 1306 telum
1878 1243 2002 1308 sibi
2049 1243 2365 1330 adigentis
2404 1246 2729 1329 impetum

336 1347 731 1426 αὐτοσίδαρον
789 1345 1093 1423 ἅμιλλαν.
1167 1347 1563 1434 Quapropter
1611 1347 1777 1412 nihil
1826 1349 2017 1414 habet
2067 1350 2385 1431 αὐτοφυής
2436 1351 2603 1436 quod
2650 1353 2727 1417 ab

311 1452 662 1542 ⁹Euripidis
709 1453 984 1520 dictione
1035 1453 1370 1520 abhorrere
1418 1455 1735 1520 videatur.

432 1559 534 1625 VS.
583 1560 624 1625 2
691 1561 791 1624 τὸν
851 1561 910 1625 ἐν
971 1561 1205 1640 αἰθερίῳ
1276 1561 1492 1643 ῥόμβῳ
1565 1562 1812 1626 πάντων
1882 1560 2072 1643 φύσιν
2145 1562 2573 1640 ἔμοι-λέξαντα.
2642 1601 2727 1615 —

330 1665 560 1747 ῥόμβος
614 1667 810 1753 (quod
858 1671 1192 1753 tamquam
1231 1667 1656 1753 Euripideum
1704 1665 1888 1745 ἅπαξ
1932 1669 2238 1747 εἷρημένον
2276 1669 2731 1757 glossographi

333 1771 656 1858 explicant
710 1809 794 1822 —-
851 1774 998 1839 vide
1063 1777 1440 1859 praesertim
1503 1774 1802 1846 Eustath.
1870 1775 1949 1840 ad
2012 1775 2277 1862 Dionys.
2334 1776 2536 1857 1134)
2601 1778 2732 1842 fere

335 1881 594 1964 proprio
657 1901 772 1945 suo
834 1879 1040 1946 colore
1103 1901 1140 1946 a
1201 1885 1390 1969 poeta
1451 1880 1720 1945 indutus
1783 1902 1917 1946 esse
1980 1880 2239 1946 videtur
2286 1903 2433 1947 cum
2484 1884 2733 1964 αἰθέριον

338 2007 490 2050 eum
552 1984 750 2065 dixit,
815 2008 966 2052 nam
1013 1986 1233 2052 ullone
1282 1987 1598 2053 adiectivo
1647 1991 1863 2074 magis
1912 1989 2151 2054 abusus
2201 1995 2299 2054 est
2345 1987 2597 2055 noster?
2648 2027 2733 2040 -

340 2091 624 2157 Verbum
696 2091 1130 2169 ἒμπλέξασθαι
1175 2099 1421 2160 'autem
1487 2093 1632 2160 aliis
1695 2116 1949 2181 quoque
2014 2096 2305 2161 versibus
2367 2096 2735 2182 Euripideis

340 2200 696 2284 poterimus
756 2199 1084 2266 illustrare
1148 2199 1384 2279 (veluti
1449 2199 1552 2265 Or.
1618 2199 1814 2267 1265.
1864 2200 2006 2288 lph.
2056 2203 2133 2266 A.
2186 2201 2346 2282 936)
2408 2203 2520 2268 sed
2567 2224 2735 2269 nunc

341 2305 600 2391 quidem
661 2305 787 2371 alio
850 2329 972 2372 non
1035 2309 1250 2392 aptius
1297 2313 1394 2372 est
1442 2307 1815 2394 exemplum
1865 2329 2059 2392 quam
2108 2307 2213 2373 Or.
2266 2307 2433 2373 1421
2489 2310 2736 2374 κάδόκει

339 2421 467 2484 τοῖς
530 2412 643 2488 μὲν
704 2413 768 2476 οὐ
832 2420 958 2485 τοῖς
1025 2412 1076 2476 δ’
1130 2414 1189 2486 ἐς
1239 2411 1641 2493 ἀρκυστάταν
1683 2414 1986 2494 μηχανὰν
2037 2415 2484 2492 ἐμπλέκειν
2532 2417 2734 2482 παῖδα

337 2518 458 2584 τοὶν
507 2517 893 2597 Τυνδαρίδαν
941 2519 968 2583 ὃ
1017 2517 1451 2598 μητροφόντας
1503 2519 1753 2600 δράκων.

429 2624 736 2710 Sequitur
781 2624 858 2690 de
905 2626 1138 2710 quibus
1187 2625 1565 2706 dicendum,
1614 2626 1880 2708 ὅρφναία
1934 2626 2044 2704 νὺξ
2092 2626 2452 2708 αἰολόχρως.
2516 2619 2740 2696 Adiec-

216 2787 230 2792 -
338 2734 554 2798 tivum
608 2768 690 2780 -
739 2733 795 2797 si
845 2731 1020 2798 tollis
1065 2731 1291 2818 Suppl.
1343 2730 1475 2798 994
1525 2734 1636 2799 ubi
1683 2755 1833 2799 cum
1875 2733 2246 2799 Hermanno
2285 2757 2397 2821 pro
2439 2736 2737 2818 ὀρφναίας

337 2817 809 2906 restituendum
851 2845 947 2904 est
987 2837 1214 2919 ὅρφνας
1244 2879 1331 2888 -
1357 2839 1556 2905 semel
1595 2845 1853 2906 tantum
1894 2841 1971 2906 de
2004 2846 2207 2920 nocte,
2252 2849 2567 2926 quantum
2602 2865 2735 2908 me-

341 2947 543 3022 mini,
608 2945 772 3010 dixit
819 2945 1194 3030 Euripidem
1246 2946 1350 3011 Or.
1408 2945 1578 3011 1225
1629 2943 1671 3010 ὦ
1723 2946 1895 3023 δῶμα
1950 2948 2130 3012 ναίων
2178 2951 2387 3019 νυκτὸς
2438 2950 2736 3029 ὀρφναίας

349 3051 570 3131 πάτερ.
631 3050 753 3116 Sed
817 3054 1026 3138 magis
1090 3073 1281 3137 quam
1344 3053 1463 3118 hoc
1510 3053 1825 3119 adiectivo
1871 3054 2194 3120 homerico
2244 3054 2597 3121 delectatus
2644 3061 2742 3121 est

349 3157 754 3222 substantivo
801 3155 986 3238 ὄρφνῃ
1035 3158 1210 3237 (vide
1249 3180 1314 3225 v.
1343 3180 1396 3223 c.
1436 3159 1626 3224 Rhes.
1671 3157 1779 3236 42,
1825 3157 1977 3225 697.
2022 3159 2172 3226 774.
2224 3160 2543 3227 Heraclid.
2585 3159 2737 3228 857.

347 3263 541 3330 Herc.
608 3261 714 3329 46.
774 3263 914 3349 Iph.
973 3263 1046 3329 Τ.
1103 3264 1260 3346 151)
1278 3285 1294 3344 ;
1371 3287 1484 3331 nec
1552 3264 1786 3342 latuit,
1858 3268 2101 3351 opinor,
2175 3267 2281 3332 hic
2353 3270 2491 3332 eius
2561 3289 2742 3333 amor

344 3371 875 3456 Aristophanem,
943 3374 1209 3437 cumin
1256 3371 1454 3436 Ranis
1505 3373 1650 3452 ὑπὲρ
1697 3372 2027 3452 Εὐριπίδην
2076 3372 2447 3454 εὐριπιδίζων
2496 3375 2741 3440 cantico

340 3476 506 3543 lusit
555 3473 637 3555 „⁶5
688 3477 897 3548 νυκτὸς
951 3480 1372 3557 κελαινοφαὴς
1418 3477 1681 3558 ὅρΦνα.”

437 3584 561 3651 Sed
622 3587 692 3650 in
753 3590 968 3651 nostro
1023 3585 1385 3671 fragmento
1434 3607 1560 3651 non
1607 3590 1865 3650 tantum
1914 3584 2181 3666 δρφνοιία
2229 3607 2354 3652 nox
2404 3586 2585 3652 audit
2632 3587 2742 3653 sed

347 3690 683 3772 αἱολόχρως
755 3712 1042 3777 quoque,
1114 3691 1430 3756 adiectivo
1502 3697 1724 3756 ornata
1788 3712 1915 3776 quo
1978 3691 2230 3758 caelum
2292 3692 2628 3759 stellatum
2678 3699 2743 3760 et

346 3798 690 3879 παννυχίον
740 3797 1011 3868 σελάνας
1065 3796 1364 3882 splendor
1409 3800 1667 3884 egregie
1716 3797 2107 3864 illustratur.
2172 3799 2473 3886 Quisquis
2522 3822 2741 3866 secum

345 3909 603 3990 reputat
673 3909 950 3988 quantus
1016 3906 1294 3968 tenuerit
1357 3905 1737 3989 Euripidem
1802 3926 1984 3972 amor·
2044 3906 2461 3992 studiumque
2523 3928 2741 3972 rerum

349 4009 758 4085 caelestium,
815 4008 998 4074 facile
1055 4009 1422 4096 intelleget,
1479 3996 1663 4097 grato
1712 4033 1861 4076 eum
1910 4014 2123 4077 animo
2169 4012 2236 4077 id
2287 4035 2363 4078 ex
2403 4011 2742 4098 Sophoclis

349 4116 596 4180 cantico
659 4114 1148 4181 Trachiniarum
1211 4116 1729 4202 splendidissimo
1794 4114 1883 4202 (ἓν
1946 4119 2136 4183 αἰόλα
2199 4118 2306 4196 νὺξ
2352 4117 2740 4199 ἐναριζομένα

351 4228 469 4288 etc.
528 4242 622 4287 vs,
673 4221 786 4302 92)
844 4225 1173 4308 recepisse.
1239 4222 1366 4289 Sed
1427 4226 1494 4288 in
1561 4225 1678 4290 hoc
1744 4246 1994 4310 quoque
2058 4227 2346 4291 constitit
2404 4228 2527 4290 sibi
2574 4227 2742 4312 quod

348 4330 663 4395 ornatiore
704 4328 912 4394 forma
950 4330 1344 4396 adiectivum
1382 4334 1665 4398 iteravit.
1716 4331 1899 4396 Solet
1938 4333 2110 4396 enim
2151 4353 2386 4417 augere
2427 4335 2744 4399 eiusmodi

347 4435 662 4502 adiectiva
723 4439 1104 4521 compositis
1166 4440 1231 4503 in
1299 4461 1485 4516 -χοως
1555 4437 2010 4502 desinentibus.
2063 4437 2161 4502 Ita
2209 4437 2442 4502 Orcum
2495 4442 2741 4516 μελάγ-

351 4566 566 4623 χρωτα
616 4542 782 4607 dixit
828 4541 1012 4623 (Hec.
1068 4542 1272 4626 1100)
1320 4553 1383 4608 et
1427 4544 1703 4629 Erinyes
1751 4546 1813 4608 in
1864 4543 2085 4608 Oreste
2131 4543 2318 4624 (321)
2366 4549 2746 4628 μελάγχρω-
