3392 5384
690 393 820 458 142
1738 409 2020 459 snmus.

681 574 906 662 palen,
970 575 1050 640 cf.
1112 573 1309 640 Theb.
1374 573 1479 638 VI.
1532 572 1704 640 830:
1759 580 1953 641 uncta
1998 573 2177 660 pale:
2229 575 2290 640 Π
2339 596 2431 641 vs.
2487 575 2650 642 158:
2704 579 3074 664 priscosque

680 685 915 748 virum·
946 683 1214 746 mirarer
1258 680 1525 747 honores
1544 730 1561 760 ,
1611 681 1689 746 cf.
1747 679 1911 745 118:
1963 685 2316 746 monstrare
2362 678 2509 767 lyra
2554 688 2802 748 veteres
2846 684 3073 750 heroas

682 788 976 865 alumno,
1027 792 1092 852 et
1143 784 1271 851 188
1297 806 1425 871 sq.:
1475 788 1645 852 canit
1689 785 1801 852 ille
1846 784 2052 851 libens
2093 787 2404 852 immania
2448 785 2717 853 laudum
2755 792 3020 856 semina.

769 893 900 960 Ubi
945 892 1236 958 versibus
1283 913 1477 977 supra
1519 892 1820 957 indicatis
1865 893 2119 956 numeri
2165 897 2316 957 nota
2361 891 2650 958 Romana
2690 915 2813 959 non
2854 893 3074 960 addita

681 1005 813 1078 est,
859 1020 1085 1067 versus
1132 1019 1165 1062 e
1210 996 1375 1063 libro
1422 999 1630 1082 priore
1676 997 2144 1083 significantur.

1380 1481 1468 1527 AD
1511 1479 1784 1529 scnomn
1828 1478 2357 1530 ARISTOPHANIGA-.

768 1677 954 1762 Vesp.
999 1675 1175 1742 1188
1200 1697 1290 1761 sq.
1344 1675 1708 1762 „Nunquam
1745 1675 1814 1738 iu
1851 1676 2024 1740 budos
2048 1676 2326 1757 publicos
2362 1676 2576 1740 missus
2613 1699 2740 1741 sum
2763 1677 3062 1762 equidem,

676 1784 801 1848 uisi
844 1783 1024 1846 semel
1065 1783 1307 1858 Parum,
1357 1782 1461 1845 καὶ
1510 1786 1721 1845 ταῦτα
1770 1779 1863 1844 δύ’
1913 1782 2109 1859 ὀβολὼ
2157 1783 2426 1861 Φέρων”.

767 1887 1194 1953 Philocleonis
1234 1888 1389 1952 haec
1425 1888 1620 1953 verba
1660 1894 1865 1964 recte,
1910 1892 1987 1950 ut
2024 1888 2319 1966 arbitror,
2361 1891 2605 1953 amicus
2644 1910 2828 1954 meus
2849 1889 3070 1954 iunior

674 1993 1027 2080 Hooykaas
1065 2014 1213 2058 cum
1255 1995 1465 2078 primo
1507 1990 1848 2058 scholiasta
1881 1995 1974 2056 ita
2014 1994 2604 2082 estlinterpretatus
2643 2000 2721 2060 ut
2753 1999 3069 2059 statueret

674 2101 943 2180 remiqem
980 2121 1133 2164 eum
1171 2104 1312 2163 tum
1350 2099 1548 2163 fuisse
1586 2101 1654 2162 in
1692 2100 1845 2164 navi
1884 2096 2160 2184 publica.
2203 2098 2341 2178 Qua
2379 2099 2799 2185 explicatione
2830 2120 3063 2185 parum

675 2206 939 2291 probata
983 2204 1221 2274 Romer
1266 2203 1563 2282 (Studien
1612 2227 1673 2289 p.
1731 2202 1884 2282 114)
1934 2207 2024 2269 sic
2072 2204 2468 2289 disputavit:

768 2309 1141 2386 „vielleicht
1186 2330 1316 2373 war
1361 2309 1461 2373 die
1505 2310 1781 2395 richtige
1819 2307 2191 2395 Erklfirung
2228 2313 2299 2374 in
2340 2309 2486 2375 dem
2526 2310 3061 2375 verstiimmelten

677 2415 1015 2494 „Scholion
1060 2417 1385 2501 gegeben,
1437 2415 1546 2480 das
1592 2417 1713 2479 wir
1757 2416 1951 2480 heute
2000 2436 2076 2480 an
2117 2419 2374 2481 zweiter
2414 2416 2611 2482 Stella
2650 2415 2858 2482 lesen:
2902 2418 2952 2480 οἱ
2995 2417 3060 2481 δὲ

677 2523 892 2599 „xa-t&
942 2521 1198 2585 παιδιὰν
1247 2523 1512 2600 εἰρῆσθαι
1562 2522 1830 2596 κωμικὴν
1877 2522 1987 2593 τὴν
2034 2521 2234 2599 Πάρον
2281 2530 2328 2598 <
2334 2569 2622 2588 .......
2635 2529 2696 2592 >.
2746 2523 2950 2602 ἰκρίοις
2993 2523 3056 2586 δὲ

676 2629 1068 2705 ,,θεωροῦντες
1141 2626 1280 2698 τοὺς
1354 2625 1456 2690 δύο
1526 2626 1788 2702 ὀβολοὺς
1858 2634 2159 2706 παρεῖχον
2221 2635 2351 2698 τοῖς
2412 2629 2861 2708 ἀρχιτέκτοσιν.
2936 2628 3057 2694 Die

676 2732 937 2810 „Worte
998 2732 1191 2797 sehen
1254 2733 1429 2795 einer
1487 2731 1699 2796 leeren
1761 2731 2120 2816 Erfindung
2178 2731 2498 2797 durchaus
2545 2734 2728 2798 nicht
2772 2733 3054 2800 fihnlich.

674 2837 804 2912 „Es
851 2857 1030 2900 muss
1077 2836 1384 2900 demnach
1432 2839 1535 2899 ein
1583 2836 1940 2901 schlechter
1986 2836 2164 2900 Platz
2208 2840 2303 2901 im
2352 2837 2903 2903 Zuschauerraum
2950 2839 3060 2904 des

674 2944 1022 3022 ,5'Pheaters
1065 2943 1291 3027 irgend
1339 2946 1523 3007 einen
1564 2942 1697 3006 den
1723 2943 1890 3006 Witz
1931 2945 2054 3008 mit
2093 2943 2295 3022 Πάρος
2333 2935 3061 3029 nahelegendenSpott-

674 3069 947 3126 „namen
1006 3048 1391 3112 bekommen
1456 3047 1699 3126 haben,
1764 3047 1884 3112 auf
1939 3049 2057 3114 den
2110 3049 2220 3113 der
2265 3048 2531 3113 Dichter
2578 3050 2716 3114 hier
2762 3049 3059 3133 anspielt.

674 3153 869 3232 „Also
928 3155 1100 3218 seine
1160 3154 1368 3230 θεωρία
1433 3153 1781 3218 erstreckte
1831 3154 1967 3217 sich
2014 3175 2138 3218 nur
2185 3154 2304 3218 auf
2342 3153 2462 3219 den
2509 3153 2898 3240 einmaligen
2944 3155 3065 3220 Be-

673 3259 873 3338 „such
920 3259 1028 3322 des
1076 3258 1378 3322 Theaters
1422 3260 1489 3322 in
1536 3257 1818 3323 Athen''.

758 3363 850 3430 At
906 3365 1221 3430 Roemero
1290 3364 1461 3428 hunc
1527 3362 1745 3428 locum
1812 3367 2113 3430 tractanti
2165 3354 2230 3427 'si
2276 3371 2529 3449 praesto
2581 3365 2843 3445 fuisset,
2893 3387 3058 3451 quae

669 3471 918 3556 aliquot
980 3471 1306 3535 mensibus
1369 3475 1512 3555 post
1560 3469 1872 3554 evulgata
1917 3476 2034 3548 est,
2084 3469 2318 3534 codicis
2366 3469 2592 3535 Veneti
2639 3473 2857 3558 imago
2904 3472 3059 3558 pho·
3099 3537 3104 3541 ,

666 3582 927 3660 totypa‚
991 3577 1209 3639 minus
1270 3581 1345 3638 nt
1392 3577 1616 3659 opinor
1661 3577 1722 3639 ei
1769 3573 2112 3658 placuisset
2158 3595 2351 3659 quam
2399 3577 2549 3640 iniit
2593 3577 3057 3660 interpretandi

666 3683 848 3746 ratio,
891 3681 1056 3744 Nam
1094 3679 1229 3744 illic
1266 3682 1335 3743 in
1372 3683 1645 3764 paginae
1686 3682 1978 3765 margine
2017 3682 2274 3744 sinistro
2311 3679 2555 3765 legitur
2588 3681 2708 3745 hoe
2733 3681 3051 3745 scholion:

671 3789 1083 3865 ,,μισθοΦορῶν
1144 3787 1451 3852 τοσούτου.
1512 3785 1713 3864 Πάρον
1775 3787 1838 3850 δὲ
1886 3787 1936 3850 οἱ
1986 3787 2098 3862 μὲν
2146 3786 2328 3850 τόπον
2374 3787 2424 3850 οἱ
2474 3786 2535 3850 δὲ
2583 3787 2752 3850 κατὰ
2801 3787 3054 3852 παιδιὰν

669 3894 981 3970 »κωμικὴν
1028 3893 1137 3964 τὴν
1185 3891 1423 3970 Πάροντ
1474 3890 1603 3939 -”

756 4001 822 4061 in
871 3997 1091 4061 dextro
1140 4017 1291 4062 vero
1332 4035 1417 4044 —
1458 3995 1683 4060 multis
1731 3994 1878 4060 aliis
1925 3995 2182 4061 scholiis
2226 3999 2608 4063 intermissis
2651 4037 2736 4047 —
2778 3999 3004 4065 hocce:

670 4114 744 4182 „3
782 4108 918 4182 (ἐπὶ)
958 4102 1149 4181 ἰκρίων
1198 4104 1549 4181 θεωροῦντες
1598 4102 1740 4172 τοὺς
1789 4101 1894 4174 ,δύο
1942 4101 2198 4177 ὀβολοὺς
2248 4112 2546 4184 παρεῖχον
2593 4113 2721 4175 τοῖς
2761 4103 3054 4183 ἀρχιτέκ-

669 4207 942 4286 ,,τοσιν”.

753 4310 1128 4379 Cavendum
1168 4318 1265 4377 est
1300 4314 1508 4398 igitur
1547 4333 1624 4375 ne
1665 4312 1734 4374 in
1773 4332 1978 4377 unum
2023 4311 2550 4398 conglutinentur
2590 4314 3045 4380 diversissima.

2762 4439 2824 4484 v.
2873 4420 2947 4485 L.
