3392 5384
698 393 828 461 150
1708 376 2085 460 rumorum.

784 577 946 644 Ibid.
1013 577 1209 642 31A:
1287 577 1460 652 ὑμεῖς
1531 577 1583 640 δ’
1651 573 1797 648 ἴσως
1858 576 2018 656 τάχ’
2079 575 2155 640 ἂν
2216 573 2585 654 ἀχθόμενοι,
2872 573 3102 655 κρού-

691 706 988 754 σαντες
1054 681 1132 747 ἄν
1186 705 1268 758 με
1331 681 1785 746 ἀποκτείναιτε.
1853 681 2213 748 Audiamus
2274 680 2762 746 Hermannum:
2827 679 3097 758 „debile

691 783 989 874 pulsandi
1037 788 1308 853 verbum
1357 786 1720 865 κρούσαντες
1767 787 1835 850 in
1883 785 2240 868 ὀρούσαντες
2289 789 2581 863 mutavi,
2631 786 2799 871 quod
2844 787 3095 871 praeci-

692 896 815 980 piti
877 893 1366 958 Atheniensium
1427 893 1780 957 temeritati
1827 893 2114 976 apprime
2162 890 2523 957 convenit.''
2587 889 2772 957 Hanc
2820 891 3093 974 quidem

693 1000 1120 1064 coniecturam
1189 999 1302 1064 vix
1371 998 1713 1082 quisquam
1780 997 2254 1080 comprobabit:
2338 995 2634 1080 equidem
2705 995 3089 1061 commendo

692 1105 1120 1188 compositum
1159 1103 1432 1169 verbum
1476 1101 2167 1180 ύποκρούσαντες,
2208 1101 2378 1185 quod
2431 1100 2697 1165 verbum
2746 1100 2902 1186 quid
2944 1122 3095 1185 pro-

690 1212 829 1296 prio
893 1229 1082 1274 sensu
1145 1207 1498 1294 significet,
1549 1205 1695 1273 vide
1744 1208 1965 1272 Mnem.
2023 1206 2217 1285 1903,
2266 1229 2327 1292 p.
2380 1206 2535 1285 312,
2584 1206 2697 1271 ubi
2744 1206 3091 1271 emendare

691 1313 913 1380 studui
962 1313 1414 1378 Demosthenis
1468 1311 1683 1378 locum
1734 1311 1811 1377 de
1856 1311 1930 1376 F.
1980 1312 2051 1378 L.
2103 1308 2331 1396 §2572
2382 1312 2729 1398 Aeschines
2777 1313 3090 1387 ἠτίμωσεν

695 1417 1292 1484 ὑπακούσαντά
1357 1420 1467 1480 τιν’
1534 1418 1723 1482 αὐτοῦ
1786 1420 2145 1496 κατήγορον,
2208 1438 2440 1502 nempe
2488 1416 2909 1482 Timarchum
2959 1438 3089 1482 non

694 1523 1176 1602 ὑπακούσαντα,
1240 1522 1409 1609 quod
1468 1522 1660 1587 nihili
1708 1528 1839 1598 est,
1888 1523 1991 1588 sed
2046 1523 2694 1602 ὑποκρούσαντα.
2746 1522 2915 1603 Quid
2962 1523 3090 1588 hoc

692 1631 814 1707 sit,
862 1629 1273 1714 Phrynichus
1323 1628 1488 1693 dicet
1536 1627 1706 1711 apud
1753 1627 2125 1704 Bekkerum
2163 1627 2399 1694 Anecd.
2441 1626 2692 1692 68.10;
2740 1630 3088 1708 ὑποκρούειν

693 1737 837 1808 τοὺς
899 1736 1152 1817 ῥήτορας
1216 1737 1283 1797 τὸ
1348 1732 1594 1810 μεταξὺ
1654 1733 1962 1811 λεγόντων
2024 1735 2225 1797 αὐτῶν
2292 1735 2839 1812 ὑποφθεγγύμενον
2888 1735 3082 1811 ἐμπο-

696 1841 896 1923 δίζειν.
957 1841 1099 1926 Ipse
1163 1838 1342 1905 vides
1404 1859 1598 1924 quam
1660 1837 1826 1904 belle
1889 1839 2160 1904 verbum
2223 1860 2392 1904 nunc
2439 1841 2795 1905 conveniat.
2845 1839 3083 1904 Itidem

690 1948 760 2011 in
806 1946 1049 2032 Eryxia
1094 1967 1157 2030 p.
1202 1943 1404 2009 395ss
1448 1942 1729 2029 legitur:
1783 1944 2159 2023 ὑποκρούσας
2206 1945 2233 2008 ὃ
2283 1944 2570 2024 Κριτίας,
2612 1947 2724 2028 qui
2762 1943 3079 2029 Eryxiam

692 2051 1153 2137 interpellaret.

788 2315 948 2382 Ibid.
1016 2313 1099 2380 35
1125 2314 1197 2379 B.
1263 2313 1356 2379 De
1417 2315 1676 2399 ignavis
1739 2314 1991 2394 civibus
2056 2319 2207 2377 sunt
2270 2315 2383 2397 qui
2443 2312 2851 2397 perhibeant:
2919 2309 3083 2378 οὖτοι

700 2427 1110 2500 γυναικῶν
1171 2418 1335 2483 οὐδὲν
1383 2416 1771 2499 διαφέρουσι,
1820 2423 2134 2503 praestat,
2184 2417 2401 2495 credo,
2452 2419 2840 2496 γυναίων,
2889 2420 3086 2483 sicuti

698 2531 868 2594 recte
914 2526 1159 2611 legitur
1203 2523 1464 2590 Theaet.
1519 2522 1755 2590 1¹71E:
1804 2529 1929 2588 πᾶν
1977 2524 2224 2601 γύναιον
2273 2523 2375 2587 καὶ
2428 2521 2670 2586 παιδίον
2721 2524 2821 2586 καὶ
2869 2524 3081 2604 θηριόν.

694 2631 938 2698 Eodem
985 2629 1177 2694 modo
1225 2631 1469 2694 correxi
1515 2628 1692 2693 Plut.
1743 2626 1973 2693 Moral.
2019 2625 2222 2694 2520
2268 2634 2333 2693 et
2371 2627 2635 2693 Lucian.
2678 2627 2846 2692 Dial.
2888 2627 3082 2695 Deor.

569 2747 577 2754 ”
694 2736 804 2816 24,
834 2735 896 2816 2,
945 2737 1170 2800 Mnem.
1225 2733 1400 2800 1900
1445 2757 1508 2820 p.
1563 2733 1712 2798 112.

782 3004 945 3070 Ibid.
1010 2993 1205 3068 36Ᾱτ
1271 3002 1525 3078 ἀνέβη
1580 3002 1843 3074 ’Ἄνυτος
1908 3003 2011 3067 καὶ
2062 3003 2299 3069 Λύκων.
2352 3004 2750 3090 Improbavit
2792 3006 2914 3070 hoc
2959 3004 3081 3073 Co-

689 3112 876 3177 betus
944 3111 1166 3173 Mnem.
1236 3107 1408 3173 1853
1470 3131 1534 3194 p.
1601 3106 1732 3174 324
1795 3111 1860 3172 et
1920 3105 2192 3174 correxit
2253 3109 2588 3186 ἀνέβησαν,
2638 3112 2831 3175 sicuti
2873 3113 3077 3176 etiam

691 3215 861 3301 apud
919 3213 1319 3300 Hyperidem
1383 3235 1496 3300 pro
1558 3215 1935 3304 Euxenippo
1996 3224 2351 3279 correxerat
2399 3213 2630 3294 ἔλαχον
2676 3217 3076 3292 Ἀκαμαντὶς

692 3321 797 3386 καὶ
864 3320 1322 3396 Ἱπποθοωντίς,
1386 3340 1536 3384 cum
1595 3322 1666 3385 in
1727 3339 1972 3405 papyro
2034 3319 2360 3404 legeretur
2406 3317 2661 3400 ἔλαχεν.
2726 3304 2871 3386 Non
2915 3321 3079 3386 tulit

689 3426 808 3491 hoc
856 3424 1398 3490 Schneidewinius
1444 3426 1557 3510 qui
1601 3427 1666 3489 in
1709 3424 2022 3504 Philoloyo
2059 3422 2212 3488 VIII
2249 3447 2313 3510 p.
2341 3423 2471 3490 347
2512 3427 2708 3490 nimis
2746 3425 3075 3490 interdum

689 3531 990 3596 iracunde
1049 3531 1465 3615 impugnavit
1528 3535 1786 3594 tantum
1846 3551 1971 3595 non
2020 3531 2236 3595 omnia
2284 3550 2444 3615 quae
2492 3529 2769 3596 Cobetus
2810 3531 2889 3596 ad
2934 3531 3076 3618 Hy-

689 3636 927 3723 peridis
993 3635 1502 3701 emendationem
1536 3634 1940 3700 contulerat.
2005 3635 2230 3719 Itaque
2279 3635 2355 3700 ad
2402 3636 2801 3722 singularem
2847 3658 3075 3702 nume-

690 3763 840 3807 rum
900 3741 1211 3806 tuendum
1258 3739 1525 3825 Lysiam
1572 3737 1799 3804 attulit
1841 3761 1892 3804 c.
1942 3739 2117 3804 Erat.
2165 3740 2349 3824 512:
2400 3741 2815 3821 ἐπιτυγχάνει
2864 3740 3076 3817 Μηλό-

690 3848 826 3926 βιός
897 3871 970 3912 τε
1036 3847 1137 3911 καὶ
1204 3846 1607 3920 Μνησιθείδης
1670 3844 1979 3915 ἀπιόντες.
2063 3845 2284 3910 Prima
2354 3849 2614 3933 scriptio
2683 3848 2811 3913 fuit
2876 3869 3072 3933 quam

692 3953 970 4022 Oobetus
1051 3973 1200 4018 cum
1281 3953 1742 4036 Mnemosyncs
1811 3949 2152 4015 lectoribus
2222 3954 2727 4017 communicavit
2795 3952 3070 4018 necdum

689 4061 954 4126 fortasse
1014 4063 1392 4144 pervenerat
1451 4055 1529 4120 ad
1577 4075 1718 4120 eam
1766 4056 2060 4119 acerrimi
2106 4055 2332 4121 iudicii
2380 4059 2827 4122 maturitatem
2876 4078 3071 4141 quam

690 4172 907 4252 postea
964 4167 1032 4228 in
1103 4162 1311 4229 Variis
1372 4159 1753 4224 Lectionibus
1818 4159 2116 4224 admirati
2178 4181 2425 4226 sumus.
2490 4160 2853 4247 Singularis
2900 4158 3069 4227 cert‘e

688 4293 803 4357 per
841 4291 907 4335 se
950 4269 1276 4356 offensioni
1319 4289 1445 4332 non
1495 4265 1678 4330 debet
1718 4286 1852 4330 esse
1894 4271 1959 4330 et
1995 4265 2537 4332 Schneidewinius
2577 4270 2631 4356 si
2672 4266 2791 4332 hoc
2830 4269 3070 4352 egisset

691 4374 902 4439 multo
949 4373 1166 4460 plures
1210 4373 1380 4438 locos
1427 4373 1742 4457 potuisset
1787 4369 2064 4436 laudare.
2113 4370 2330 4437 Veluti
2376 4393 2455 4437 ex
2500 4370 2766 4436 Platone
2813 4374 3073 4437 enotavi

690 4477 911 4566 Lysid.
961 4477 1200 4544 207D:
1249 4483 1432 4561 φιλεῖ
1471 4500 1540 4542 σε
1588 4477 1616 4542 ὃ
1658 4481 1863 4557 πατὴρ
1907 4477 2011 4542 καὶ
2055 4479 2088 4552 ἧ
2130 4477 2329 4558 μήτηρ
2369 4482 2435 4543 et
2472 4477 2629 4563 Rep.
2657 4476 2806 4543 VIII
2832 4476 3060 4542 54413:
