3392 5384
1121 1038 1979 1131 MINUCIANA.

1433 1275 1680 1316 SORIPSIT

1240 1458 1313 1521 P.
1366 1456 1451 1521 H.
1503 1444 1873 1521 DAMSTE.

798 1607 1272 1686 (Continuantur
1319 1631 1390 1671 ea·
1446 1608 1504 1671 V
1498 1608 1576 1672 ol.
1625 1608 1915 1673 XXXIV
1938 1632 2085 1691 pay.
2139 1606 2313 1688 179).

1351 1912 1756 1949 —m-

461 2142 530 2231 ὒ.
586 2164 691 2231 17.
723 2163 828 2229 11.
889 2164 1038 2248 Ipsa
1071 2165 1405 2247 praecipue
1435 2168 1682 2250 formae
1724 2172 1961 2229 nostrae
1993 2166 2388 2248 pulchritudo
2432 2168 2601 2228 deum
2633 2167 2745 2249 fa-

369 2278 527 2335 tetur
572 2270 860 2351 artificem
877 2297 895 2332 .-
943 2276 1140 2333 παίω
1184 2271 1433 2350 riyiduc,
1483 2272 1683 2334 vultus
1729 2278 1973 2347 erectus,
2021 2271 2179 2334 oculi
2224 2270 2291 2333 in
2327 2292 2544 2333 summo
2581 2270 2744 2333 velut

362 2375 431 2440 in
476 2376 724 2459 specula
769 2374 1078 2439 constituti
1122 2382 1180 2439 et
1224 2398 1416 2439 omnes
1463 2376 1643 2440 ceteri
1687 2398 1891 2439 censu-3
1935 2376 2099 2439 vebat
2142 2376 2211 2439 in
2248 2398 2383 2439 arce
2419 2374 2741 2457 compositi.

452 2482 580 2547 Pro
641 2480 953 2548 vocabulo
1014 2480 1321 2563 compositi
1380 2482 1727 2546 Heumann
1771 2481 1986 2566 legere
2031 2481 2264 2545 maluit
2308 2481 2625 2563 dispositi,
2676 2486 2743 2545 at

359 2608 485 2651 non
528 2589 622 2652 ita
669 2588 907 2650 vitium
956 2584 1206 2650 tollitur
1253 2607 1379 2669 quo
1426 2585 1602 2651 locus
1647 2586 1937 2652 laborare
1983 2586 2240 2651 videtur
2278 2586 2571 2671 quodque
2609 2606 2742 2669 per-

361 2697 708 2777 spexerunt
768 2690 1062 2776 Maehly,
1127 2693 1272 2775 qui:
1323 2692 1484 2754 vehit
1527 2692 1596 2755 in
1639 2714 1777 2754 arce
1826 2694 1940 2767 <in
1988 2694 2239 2776 capite>
2277 2691 2474 2774 positi
2519 2712 2743 2775 propo-

361 2800 495 2862 suit
512 2846 529 2875 ,
579 2803 643 2862 et
688 2796 1186 2883 Zangemeister,
1234 2798 1346 2880 qui
1390 2796 1738 2882 legendum
1786 2816 1922 2861 esse
1968 2799 2250 2862 censuit:
2300 2820 2492 2861 omnes
2537 2819 2742 2861 censue

361 2903 480 2979 <in
541 2902 848 2975 cerebro>
911 2900 1075 2963 velut
1135 2900 1205 2963 in
1267 2922 1404 2964 arce
1449 2901 1773 2983 compositi,
1824 2901 1906 2966 cl.
1954 2900 2123 2967 Plin.
2171 2901 2251 2967 N.
2302 2901 2389 2967 Η.
2438 2901 2520 2968 11.
2572 2900 2737 2967 135:

358 3007 521 3071 hanc
566 3006 800 3071 habent
847 3026 1070 3071 sensus
1115 3026 1324 3070 arcem
1372 3012 1484 3086 (sc.
1533 3008 1911 3086 cerebrum).
1950 3012 1955 3015 ’

449 3112 815 3176 Minucium
876 3116 942 3174 et
1000 3109 1229 3175 multis
1287 3111 1431 3176 aliis
1476 3111 1631 3176 locis
1678 3118 1744 3192 et
1791 3112 1909 3177 hoc
1954 3111 2090 3177 1000
2137 3110 2457 3177 Ciceronis
2503 3115 2742 3198 scripta

358 3217 454 3282 De
514 3216 800 3282 Deorum
847 3215 1093 3280 Natura
1136 3218 1472 3280 imitatum
1521 3238 1656 3281 esse
1704 3217 1978 3281 editores
2024 3219 2291 3282 minime
2336 3218 2565 3296 latuit,
2606 3238 2741 3301 qua

359 3322 436 3387 de
485 3342 671 3387 causa
715 3342 1099 3406 magnopere
1146 3323 1348 3385 miror
1395 3342 1501 3386 eos
1545 3321 1760 3386 locum
1812 3318 2329 3399 Ciceronianam,
2377 3342 2569 3406 quem
2618 3323 2743 3387 Mi·

359 3431 588 3493 nucius
651 3427 824 3493 haud
885 3426 1076 3492 dubie
1109 3427 1242 3492 -hic
1303 3432 1450 3491 ante
1497 3426 1716 3492 oculos
1760 3426 2021 3503 habuit,
2070 3448 2198 3492 non
2245 3430 2605 3493 accuratius
2650 3429 2743 3492 in·

359 3536 670 3618 spexisse:
717 3533 864 3598 inde
912 3535 1085 3598 enim
1131 3531 1271 3597 1000
1314 3542 1530 3598 nostro
1577 3535 2011 3598 certissimum
2056 3534 2263 3599 afferri
2297 3540 2509 3619 potest
2544 3555 2744 3600 reme-

361 3639 563 3703 dium.
634 3638 894 3703 Inverso
956 3638 1174 3703 ordine
1221 3636 1455 3705 -Oicero
1515 3641 1610 3703 ita
1672 3660 1811 3704 rem
1873 3642 2167 3724 exposuit
2226 3639 2311 3704 11.
2375 3638 2459 3705 56
2508 3639 2737 3725 §1402

361 3765 625 3822 „sensus
671 3749 890 3809 autem
935 3745 1315 3828 interpretes
1362 3764 1433 3808 ac
1479 3746 1694 3808 nuntii
1741 3765 1958 3809 rerum
1997 3746 2068 3809 in
2101 3746 2309 3829 capite
2348 3750 2555 3830 tamq
2573 3766 2740 3809 uam

356 3852 442 3914 in
498 3870 682 3914 arce
728 3847 994 3913 mirifice
1039 3848 1118 3913 ad
1164 3869 1323 3912 usus
1367 3850 1768 3913 necessarios
1797 3854 1861 3913 et
1906 3850 2057 3914 facti
2104 3855 2169 3913 et
2215 3848 2508 3915 collocati
2552 3857 2737 3929 sunt3

357 3974 508 4019 nam
555 3953 726 4019 oculi
773 3958 1104 4038 tamquam
1151 3952 1574 4037 speculatores
1615 3952 2007 4019 altissimum
2041 3952 2256 4018 locum
2297 3954 2618 4031 obtinent,
2664 3974 2741 4019 ex

361 4080 488 4143 quo
534 4058 817 4143 plurima
854 4060 1313 4141 conspicientes
1352 4058 1709 4144 fungantur
1728 4066 1859 4123 'suo
1898 4080 2197 4137 munere,
2241 4065 2305 4123 et
2339 4080 2550 4137 aures,
2590 4080 2739 4123 cum

357 4185 594 4230 sonum
651 4166 971 4249 percipere
1027 4163 1330 4241 debeant,
1396 4166 1509 4249 qui
1571 4170 1801 4229 natura
1847 4164 2123 4229 sublime
2170 4166 2391 4242 fertur,
2440 4170 2609 4229 recte
2655 4168 2740 4230 in

359 4269 565 4334 altis
610 4289 1051 4353 corporum
1098 4270 1485 4353 partibus
1531 4268 1871 4335 collocatae
1916 4270 2131 4334 sunt.''

455 4374 595 4453 Quo
654 4374 796 4438 loco
858 4379 1221 4458 comparato
1284 4394 1409 4437 non
1474 4374 1696 4440 dubito
1759 4377 1915 4460 quin
1974 4374 2261 4439 Minucio
2304 4377 2398 4439 ita
2444 4396 2561 4439 sua
2605 4376 2741 4441 red-

368 4480 636 4544 dantur:
685 4486 746 4543 ei
791 4502 982 4543 omncs
1027 4480 1208 4542 ceteri
1249 4502 1452 4543 sensus
1495 4480 1658 4543 vebat
1702 4481 1769 4544 in
1813 4504 1951 4544 arce
1993 4484 2389 4565 corporiS.
