3392 5384
1380 401 1685 452 ransom.
2600 373 2727 443 117

334 570 651 652 πρόσωπον
715 571 958 636 factum
1015 572 1099 634 sit
1133 591 1417 651 persona.
1471 569 1675 645 Mihi,
1728 570 1784 633 si
1830 569 1897 631 in
1945 587 2011 630 re
2058 565 2253 632 dubia
2298 568 2725 637 coniecturam

334 698 629 763 promere
690 675 844 742 licet
863 701 894 759 ,*
926 687 1188 759 persona
1233 697 1359 741 vox
1420 695 1582 760 pura
1644 680 1804 759 puta
1865 672 2092 738 Latina
2154 670 2414 737 videtur
2472 674 2539 735 in
2587 682 2728 734 -o’na

335 787 589 862 exienS,
655 786 824 848 sicut
887 790 1185 846 matr-ona
1243 787 1524 862 (mater),
1594 803 1859 844 ann-ona
1921 784 2197 859 (annus),
2264 778 2554 842 Pom-ona
2598 783 2729 861 (po-

334 895 568 969 mum),
617 889 903 952 Bell-ona
951 887 1250 969 (bellum)
1284 886 1351 969 1).
1401 888 1576 973 Ergo
1623 884 1920 951 vocabuli
1966 885 2147 949 radix
2196 890 2293 948 est
2331 885 2524 966 *per-5,
2566 903 2727 968 quae

334 1002 529 1080 caput
593 995 701 1062 vel
761 994 1006 1080 aliquid
1068 996 1298 1080 capitis
1361 992 1572 1058 simile
1637 991 1999 1078 significare
2064 990 2338 1055 videtur.
2411 989 2592 1070 Quod
2652 995 2727 1053 ut

334 1101 804 1178 demonstrem,
854 1103 1141 1187 primum
1188 1102 1386 1165 huius
1432 1099 1660 1164 radicis
1710 1105 1983 1163 stemma
2030 1117 2379 1183 proponam
2422 1109 2493 1164 'ac
2530 1093 2726 1162 simul

332 1207 459 1272 alia
507 1207 770 1285 addam,
823 1208 1208 1293 quibuscum
1255 1207 1375 1271 hoc
1423 1208 1780 1291 comparari
1827 1206 2028 1289 possit
2054 1201 2139 1284 2);

331 1361 450 1430 IG.
500 1365 648 1449 *pgs
1010 1341 1174 1448 *dgl‘i
1535 1341 1699 1448 *Tira
2062 1339 2227 1447 *fxgd
2704 1438 2715 1448 ⁸

540 1469 771 1547 προὶσον
1057 1470 1296 1550 δρακεῖν
1575 1469 1803 1548 κράνος·
2111 1468 2320 1548 κραδίη
2372 1467 2647 1551 (καρδία)

493 1577 808 1661 *porsum
1047 1576 1291 1654 δέδορκα
1569 1597 1797 1640 cornus
2104 1575 2359 1654 cor(dis)

496 1683 797 1766 *persum
1049 1681 1336 1762 δέρκομαι
1567 1701 1819 1746 cerasus
2104 1680 2285 1746 credo
2302 1678 2327 1744 ’ἶ

424 1832 564 1897 Iam
610 1830 1036 1897 PreHwitzius
1081 1835 1150 1898 in
1195 1832 1402 1898 lexico
1451 1853 1500 1897 s.
1527 1854 1590 1897 v.
1641 1832 1873 1908 πράσον
1923 1831 2223 1913 („look'')
2267 1831 2723 1897 animadvertit

332 1940 520 2002 iuxta
565 1939 728 2004 hanc
775 1939 1044 2003 formam
1097 1940 1326 2020 πράσον
1376 1939 1534 2004 olim
1581 1941 1907 2003 exstitisse
1950 1939 2245 2017 *πάρσοη
2287 1937 2453 2003 unde
2491 1960 2720 2003 nomen

333 2045 576 2108 montis
637 2043 977 2124 Παρράσιον
1044 2052 1260 2110 ortum
1323 2047 1438 2122 sit,
1502 2045 2039 2129 quamobcausam
2088 2047 2446 2109 communis
2491 2044 2721 2109 radicis

333 2153 474 2216 vim
518 2149 714 2215 fuisse
759 2153 1121 2236 suspicatur
1160 2150 1782 2236 „biiscbelformiger
1812 2149 2057 2235 Kopf''.
2109 2150 2282 2230 Quae
2322 2153 2599 2235 suspicio
2638 2153 2719 2216 iis

331 2255 648 2334 firmatur,
698 2277 859 2340 quae
911 2257 987 2321 de
1034 2256 1342 2323 vocabulo
1392 2262 1661 2343 cognato
1708 2255 1938 2321 Latino
1976 2279 2227 2339 porrum
2274 2255 2567 2337 („look'’)
2612 2278 2721 2321 no-

330 2364 570 2428 vimus.
638 2362 888 2426 Parrum
950 2366 1122 2454 enim
1184 2370 1409 2428 natum
1459 2370 1555 2427 est
1602 2383 1678 2427 ex
1726 2364 2000 2444 *porcum
2046 2363 2269 2427 eodem
2318 2362 2543 2440 modo,
2593 2384 2718 2446 quo

329 2491 526 2532 verres
585 2489 664 2534 ex
725 2470 957 2533 *verres
987 2468 1057 2551 3),
1113 2477 1178 2536 et
1225 2472 1482 2556 proprie
1531 2468 1852 2555 significat
1900 2469 2200 2556 „caput''.
2253 2469 2392 2533 Hoc
2440 2467 2717 2535 dilicude

330 2580 596 2660 apparet
638 2595 717 2638 ex
763 2584 952 2642 vers'u
1001 2576 1239 2642 Moreti
1285 2574 1399 2642 74:

736 2683 840 2747 hic
889 2684 1049 2747 siser
1094 2690 1158 2747 et
1204 2684 1412 2746 nomen
1458 2665 1650 2764 capiti
1695 2681 1972 2745 debentia
2007 2703 2201 2764 porra
2226 2680 2279 2760 ⁴)

325 2807 443 2852 nec
506 2789 722 2852 minus
785 2808 860 2851 ex
919 2789 1127 2854 morbi
1188 2791 1446 2853 nomine
1496 2787 1771 2870 porrqu,
1838 2787 2010 2872 quod
2072 2787 2349 2852 scabiem
2395 2788 2461 2852 in
2509 2789 2716 2872 capite

326 2892 643 2981 designat.
686 2894 864 2960 Num
892 2895 1114 2977 pareds
1154 2916 1435 2981 quoque,
1477 2893 1867 2960 vocabulum
1904 2892 2398 2972 Sanscriticum,
2425 2894 2714 2960 eiusdem

327 3003 598 3086 originis
645 3003 762 3079 sit,
812 3001 1073 3066 videant
1120 3001 1267 3080 alii,
1317 3024 1443 3067 non
1492 3023 1684 3087 penes
1733 3021 1837 3064 me
1884 2998 2200 3066 iudicium
2238 3007 2335 3065 est
2360 2999 2431 3081 ⁵).
2482 3000 2715 3066 Forma

327 3112 546 3170 autem
592 3107 870 3188 *pomam
915 3110 1237 3192 antiquior
1281 3114 1379 3172 est
1420 3129 1615 3192 quam
1659 3107 1951 3189 *per-rum,
2000 3126 2150 3170 nam
2194 3127 2270 3170 ex
2311 3105 2715 3193 Indogerma-
2774 3129 2786 3143 ·

326 3215 468 3278 nico
528 3235 561 3296 r
619 3215 684 3278 in
745 3213 971 3300 lingua
1031 3213 1262 3278 Latina
1323 3215 1476 3279 oriri
1539 3211 1699 3278 solet
1761 3235 1829 3276 or
1855 3211 1926 3293 ⁰).
2007 3213 2239 3277 Postea
2300 3214 2575 3293 *porcum
2643 3216 2711 3279 in

326 3320 603 3402 *pereum
640 3320 834 3400 abiit,
876 3323 1041 3386 sicut
1077 3343 1306 3399 vorsus,
1347 3327 1572 3397 vorteoe,
1614 3341 1786 3382 vorro
1825 3321 1893 3382 in
1928 3339 2150 3396 versus,
2194 3325 2411 3397 vertex,
2445 3341 2613 3383 verro
2642 3320 2712 3402 ⁷).

420 3425 491 3491 Si
552 3431 828 3491 stemma
888 3447 1078 3511 supra
1139 3432 1308 3492 recte
1370 3446 1409 3488 a
1471 3446 1576 3490 me
1641 3430 2019 3490 contextum
2082 3429 2212 3501 est,
2258 3425 2715 3506 personanihil

331 3531 507 3598 aliud
577 3532 897 3618 significat
964 3535 1089 3597 nisi
1155 3536 1350 3619 caput
1418 3531 1528 3597 vel
1597 3530 1664 3594 id
1733 3530 1903 3616 quod
1966 3531 2195 3616 capitis
2253 3533 2456 3596 instar
2518 3538 2614 3597 est
2643 3531 2713 3614 ⁷).

397 3793 453 3855 1)
487 3791 560 3841 of.
599 3791 816 3852 Kahner,
851 3792 908 3840 G.
943 3791 987 3840 d.
1023 3791 1078 3840 L.
1115 3777 1164 3840 s.
1198 3791 1225 3840 1
1259 3805 1308 3856 p.
1347 3790 1460 3849 658,
1495 3788 1556 3838 11⁰
1593 3790 1682 3848 1s;
1716 3789 1865 3848 stola,
1905 3789 1972 3840 H.
2010 3789 2069 3838 G.
2106 3789 2153 3838 a.
2192 3789 2246 3837 L.
2280 3788 2329 3838 s,
2365 3788 2421 3838 1⁸
2467 3805 2513 3854 p.
2547 3792 2663 3840 488.

396 3875 452 3940 2)
497 3875 571 3923 Of.
620 3874 868 3934 Sommer,.
901 3873 968 3923 H.
1004 3874 1050 3923 d.
1087 3874 1142 3922 L.
1176 3873 1228 3922 L.
1271 3889 1315 3921 u.
1353 3870 1407 3922 F.
1440 3889 1486 3938 p.
1525 3873 1607 3931 48,
1641 3873 1720 3931 50,
1758 3871 1847 3931 025
1883 3871 2106 3935 Lindsay,
2141 3871 2225 3920 the
2259 3871 2314 3921 L.
2351 3872 2404 3921 L.
2440 3870 2511 3919 1v
2547 3873 2600 3933 §5
2634 3873 2714 3929 52,

329 3957 422 4016 933
460 3955 583 4005 VIII
618 3956 740 4019 527.

396 4040 453 4104 3)
489 4038 562 4088 Cf.
597 4038 803 4101 Lindsay
837 4037 908 4087 l.1.
942 4053 990 4103 p.
1027 4038 1151 4096 3035
1189 4036 1414 4096 Venicek,
1450 4037 1528 4086 Et.
1567 4037 1643 4086 W.
1675 4037 1721 4086 d.
1757 4037 1812 4085 L.
1846 4038 1894 4085 S.
1930 4052 1978 4100 p.
2017 4036 2128 4086 165.

393 4123 453 4184 4)
487 4121 684 4186 Saepius
723 4120 870 4170 etiam
903 4135 1100 4185 porrum
1135 4120 1400 4185 capitutum
1435 4120 1628 4178 dicitur,
1665 4118 1948 4185 praesertim
1982 4134 2091 4167 cum
2129 4133 2156 4167 a
2189 4133 2335 4184 porro
2368 4116 2522 4167 sectili
2550 4117 2718 4168 distin·

329 4203 497 4267 guitur
531 4203 615 4266 (cf.
652 4203 794 4252 etiam
831 4199 1064 4263 σκορόδου
1098 4200 1294 4264 κεφαλή
1330 4205 1412 4250 Ar.
1451 4203 1592 4267 Vesp.
1629 4201 1768 4266 679).

396 4289 444 4347 5)
479 4284 551 4335 Cf.
589 4283 884 4343 Ublenbeck,
921 4283 1008 4333 ΔΙ.
1044 4282 1150 4334 Wb.
1185 4299 1236 4348 p.
1271 4284 1367 4332 159
1405 4299 1438 4332 s.
1475 4300 1519 4332 v.
1561 4285 1756 4348 ‚persas
1792 4281 2220 4331 Getreidehiilse?”

396 4366 453 4430 6)
491 4367 563 4416 Cf.
599 4369 833 4424 Sommer,
865 4367 932 4415 l.l.
972 4368 1093 4427 584.
1632 4366 1687 4429 7)
1728 4365 1851 4416 ibid.
1889 4365 2017 4428 §593
2046 4364 2109 4413 cf.
2136 4369 2272 4412 terra
2308 4363 2441 4412 iuxta
2475 4369 2646 4415 torreo,

395 4449 448 4512 7)
485 4449 702 4499 Similem
739 4448 836 4497 vim
871 4448 1016 4498 habet
1045 4449 1200 4497 exitus
1233 4464 1343 4497 -ona
1379 4447 1429 4497 iu
1464 4453 1703 4498 matrona.
1737 4449 1879 4514 Quod
1914 4447 2089 4498 attinet
2115 4448 2175 4496 ad
2203 4463 2407 4506 annona,
2437 4447 2487 4496 id
2516 4448 2716 4498 fortasse

331 4531 449 4580 olim
499 4533 604 4580 erat
653 4530 1074 4595 indigitamentum
1121 4530 1310 4580 Cereris
1356 4530 1438 4593 (cf.
1489 4531 1741 4592 Wissowa,
1796 4531 1855 4578 R.
1906 4547 1952 4581 u.
2007 4532 2064 4580 K.
2106 4530 2171 4579 d.·
2197 4531 2256 4580 R.
2291 4546 2341 4595 Ρ.
2375 4528 2513 4592 247),
2544 4530 2714 4580 deinde
