3392 5384
1138 424 1400 474 mancus
1445 423 1823 473 Ais-remus.
1874 411 1879 416 ’
2592 405 2679 471 81

301 592 530 652 autem
567 590 695 653 viri
733 586 1071 654 clarissimi
1109 588 1328 654 Renan
1369 589 1445 652 de
1482 588 1601 652 hoc
1637 587 1777 653 loco
1814 589 1904 652 sic
1929 586 2295 652 disserentis
2323 590 2688 671 „saeptique

303 712 422 756 sur
467 692 533 757 la
577 714 809 778 guerre
847 693 898 757 11
936 694 1185 759 doutait
1223 693 1298 758 de
1334 693 1399 758 la
1436 693 1785 778 legitimite
1826 692 1903 756 de
1938 712 2036 756 ses
2061 712 2323 776 propres
2347 692 2686 756 victoires''

299 818 546 874 vereor,
613 820 691 863 ne
746 801 959 884 magis
1006 804 1190 863 acute
1238 819 1431 882 quam
1479 819 1628 864 vere
1676 798 1847 861 dicta
1893 799 2057 873 sint,
2106 817 2309 881 neque
2354 797 2521 860 mihi
2567 798 2691 860 An-

211 931 216 938 ·
300 904 602 966 toninum
651 903 825 987 fingo
873 925 1005 981 res,
1055 905 1377 989 imprimis
1424 923 1522 967 res
1569 904 1734 967 tanti
1772 903 2119 978 momenti,
2162 907 2493 986 agentem,
2535 921 2690 985 quas

301 1029 434 1072 non
479 1007 661 1093 plene
709 1014 774 1072 et
821 1029 899 1072 ex
949 1011 1160 1073 animo
1207 1009 1570 1092 probasset,
1621 1006 1859 1072 nedum
1908 1027 1982 1072 ea
2020 1006 2145 1070 sibi
2183 1027 2321 1071 esse
2356 1007 2689 1092 dogmata,

307 1132 472 1196 quae
499 1113 956 1196 praedonibus,
997 1113 1443 1178 declarantem.
1493 1110 1727 1178 Contra
1764 1111 1915 1176 audi
1955 1110 2402 1177 Casaubonum
2442 1118 2506 1175 et
2544 1113 2693 1175 sim-

311 1215 568 1301 pliciter
627 1224 693 1281 et
750 1219 956 1302 perite
1018 1216 1143 1282 loci
1187 1220 1453 1282 initium
1496 1220 2060 1301 interpretantem:
2112 1215 2494 1292 „Sarmatici
2538 1213 2695 1280 belli

307 1320 391 1386 ab
438 1322 758 1385 Antonino
804 1320 1077 1385 feliciter
1113 1322 1384 1386 confecti
1422 1320 1631 1407 gloria
1671 1325 1909 1406 quanta
1947 1320 2172 1397 fuerit,
2215 1320 2440 1384 docent
2474 1319 2692 1383 Histo-

305 1427 444 1509 rici.
514 1425 762 1490 Vanam
843 1426 1207 1510 superbiam
1285 1432 1348 1490 et
1415 1425 1822 1491 insolentiam
1893 1424 2057 1489 ridet
2125 1424 2231 1488 hic
2299 1426 2689 1489 fortissimus

303 1529 626 1615 idemque·
649 1531 1186 1615 prudentissimus
1230 1533 1594 1615 imperator,
1635 1552 1764 1595 non
1802 1551 1926 1615 quo
1967 1531 2310 1614 quicquam
2345 1527 2688 1605 militibus,

313 1638 426 1720 qui
483 1635 800 1701 iuvandae
848 1638 1088 1719 patriae
1137 1641 1252 1700 aut
1300 1638 1588 1700 iustitiae
1633 1638 1803 1699 inter
1846 1635 2140 1699 homines
2187 1634 2457 1711 tuendae
2503 1653 2691 1698 causa

309 1741 626 1826 stipendia
663 1745 989 1806 merentur
1025 1746 1089 1805 et
1128 1743 1451 1826 propriam
1489 1740 1764 1806 salutem
1806 1737 2064 1824 publico
2105 1743 2493 1824 postponunt
2528 1739 2691 1803 bono

310 1845 670 1910 detractum
718 1845 942 1910 velit.''
2376 1907 2383 1916 ,

397 1950 570 2030 Quae
636 1972 785 2015 cum
846 1954 941 2016 ita
1000 1954 1162 2028 sint,
1230 1951 1427 2018 donec
1487 1950 1753 2016 meliora
1814 1949 2054 2027 docear,
2114 1946 2309 2014 verba
2368 1948 2483 2014 illa
2530 1944 2687 2013 οὗτοι

311 2055 438 2133 γάρ
502 2062 779 2141 etqseqq.
842 2059 996 2122 novi
1057 2078 1282 2122 versus
1328 2058 1529 2121 initio'
1561 2054 1925 2121 collocanda
1973 2075 2109 2120 esse
2155 2075 2409 2133 censae,
2460 2059 2535 2117 ut
2579 2075 2693 2138 per

313 2181 376 2224 se
421 2162 744 2245 integram
791 2160 1063 2226 efficiant
1108 2161 1657 2226 exclamationem.

397 2406 719 2486 Ibid.‚3l.
783 2406 847 2472 τί
903 2404 1000 2473 οὖν
1064 2407 1324 2488 &nulum
1389 2408 1452 2472 τί
1511 2409 1563 2472 δ’
1612 2409 1719 2472 οὐκ
1769 2409 1945 2485 ἀρκεῖ
1990 2430 2079 2471 σοι
2129 2406 2197 2470 τὸ
2246 2406 2465 2486 βράχυ
2510 2411 2688 2471 τοῦτο

307 2513 568 2586 κοσμίως
633 2511 1038 2590 Bran-epham
1106 2509 1232 2576 οἵαν
1295 2510 1444 2583 ὕλην
1492 2513 1594 2576 καὶ
1644 2512 1922 2577 ὑπόθεσιν
1969 2511 2268 2591 medatem-3
2319 2513 2491 2578 κακὲ.
2565 2514 2689 2579 Per

305 2617 500 2681 verba
560 2614 689 2680 οἵαν
749 2614 896 2691 ὕλην
945 2623 1223 2703 etqseqq.
1273 2624 1523 2682 novum·
1563 2620 1762 2703 incipi
1809 2623 2268 2703 argumentum
2316 2621 2517 2682 totius
2563 2618 2689 2683 loci

305 2725 486 2784 tenor
565 2728 781 2806 aperte
858 2722 1056 2788 docet.
1144 2724 1356 2808 Atque
1425 2724 1599 2788 idem
1666 2725 1796 2788 fere
1865 2726 2080 2788 visum
2147 2744 2281 2788 esse
2352 2726 2688 2808 interpreti

305 2823 617 2890 Fournier
679 2829 987 2911 suspicor,
1045 2830 1158 2912 qui
1204 2830 1554 2893 rectissime
1602 2834 1820 2892 monet
1866 2830 2060 2893 verba
2105 2827 2220 2892 illa
2267 2850 2393 2893 non
2438 2849 2551 2912 per
2595 2830 2688 2892 in-

305 2933 802 3017 terrogationem
852 2933 962 2997 sed
1009 2954 1121 3018 per
1161 2933 1692 2998 exclamationem
1740 2933 2049 2998 efferenda
2095 2954 2249 2998 esse.

402 3178 516 3246 XI.
567 3178 631 3244 8.
701 3228 714 3244 .
747 3227 760 3244 .
791 3227 806 3244 .
837 3227 850 3244 .
909 3178 944 3244 δ’
986 3180 1049 3244 τί
1097 3204 1244 3244 ποτε
1295 3179 1578 3256 λέγουσιν
1627 3182 1679 3244 οἱ
1731 3181 2083 3258 Φυτουργοί.
2135 3180 2499 3258 ὃμοθαιμνεῖν
2548 3181 2682 3258 μέν,

311 3288 395 3360 μὴ
460 3286 914 3360 ὅμοδογματεῖν
977 3285 1059 3349 δέ.
1130 3285 1504 3350 Audiendus
1565 3294 1702 3351 erat
1761 3284 2205 3361 Oasaubonus,
2271 3288 2382 3369 qui
2440 3286 2685 3350 iudicat

309 3391 498 3454 verba
544 3389 809 3467 ultima,
851 3393 972 3455 etsi
1011 3391 1480 3475 quodammodo
1518 3412 1667 3455 cum
1709 3391 2230 3476 praecedentibus
2275 3391 2682 3468 cohaereant,

309 3499 517 3560 tamen
565 3494 773 3559 multo
820 3494 1054 3560 melius
1091 3517 1256 3561 nova
1293 3495 1497 3561 alinea
1537 3516 1573 3560 a
1611 3496 2044 3581 superioribus
2086 3495 2419 3580 distingui.
2470 3496 2681 3580 Atque

311 3600 398 3663 sic
458 3601 702 3684 optime
753 3599 1116 3664 infinitivus
1174 3599 1284 3664 ille
1346 3622 1459 3684 pro
1520 3603 1904 3685 imperativo
1968 3598 2226 3664 effertur
2273 3620 2475 3684 neque
2523 3621 2681 3684 opus

312 3710 404 3767 est
463 3705 879 3781 coniecturis,
942 3705 1174 3789 quibus
1233 3710 1330 3769 sat
1389 3704 1616 3769 multis
1675 3704 1891 3769 locum
1951 3710 2280 3769 tentarunt
2341 3706 2468 3769 viri
2514 3704 2683 3769 docti

312 3827 346 3871 a
391 3805 538 3873 Gat.
585 3807 849 3873 laudati.

394 4055 643 4120 Paucos
692 4060 945 4120 tantum
993 4046 1186 4120 attuli
1229 4055 1437 4133 locos,
1484 4058 1551 4119 in
1599 4056 1834 4139 quibus
1883 4055 2033 4120 ordo
2082 4061 2147 4120 et
2192 4076 2391 4120 nexus
2437 4060 2682 4120 senten-

313 4159 544 4223 tiarum
587 4160 883 4224 turbatus
906 4160 1163 4226 videtur
1170 4180 1186 4237 ;
1221 4158 1380 4225 alios
1403 4180 1729 4244 superesse
1753 4160 1913 4223 mihi
1941 4165 2206 4225 constat.
2247 4160 2505 4224 Etenim
2530 4181 2677 4224 cum

313 4267 791 4330 commentarios
832 4264 1184 4350 perlegenti
1208 4267 1371 4329 mihi
1394 4267 1602 4350 magis
1627 4267 1960 4350 magisque
1983 4265 2459 4362 persuadeatur,
2488 4267 2682 4331 Anto-

313 4370 528 4433 ninum
578 4390 724 4433 eum
775 4372 1147 4454 scriptorem
1195 4370 1419 4448 fuisse,
1472 4372 1582 4454 qui
1627 4374 1693 4434 et
1740 4376 1921 4434 acute
1968 4371 2249 4455 cogitare
2296 4376 2360 4434 et
2399 4373 2680 4456 cogitata

311 4470 518 4538 lucide
560 4493 874 4558 exponere
914 4476 1155 4558 optime
1194 4474 1548 4551 didicisset,
1588 4477 1791 4537 immo
1831 4477 1972 4558 qui,
2015 4475 2170 4538 dum
2210 4496 2342 4539 rem
2385 4497 2567 4540 suam
2615 4483 2678 4540 et

2355 4595 2386 4641 a
