3392 5384
670 387 800 454 336
1449 406 1534 453 nr.
1580 405 1920 455 cm'rmno
1966 406 2280 455 Ain-msc.

667 570 837 637 Naxi
883 570 1167 650 insulae,
1218 573 1450 657 quibus
1499 571 1607 638 vel
1653 572 1858 638 Sileni
1906 571 2011 639 vel
2056 572 2333 661 Dionysi
2379 578 2573 659 caput
2616 579 2714 641 est
2757 577 3062 642 incusum

667 677 846 760 (ibid.
907 700 968 764 p.
1022 676 1181 758 416)
1228 683 1310 743 -et
1360 727 1557 745 .....
1607 682 1863 743 nummi
1925 680 2229 757 Aetnaei,
2294 682 2406 766 qui
2468 687 2663 766 caput
2725 683 3063 767 proferunt

665 785 1008 850 barbatum
1069 784 1291 850 Sileni.
1355 782 1447 849 At
1494 793 1822 871 praeterea
1864 788 1933 850 in
1981 788 2267 851 nummis
2314 784 2675 874 Aphytaeis
2723 794 2788 853 et
2833 788 3061 855 Naxiis

666 894 895 977 aspicis
955 890 1228 978 Dionysi
1277 893 1668 956 attributum
1717 891 2074 977 peculiare,
2123 913 2354 978 nempe
2403 892 2714 974 κάνθαρον,
2763 916 2892 959 non
2931 896 3065 960 bes-

664 996 893 1063 tiolam
953 998 1061 1064 sed
1124 997 1452 1083 poculum.
1516 997 1645 1063 Ubi
1704 998 1824 1063 hoc
1879 999 1946 1062 in
2003 998 2490 1064 tetradrachmis
2537 997 2883 1065 Aetnaeis?
2942 1001 3071 1065 Ab·

665 1111 843 1171 estne
905 1105 932 1169 ὃ
997 1102 1333 1184 κάνθαροςῗ
1395 1104 1812 1190 Respondebo
1860 1126 2038 1170 more
2084 1108 2257 1171 servi
2304 1105 2675 1191 Euripidei:
2731 1107 2952 1183 „abest
3000 1112 3066 1172 et

665 1234 790 1278 non
852 1208 1109 1277 abest’'!
1171 1210 1341 1277 Nam
1391 1211 1568 1276 vides
1616 1214 1834 1277 abesse
1883 1210 2224 1297 poculum,
2274 1212 2385 1277 sed
2430 1212 2609 1278 adest
2655 1214 2682 1279 ὅ
2732 1213 3063 1293 κάνθαρος-ε

665 1319 1054 1384 scarabaeus,
1105 1317 1260 1397 Quis
1310 1315 1462 1382 talia
1509 1315 1713 1383 lusit?
1761 1317 2135 1397 Nescimus,
2186 1318 2297 1383 sed
2344 1339 2530 1397 cum,
2579 1321 2759 1384 utin
2798 1320 3065 1385 omnibus

666 1426 1153 1491 Mediterraneis
1191 1424 1593 1511 regionibus,
1635 1426 1706 1488 in
1745 1425 1961 1488 Sicilia
2002 1446 2254 1511 quoque
2278 1428 2681 1491 inveniretur
2706 1426 2732 1490 ὃ
2759 1426 3061 1507 κάραβος,

661 1530 1108 1618 intellegimus
1156 1533 1489 1595 materiem
1539 1528 1803 1596 ludendi
1857 1568 1942 1579 —
1990 1530 2098 1596 vel
2146 1534 2202 1596 si
2246 1533 2455 1596 mavis
2502 1534 2750 1617 copiam
2789 1537 2854 1598 et
2893 1553 3067 1598 occa-

664 1640 911 1703 sionem
973 1638 1249 1723 insignis
1309 1636 1609 1702 mutandi
1659 1674 1741 1684 —
1790 1639 1858 1703 in
1919 1644 2225 1725 promptu
2289 1638 2504 1703 fuisse.
2572 1636 2739 1703 Nam
2780 1639 3062 1721 poculum

663 1747 904 1829 optime
951 1745 1250 1809 convenit
1295 1743 1562 1835 Dionyso
1609 1749 1674 1808 et
1721 1745 2045 1808 cantharus
2092 1746 2495 1825 (scarabaeus)
2536 1766 2661 1810 non
2701 1744 2869 1809 male
2909 1744 3062 1811 Dio-

664 1854 812 1938 nysi
853 1850 1123 1932 παρέδρῳ
1168 1850 1439 1914 Ammoni
1482 1849 1781 1934 aegyptio.
1829 1850 1914 1915 Et
1960 1871 2214 1928 revera,
2263 1852 2520 1916 nummi
2556 1848 2858 1917 Gatanaei
2900 1854 2970 1931 (i.
2999 1873 3056 1917 e.

666 1959 960 2037 Aetnaei)
999 1960 1178 2023 aenei
1215 1956 1654 2023 Romanorum
1694 1958 1813 2039 sub
1852 1960 2125 2042 imperio
2164 1960 2301 2023 cusi
2339 1956 2543 2023 Sileni
2581 1979 2829 2044 quoque
2861 1964 3060 2045 caput

666 2086 816 2130 cum
862 2064 1168 2128 Ammonis
1213 2062 1330 2129 illo
1376 2066 1831 2132 immutarunt.

758 2170 1112 2236 Ludicrum
1182 2170 1575 2236 attributum
1644 2171 1724 2235 ab
1784 2169 2066 2236 Hierone
2128 2170 2392 2235 fortasse
2453 2171 2796 2237 inventum
2860 2171 3060 2237 Athe-

665 2279 914 2343 nienses
982 2278 1207 2363 fugere
1273 2298 1399 2342 non
1468 2279 1683 2363 potuit
1702 2296 1720 2353 3
1792 2274 2226 2342 subridiculus
2294 2276 2639 2343 videbatur
2700 2283 3059 2364 tyrannus,

665 2385 773 2471 qui
820 2384 1074 2471 foetido
1144 2385 1388 2448 ateucho
1456 2386 1543 2448 ad
1608 2406 1869 2448 nummos
1936 2384 2076 2448 novi
2136 2383 2381 2467 imperii
2440 2383 2540 2448 sui
2599 2387 2901 2449 ornandos
2956 2384 3056 2448 uti

663 2498 980 2558 statuerat.

754 2597 1149 2664 Irridebatur
1189 2598 1396 2683 igitur
1439 2596 1673 2661 leniter
1719 2597 1796 2661 ab
1843 2595 2161 2683 Aeschylo
2211 2617 2246 2662 a
2286 2598 2545 2662 comicis
2586 2598 2805 2663 acerbe
2842 2619 3055 2664 novus

661 2702 774 2770 ille
819 2704 1048 2783 homo,
1099 2706 1211 2790 qui
1257 2704 1646 2783 doctrinam,
1697 2710 1898 2781 arteS,
1948 2701 2200 2769 cultum
2238 2702 2602 2769 lonicorum
2642 2712 2945 2790 appetens
2983 2709 3055 2771 in

664 2832 793 2877 uno
857 2832 1125 2877 nummo
1183 2810 1337 2895 quid
1399 2832 1525 2876 non
1587 2795 2015 2895 expresserat;
2064 2830 2218 2874 nam
2264 2815 2515 2895 praeter
2560 2796 2854 2876 Silenum
2900 2834 3053 2877 cum

664 2920 993 2984 scarabaeo
1036 2919 1129 2982 ibi
1171 2918 1619 2985 inveniebatur
1663 2917 1953 3003 Iuppiter
1998 2916 2165 3003 pelle
2211 2922 2419 2983 tectus
2466 2917 2755 2997 leonina,
2804 2919 3054 2985 fulmen

665 3023 950 3102 alatum,
1017 3024 1268 3109 aquila,
1332 3027 1542 3110 pinus.
1619 3023 1797 3103 „Ohe
1858 3025 1990 3089 iam
2052 3025 2244 3103 satis,
2308 3046 2345 3089 o
2408 3023 2751 3090 barbarel''
2824 3025 3054 3092 clama·

663 3132 816 3197 bant
877 3132 1112 3209 Attici,
1180 3130 1392 3215 „quod
1453 3152 1604 3197 vero
1652 3130 1755 3195 ad·
1778 3130 2187 3195 scarabaeum
2237 3135 2424 3195 tuum
2474 3132 2741 3210 attinet,
2790 3154 2916 3197 non
2962 3135 3055 3198 sic

665 3235 946 3304 abibis!”

755 3346 990 3412 Eratne
1056 3348 1265 3433 igitur
1314 3343 1798 3411 'animalculum
1868 3343 2037 3410 illud
2100 3345 2461 3410 Aetnaeum
2524 3382 2610 3395 —
2672 3367 2841 3411 nunc
2900 3346 3050 3413 volo

659 3457 892 3522 vivum
931 3453 1314 3530 ateuchum‚
1356 3473 1549 3538 quem
1590 3453 1828 3517 montis
1866 3452 1985 3516 sub
2027 3451 2345 3517 radicibus
2385 3452 2725 3538 captabant
2755 3455 2939 3538 pueri
2962 3491 3047 3501 —

659 3562 846 3627 solito
900 3558 1150 3625 maius?
1212 3556 1524 3625 Minime!
1589 3560 1679 3623 At
1728 3579 1889 3644 quae
1937 3558 2197 3624 tandem
2243 3558 2371 3622 fuit
2415 3578 2637 3638 causa,
2684 3580 2799 3623 cur
2845 3562 3050 3626 maior

662 3668 1004 3733 haberetur
1064 3666 1091 3729 ὃ
1157 3667 1441 3736 Αἰτναῖος
1493 3661 1828 3745 κάνθαροςῖ
1888 3665 2053 3745 Quia
2100 3664 2271 3730 fama
2320 3669 2613 3730 crescunt
2659 3668 2893 3744 omnia,
2943 3666 3049 3732 vel

662 3774 953 3838 minima.
1039 3771 1181 3837 Non
1261 3774 1434 3838 enim
1514 3776 1801 3857 poterat,
1885 3773 2042 3856 quin
2124 3773 2288 3837 mira
2358 3771 2627 3837 bestiola
2698 3793 3049 3858 permagna

661 3878 871 3957 fieret,
941 3876 1209 3943 simulac
1266 3876 1526 3943 laudem
1588 3879 1727 3943 eius
1787 3897 2009 3943 canere
2053 3879 2427 3963 inceperunt
2471 3876 2762 3943 homines
2808 3880 3052 3944 Aristo-

639 3985 914 4070 ,phanei.
