3392 5384
640 414 775 482 218
1686 428 1995 479 nonnus.

650 597 1009 687 magistelli
1055 603 1205 665 nota
1248 595 1656 684 marginalis:
1707 596 1802 677 (2)
1849 594 2442 662 Demonstrativum
2487 601 2553 662 et
2596 601 2788 683 gestu
2835 594 3036 681 expli-

646 706 944 774 candum.

740 812 840 879 IP
903 812 1137 878 Donati
1198 810 1515 876 scholium
1580 812 1677 876 sic
1725 812 2018 877 variavit
2067 815 2132 876 et
2176 812 2396 876 auxit:
2447 810 2543 893 (3)
2591 810 2799 891 Quam
2847 812 3042 895 parti-

642 920 950 997 culatim,
1011 941 1161 985 cum
1209 940 1333 1005 qua
1380 917 1726 1005 diligentia
1775 924 1838 984 et
1892 917 2200 989 δεικτικῶς
2251 918 2432 983 iubet
2479 921 2660 1004 quasi
2689 918 2736 1000 ¹)
2783 919 3037 983 novicio

640 1034 704 1093 et
751 1024 1088 1112 imperito!

731 1132 892 1198 Ibid.
946 1131 1035 1196 53
1102 1132 1242 1218 Ego
1288 1129 1467 1196 limis
1514 1136 1729 1215 specto
1777 1132 1868 1195 sic
1914 1151 2028 1215 per
2072 1130 2400 1196 flabellum
2447 1129 2810 1196 clanculum

734 1239 829 1320 (2)
904 1237 1195 1316 „bimis”
1262 1239 1317 1302 si
1378 1239 1818 1302 nominativus
1883 1243 1978 1301 est
2041 1236 2423 1323 singularis,
2487 1242 3032 1302 transversus

640 1345 995 1433 significat,
1045 1347 1100 1408 si
1146 1345 1462 1429 septimus
1508 1341 1816 1427 pluralis,
1868 1343 2046 1408 deest
2095 1342 2409 1419 „oculis'’.
2559 1343 2653 1425 (3)
2698 1343 2867 1409 Nam
2918 1342 3037 1420 „li-

642 1451 807 1518 mis”
858 1457 954 1517 est
1000 1457 1433 1529 transversus,
1482 1449 1651 1514 unde
1698 1448 1957 1514 limen
2008 1470 2258 1536 quoque
2308 1449 2564 1528 dicitur,
2615 1448 2785 1535 quod
2822 1452 3038 1535 ingre-

642 1559 965 1625 dientibus
1003 1558 1511 1643 exeunt-ibusque
1552 1562 1994 1621 transversum
2035 1561 2134 1620 est
2148 1556 2164 1633 ζ
2209 1577 2356 1621 cum
2390 1558 2600 1643 igitur
2623 1555 3038 1621 dissimulant

640 1686 707 1730 se
755 1665 1047 1729 homines
1095 1662 1313 1729 videre
1362 1661 1531 1747 quod
1580 1662 1807 1727 vident
1844 1674 1908 1726 et
1946 1682 2070 1726 non
2111 1667 2283 1728 recte
2323 1662 2481 1727 facie
2521 1661 2630 1727 sed
2669 1667 3037 1726 transversa

638 1774 992 1848 intuentur,
1058 1769 1307 1835 limes
1357 1770 1661 1835 dicuntur
1707 1772 2007 1854 aspicere.
2153 1768 2249 1851 (4)
2297 1767 2466 1835 Cum
2510 1768 2697 1833 limi
2739 1768 3039 1833 dicantur

641 1878 884 1965 obliqui
930 1877 1339 1965 generaliter,
1390 1884 1509 1943 hoc
1557 1884 1771 1941 tamen
1820 1878 2072 1962 proprie
2119 1876 2196 1941 de
2243 1875 2444 1943 oculis
2492 1876 2747 1941 dicitur.

736 1983 1056 2069 Compara
1118 2006 1266 2050 cum
1329 1985 1432 2049 his
1492 1984 1758 2049 Festum
1820 2005 1883 2068 p.
1936 1983 2104 2049 116:
2154 1984 2394 2049 limis
2443 1982 2774 2069 obliquus,
2821 1982 2890 2047 id
2936 1988 3038 2047 est

645 2097 1079 2168 transversuS,
1128 2091 1296 2157 unde
1344 2098 1409 2156 et
1447 2089 1694 2156 limina.
1837 2089 2061 2155 Isidor.
2112 2089 2218 2155 Or.
2268 2088 2388 2153 XV
2432 2088 2533 2154 14.
2561 2089 2602 2154 2
2650 2089 3039 2154 Transversa

646 2198 861 2263 omnia
907 2200 1154 2283 antiqui
1202 2196 1406 2263 lima
1452 2197 1783 2274 dicebant,
1833 2217 1871 2261 a
1919 2218 2044 2281 quo
2091 2202 2156 2261 et
2199 2195 2430 2261 limina
2467 2199 2780 2261 ostiorum
2823 2243 2836 2259 .
2868 2243 2881 2259 .
2913 2244 2926 2259 .
2968 2200 3036 2259 et

644 2304 924 2381 limites,
966 2309 1115 2371 cett.
1271 2302 1483 2369 Gloss.
1528 2302 1613 2368 VI
1658 2301 1788 2366 664
1830 2301 2068 2367 limis
2109 2301 2283 2379 λόξος
2329 2349 2344 2367 .
2374 2351 2388 2367 .
2420 2351 2433 2367 .
2484 2302 2711 2367 Strabo
2756 2300 3038 2386 obliquis

646 2409 777 2491 (vel
817 2409 1139 2497 obliquus)
1181 2410 1400 2475 oculis.
1542 2409 1993 2496 Eugraphius:
2038 2408 2312 2488 Quidam
2350 2407 2730 2495 intellig-unt
2773 2408 3036 2486 „limis”

647 2516 959 2603 obliquis,
1010 2517 1180 2602 quod
1226 2516 1461 2594 limen,
1512 2538 1661 2582 cum
1704 2515 2147 2593 ambulamuS,
2186 2518 2406 2581 itineri
2443 2519 2659 2581 nostro
2697 2514 3036 2601 obliquum

646 2630 775 2701 est3
826 2623 939 2689 alii
986 2622 1367 2710 intelligunt
1411 2622 1629 2701 „limis
1669 2622 1938 2699 oculis”,
1981 2621 2325 2708 paululum
2366 2624 2589 2700 tortis3
2631 2622 2742 2687 alii
2769 2621 3035 2701 „limis”

647 2733 1000 2796 coniunctis
1062 2729 1141 2795 ad
1203 2730 1565 2804 flabellum,
1628 2736 1705 2793 ut
1769 2728 2042 2793 Plautus
2088 2729 2252 2793 dixit
2303 2729 2717 2814 „Numquam
2766 2750 2914 2795 cum
2961 2746 3040 2795 ea

647 2836 880 2902 limavi
934 2834 1168 2920 caput”
1232 2835 1300 2900 id
1366 2841 1463 2900 est
1524 2837 1844 2900 coniunxi.
1953 2834 2134 2899 Serv.
2201 2834 2279 2900 ad
2325 2836 2482 2900 Aen.
2531 2834 2661 2899 XII
2708 2834 2838 2900 120
2884 2856 3038 2900 nam

646 2942 940 3007 limum
1002 2930 1334 3028 obliquum
1398 2940 1710 3019 dicimus,
1773 2941 1942 3006 unde
2005 2947 2071 3006 et
2131 2941 2466 3007 Terentius
2515 2941 2734 3020 „limis
2790 2941 3038 3007 oculis”

648 3048 838 3127 dicit,
886 3047 955 3112 id
1000 3055 1096 3113 est
1144 3047 1444 3134 obliquis,

735 3154 1067 3220 Scholium
1114 3155 1229 3237 (2),
1280 3158 1413 3222 sine
1461 3155 1776 3221 decisione
1818 3157 1886 3219 in
1933 3176 2002 3219 re
2045 3160 2182 3220 tam
2227 3157 2524 3241 ancipiti,
2567 3154 2816 3221 Donato
2857 3155 3041 3222 dede-

645 3263 805 3339 rim,
868 3284 981 3327 nee
1043 3284 1169 3327 non
1235 3262 1329 3343 (3)
1391 3284 1505 3347 per
1568 3261 1804 3335 „nam”
1868 3264 2066 3347 priori
2113 3268 2282 3327 recte
2345 3265 2660 3327 iunctum.
2723 3261 2892 3327 Tum
2940 3263 3038 3346 (4)

645 3367 812 3433 alius
859 3374 986 3445 est,
1028 3369 1305 3455 ³fortasse
1352 3369 1655 3433 Edit-oris.

737 3474 898 3540 Ibid.
952 3474 1037 3539 56
1110 3476 1207 3540 An
1271 3496 1390 3561 ego
1453 3478 1846 3541 occasionem
1911 3475 2076 3539 mihi
2138 3480 2487 3552 ostentam,
2552 3480 2835 3554 tantam,
2897 3481 3036 3540 tam

648 3587 969 3668 optatam,
1019 3587 1155 3647 tam
1201 3585 1593 3667 insperatam
1641 3580 2054 3647 amitterem?

739 3688 838 3752 IP
887 3688 982 3770 (4)
1028 3688 1187 3753 Vide
1236 3694 1473 3773 quauta
1519 3688 1788 3754 dixerit:
1840 3710 1963 3753 non
2015 3687 2508 3774 „voluptatem”
2560 3690 2674 3770 (sic
2719 3688 2878 3776 leg.)
2923 3690 3036 3755 sed

653 3777 1159 3872 „occasionem”,
1218 3817 1342 3859 non
1410 3794 1830 3873 „adversam”
1893 3795 2001 3861 sed
2065 3795 2559 3875 „ostentatam”,
2611 3818 2734 3862 non
2787 3797 3034 3874 „hanc”

649 3900 759 3967 sed
806 3900 1162 3979 „tantam”,
1212 3923 1336 3967 non
1387 3902 1814 3989 „angustam”
1865 3902 1972 3967 sed
2023 3901 2394 3980 „brevem”,
2429 3924 2553 3968 non
2599 3902 3038 3988 „appetitam”

648 4007 756 4073 sed
809 4007 1284 4092 „exoptatam”,
1345 4029 1472 4072 non
1524 4008 2008 4093 „repentinam”
2062 4008 2171 4073 sed
2221 4007 2735 4093 „insperatam'’!
2876 4009 3036 4076 Don.

648 4112 741 4178 nil
786 4116 908 4178 nisi
957 4115 1103 4179 hoc:
1150 4115 1246 4197 (5)
1288 4116 1446 4180 bene
1491 4116 2000 4200 „insperatam”:
2045 4115 2222 4181 aliud
2261 4118 2432 4180 enim
2474 4116 2599 4181 sibi
2638 4119 3037 4201 promiserat,

650 4226 723 4284 ut
762 4242 953 4306 supra
994 4221 1275 4287 diximus
1316 4226 1435 4301 (ve.
1465 4221 1597 4302 36),
1638 4243 1764 4287 non
1803 4222 1969 4307 quod
2011 4224 2265 4307 pictura
2300 4226 2666 4308 occasioque
2699 4226 3036 4309 persuasit.

716 4484 769 4548 1)
816 4482 923 4531 Hac
968 4482 1204 4547 particula
1253 4481 1581 4547 Interpolator
1626 4481 1677 4530 in
1723 4481 2048 4546 superioribus
2091 4482 2284 4532 scholiis
2321 4488 2376 4532 ut
2412 4483 2490 4533 hic
2526 4484 2785 4533 identidem
2821 4498 2932 4534 usus
2964 4490 3040 4535 est

642 4581 774 4618 more
806 4565 1000 4615 Taciteo
1033 4580 1122 4631 pro
1168 4581 1197 4630 q
1218 4565 1451 4630 nimie,
1490 4567 1539 4614 et
1568 4566 1844 4631 ceteroquin
1881 4564 2142 4615 delectatur
2176 4565 2265 4615 hac
2301 4566 2480 4616 vocula.
