3392 5384
661 419 797 485 240
1704 436 2015 489 nonai-ns.

662 605 933 684 diocria,
974 606 1437 690 incipimus
1482 605 1746 689 negotia
1786 603 1994 690 (legez
2039 606 2417 691 negotiosa),
2459 610 2525 671 et
2562 605 2619 671 V
2657 605 2723 672 8.
2747 606 2786 672 5
2835 609 3052 673 inve-

659 713 843 777 nire
889 712 1193 795 sapientis
1241 715 1372 788 est,
1418 712 1801 795 incipere
1850 709 2144 787 audacie,
2191 712 2626 795 perficere
2673 717 3048 780 constantis.

748 817 911 882 Ibid.
962 816 1003 880 4
1075 816 1338 881 Utinam
1384 816 1506 881 tibi
1552 818 1992 903 commitigari
2040 816 2295 883 videam
2345 816 2627 883 sandalio
2676 826 2873 905 caput

749 923 846 1004 (2)
890 922 1050 988 Plus
1092 922 1258 987 dixit
1299 921 1575 1007 „caput”
1619 943 1815 1008 quam
1855 921 2052 988 aliam
2094 929 2345 1008 partem
2385 927 2662 1010 corporis
2700 926 3052 993 verberari.

659 1028 757 1111 (3)
804 1035 870 1095 et
914 1032 1111 1094 mire:
1160 1028 1580 1095 calciamento
1628 1034 1842 1115 caput.
1982 1029 2351 1116 Utrumque
2396 1030 2752 1097 inficetum.

750 1244 807 1310 V
852 1244 915 1310 8.
944 1243 985 1310 6
1010 1217 1027 1231 ⁰
1053 1244 1191 1311 Scis
1241 1242 1650 1330 Pamphilam
1699 1264 1914 1309 meam

750 1352 846 1431 (1)
888 1351 1216 1416 Amatoria
1256 1350 1423 1415 dixit
1466 1350 1789 1427 „meam'',
1830 1388 1914 1399 —
1943 1349 2047 1415 vel
2071 1352 2290 1435 potius
2317 1372 2654 1437 „sponsam
2685 1354 2937 1420 meam'’
2965 1394 3050 1406 -

657 1458 724 1523 id
772 1462 869 1524 est
914 1479 1149 1543 quam
1198 1478 1395 1523 am0.
1535 1457 1956 1522 Manifestum
2007 1457 2326 1524 emblema
2373 1462 2622 1525 not-avit
2671 1460 2913 1527 Wessn.

746 1564 909 1630 Ibid.
961 1564 1001 1629 9
1070 1564 1265 1629 Thais
1311 1565 1480 1650 patri
1528 1584 1593 1629 se
1642 1562 2121 1630 commendavit
2164 1567 2232 1629 in
2285 1564 2653 1632 clientelam
2699 1573 2765 1633 et
2812 1568 3004 1633 fidem

747 1671 844 1752 (1)
891 1671 1030 1736 Hoc
1078 1676 1208 1748 est,
1261 1669 1427 1755 quod
1476 1670 1723 1755 profuit
1769 1670 2141 1735 Phaedriae.
2326 1671 2423 1753 (2)
2473 1670 2589 1750 „In
2637 1673 3048 1739 clientelam''

657 1784 735 1843 ut
780 1782 1051 1855 ametur,
1107 1780 1215 1855 „in
1265 1776 1498 1841 fidem''
1550 1782 1625 1841 ut
1671 1776 2066 1842 defendatur.
2681 1800 2688 1805 ·

748 1882 1054 1949 Formula
1119 1882 1603 1959 „commendare
1664 1902 1732 1946 se
1789 1883 1856 1945 in
1903 1882 1982 1947 cl.
2033 1888 2098 1948 et
2145 1882 2248 1948 fid.
2299 1882 2487 1949 alic.''
2537 1885 2892 1971 significat,
2942 1908 3054 1972 pa-

657 1996 921 2057 tronum
960 2012 1106 2056 eum
1150 2010 1371 2076 capere
1409 1989 1567 2068 (vid.
1610 2010 1707 2055 vs.
1752 1988 1884 2053 886
1935 1994 2000 2055 et
2041 1989 2224 2056 Fab.
2269 1990 2346 2055 ad
2387 1990 2450 2055 h.
2477 1990 2570 2070 l.).
2612 1991 2791 2072 Quod
2830 1997 3050 2059 autem

658 2096 851 2162 Thais
920 2096 1039 2161 hoc
1110 2096 1297 2174 fecit,
1367 2095 1434 2161 id
1505 2118 1630 2161 non
1703 2096 1948 2181 profuit
2016 2096 2402 2177 Phaedriae,
2469 2098 2577 2164 sed
2638 2099 2922 2185 proderit
2981 2103 3050 2166 in

657 2209 1006 2289 posterum.
1071 2202 1373 2268 Alterum
1424 2202 1745 2268 scholium
1791 2206 1929 2268 vim
1979 2203 2295 2269 formulae
2343 2225 2468 2269 non
2518 2225 2668 2272 vere
2717 2207 3050 2291 expressit.

656 2310 1023 2395 Utrumque
1067 2309 1381 2375 scholium
1431 2317 1803 2395 suspectum
1827 2316 1963 2401 est.

746 2417 907 2484 Ibid.
959 2416 1044 2481 14
1125 2416 1494 2501 Numquid,
1560 2414 1853 2495 GnathO,
1902 2423 1975 2481 tu
2027 2416 2280 2482 dubitas
2328 2419 2483 2502 quin
2530 2438 2652 2505 ego
2699 2439 2866 2484 nunc
2913 2440 3050 2505 per·

655 2531 851 2613 petuo
896 2520 1241 2610 perierim?
1310 2520 1445 2589 Gn.
1498 2522 1648 2588 Sine
1697 2524 1930 2601 dubio,
1980 2525 2205 2609 opinor

746 2632 844 2711 (1)
911 2629 1102 2708 „Sine
1164 2629 1390 2708 dubio,
1456 2630 1719 2714 opinor''
1771 2631 1922 2714 quia
1966 2651 2092 2695 non
2141 2632 2285 2714 quis
2334 2627 2573 2695 dicitur
2615 2637 3040 2717 perpetuo

656 2742 950 2826 periisse3
1016 2736 1170 2822 quid
1218 2739 1391 2801 enim
1438 2757 1603 2821 opus
1648 2736 1767 2801 hac
1815 2739 2187 2821 exceptione
2235 2743 2366 2816 est,
2419 2737 2669 2822 quando
2715 2759 2903 2803 nemo
2949 2740 3045 2802 ita

650 2847 821 2932 perit
858 2850 933 2909 ut
968 2841 1412 2927 temporaliter
1449 2846 1666 2926 pereat
1707 2846 1772 2905 et
1809 2846 2028 2927 postea
2067 2841 2178 2907 fiat
2216 2863 2342 2907 non
2366 2839 2700 2928 perditus?
2748 2841 3044 2910 Correxit

644 2953 964 3038 parasitus
1008 2947 1197 3013 stulti
1241 2948 1487 3013 dictum
1535 2946 1799 3029 militis,
1846 2969 1973 3013 non
2018 2946 2212 3013 illum
2264 2948 2656 3036 „perpetuo”
2701 2949 2811 3015 sed
2856 2952 3034 3027 „sine

649 3057 885 3123 dubio'’
933 3057 1213 3141 periisse.
1368 3053 1464 3134 (2)
1514 3054 1704 3132 „Sine
1753 3053 1994 3132 dubio,
2030 3054 2331 3139 opinor”:
2385 3060 2492 3132 „te
2533 3056 2874 3140 periisse’';
2917 3078 3034 3141 pro

652 3170 823 3230 certo
858 3162 1270 3229 confirmatur
1306 3164 1569 3247 periisse
1609 3160 1828 3238 miles,
1870 3168 1945 3225 ut
1983 3168 2128 3247 post
2168 3167 2264 3227 tot
2305 3182 2573 3227 munera
2598 3183 2677 3227 ex
2703 3162 3034 3248 desperato

653 3268 918 3356 supplex
940 3317 957 3347 ,
1008 3290 1081 3334 ex
1132 3267 1421 3353 supplice
1470 3270 1718 3353 patiens
1765 3266 1988 3332 rivalis
2037 3269 2290 3333 existat.

746 3375 1138 3442 Scholiastae
1204 3376 1610 3440 consentiunt
1676 3376 1858 3452 „sine
1921 3373 2156 3439 dubio''
2221 3376 2541 3460 pertinere
2603 3374 2681 3439 ad
2741 3374 2811 3439 id
2872 3375 3066 3460 quod·

655 3483 845 3548 miles
895 3482 1057 3547 dixit
1107 3480 1520 3567 „perierim'',
1568 3502 1693 3545 non
1742 3480 1820 3545 ad
1872 3480 2205 3565 „opinor’'.
2251 3479 2358 3546 Sic
2403 3479 2789 3567 simpliciter
2835 3481 3044 3548 Dona—

616 3594 761 3655 'tus
820 3590 1134 3653 nimirum
1193 3590 1261 3651 in
1325 3586 1443 3666 (2),
1508 3586 1665 3651 dum
1713 3586 1940 3651 Editor
1984 3586 2052 3649 id
2102 3588 2385 3670 speciosa
2430 3592 2494 3651 et
2537 3586 2806 3653 obscura
2849 3587 3040 3666 („bac
3100 3608 3106 3615 ·

654 3692 1066 3781 exceptione'’
1129 3710 1208 3751 -ὲ
1273 3698 1621 3778 „Perpetuo
1638 3690 1692 3773 ?)
1753 3693 2236 3758 ratiocinatione
2297 3692 2731 3758 corroboravit
2789 3695 2856 3757 iu
2919 3693 3038 3773 (1).

612 3800 979 3866 ·Donatum
1026 3798 1287 3884 quidem
1332 3820 1453 3865 non
1500 3800 1673 3884 fugit
1723 3799 2117 3884 „perpetuo”
2169 3801 2328 3864 mire
2375 3798 2670 3864 additum
2718 3820 2889 3877 esse,
2932 3798 3042 3865 sed

653 3908 773 3975 hoc
833 3909 989 3972 scite
1050 3903 1361 3989 explicuit
1424 3903 1502 3969 ad
1570 3902 1650 3968 13
1677 3904 1776 3984 (l)
1827 3904 2229 3990 „Perpetuo”
2282 3907 2432 3989 quia
2475 3904 2642 3970 illud
2691 3905 3040 3991 „periisse”-

654 4035 845 4099 supra
904 4010 1253 4097 temporale
1306 4010 1666 4075 videbatur.
1722 4047 1800 4058 —
1851 4012 2194 4096 respiciens
2241 4011 2409 4096 quod
2454 4010 2643 4079 miles
2689 4010 2744 4075 V
2796 4008 2856 4078 ¹7.
2885 4009 2924 4075 5
2973 4014 3042 4075 in

654 4123 930 4187 transitu
980 4118 1398 4185 exclamavit:
1452 4116 1735 4196 „Perii’'.

741 4227 905 4295 Ibid.
961 4225 1041 4290 15
1068 4246 1201 4310 sqq.
1272 4223 1554 4290 Illumne
1614 4226 1728 4308 qui
1787 4204 1954 4287 mihi
2001 4223 2175 4288 dedit
2222 4223 2560 4290 consilium
2607 4227 2682 4289 ut
2729 4224 3003 4289 facerem

653 4356 733 4402 an
782 4355 886 4399 me
935 4336 1046 4420 qui
1090 4332 1158 4398 id
1205 4351 1398 4397 ausus
1445 4353 1626 4410 sum,
1676 4352 1756 4395 an
1805 4331 2130 4395 fortunam
2171 4328 2566 4409 collaudem,
2609 4352 2772 4417 quae
2811 4331 3044 4417 guber-

651 4442 865 4507 natrix
910 4441 1070 4517 fuit,
1121 4488 1135 4504 .
1170 4486 1184 4503 .
1215 4485 1230 4503 .
1278 4459 1359 4504 an
1407 4440 1536 4503 mei
1582 4438 1784 4523 patris
1829 4436 2252 4502 festivitatem
2302 4440 2368 4502 et
2415 4433 2835 4502 facilitatem?
2893 4520 2899 4528 ι

740 4547 841 4629 (1)
906 4546 1369 4623 Attribuuntur
1428 4546 1714 4641 personis
1775 4541 2071 4621 consilia,
2137 4543 2341 4622 facta,
2405 4563 2622 4622 casus,
2688 4544 3043 4622 orationes,
