3392 5384
649 401 784 468 204
923 399 930 408 ’
1693 417 2003 466 nonnus.

645 584 954 671 vulgatae
1004 584 1481 650 consuetudinis
1523 588 1618 650 est
1669 584 1917 649 dictum
1971 583 2133 662 „feri
2180 604 2402 650 canem
2449 585 2687 664 foras’',
2739 586 2857 650 hoc
2904 591 3039 652 est:

648 692 932 758 feriendo
996 712 1218 758 canem
1266 692 1436 758 foras
1483 693 1634 757 eice.
1819 690 1996 756 Haec
2042 692 2358 756 nimirum
2408 712 2608 758 unam
2656 691 2895 758 Donati
2940 691 3045 758 ad-

645 801 1045 866 notationem
1092 798 1409 877 efficiunt,
1457 800 1635 864 inani
1682 796 2175 882 interpolatione
2221 798 2517 866 divisam.

737 904 972 971 Sabb.
1023 909 1262 970 temere
1312 906 1529 969 omnia
1577 924 1614 969 a
1660 902 1909 969 Donato
1960 903 2353 970 abiudicavit
2399 909 2651 990 praeter
2697 904 2815 985 (1).

741 1012 912 1077 lbid.
958 1011 1044 1077 68
1069 1033 1160 1097 sq.
1226 1008 1358 1077 Oh.
1403 1009 1529 1076 Sed
1567 1012 1765 1076 istam
1804 1007 2117 1074 Thaidem
2155 1031 2279 1075 nou
2320 1013 2480 1076 scivi
2519 1012 2704 1076 nobis
2736 1012 3042 1077 vicinam.

648 1121 775 1185 Pa.
826 1118 1021 1184 Haud
1075 1118 1266 1183 diust.
1341 1115 1473 1184 Oh.
1523 1117 1733 1194 Perii,
1800 1137 2237 1200 numquamne
2302 1119 2501 1184 etiam
2562 1139 2667 1182 me
2716 1116 2897 1182 illam
2945 1119 3047 1183 vi-

649 1223 848 1291 disse!
898 1225 1230 1305 Ehodum,
1282 1224 1381 1289 dic
1428 1224 1629 1288 mihi:
1679 1222 1878 1288 Estne
1928 1229 2001 1287 ut
2046 1223 2250 1288 fertur
2298 1220 2547 1289 forma?

741 1331 837 1414 (1)
905 1333 1158 1404 Καλῶςε
1222 1330 1539 1416 quomodo
1587 1331 1763 1396 enim
1809 1349 1924 1415 pro
1972 1329 2265 1395 eunucho
2312 1331 2529 1397 veniet
2576 1327 2935 1410 (Chaerea),
2988 1334 3048 1396 si

649 1441 833 1505 novit
895 1444 1009 1503 aut
1067 1444 1258 1503 notus
1304 1434 1443 1502 est?
1507 1436 1594 1502 Et
1640 1439 1697 1501 si
1745 1435 2117 1502 adulescens
2162 1434 2508 1503 mulierem
2553 1457 2633 1503 ne
2678 1439 2860 1502 novit
2907 1439 3051 1521 qui-

650 1546 832 1623 dem,
897 1542 1108 1610 multo
1168 1545 1450 1609 maxime
1511 1545 1636 1629 ipsi
1698 1529 2019 1607 nescitur:
2084 1541 2183 1622 (2)
2246 1543 2551 1618 οἰκονομία
2616 1548 2832 1608 contra
2876 1542 3053 1608 illud

650 1651 819 1738 quod
888 1653 1196 1717 meretrix
1258 1652 1472 1716 vicina
1541 1651 1739 1729 estl).
1924 1647 2021 1729 (4)
2082 1647 2167 1713 Et
2227 1655 2378 1714 nota
2434 1649 2604 1735 apud
2666 1646 3048 1715 Terentium

649 1760 892 1824 vicinas
956 1759 1106 1843 poni
1167 1759 1422 1842 saepius
1481 1754 1999 1821 adulescentibus
2060 1757 2463 1833 meretrices,
2514 1761 2589 1820 ut
2634 1756 2788 1820 haec
2835 1757 3049 1841 prima

649 1866 736 1930 sit
782 1866 1016 1929 amoris
1063 1862 1380 1929 illecebra.
2050 1903 2055 1910 -

739 1969 969 2036 Sabb.
1034 1969 1364 2035 damnavit
1425 1968 1521 2050 (2)
1571 1974 1636 2034 et
1683 1966 1801 2047 (4),
1851 1968 1961 2034 sed
2009 1966 2177 2032 illud
2222 1987 2372 2032 cum
2419 1967 2705 2033 Donateo
2755 1967 2854 2049 (1)
2901 1989 3047 2034 con-

648 2079 944 2142 iunctum
991 2077 1189 2142 fuisse
1227 2078 1532 2161 suspicor,
1581 2080 1647 2140 et
1693 2075 1813 2140 hoc
1859 2073 2023 2140 nihil
2066 2075 2255 2140 habet
2303 2074 2474 2160 quod
2520 2074 2812 2141 offendat.

743 2183 842 2248 Ad
883 2182 967 2248 69
1008 2183 1209 2248 Don.:
1251 2183 1349 2264 (1)
1393 2181 1916 2267 „numquamne”
1958 2187 2109 2247 cett.
2154 2180 2493 2246 artificiose
2516 2179 2797 2246 inculcat
2820 2187 3045 2266 poetae

651 2289 722 2354 τὸ
790 2290 1054 2355 πιθανόν.
1237 2289 1378 2354 Ηοο
1440 2310 1568 2354 non
1628 2289 1942 2353 satisfecit
1988 2287 2270 2364 Editori,
2323 2289 2436 2373 qui
2484 2288 2816 2353 subiunxit
2860 2288 3049 2353 adno-

651 2399 956 2463 tationem
1008 2417 1124 2461 sua
1170 2397 1554 2462 verbositate
1601 2394 2015 2485 compilatam
2063 2415 2097 2458 e
2145 2393 2305 2459 Don.
2360 2393 2447 2458 68
2473 2394 2590 2474 (1),
2638 2394 2806 2480 quod
2854 2415 3047 2479 supra

652 2506 912 2589 scripsi,
962 2506 1028 2568 iu
1071 2501 1157 2568 69
1183 2501 1320 2582 (2):
1360 2501 1485 2568 Sed
1533 2503 1734 2566 nimio
1780 2500 1997 2585 lepore
2044 2497 2425 2565 Terentiano
2449 2501 2501 2574 ²)
2546 2502 2679 2565 iam
2726 2499 2889 2564 illud
2928 2506 3044 2581 (sc.

653 2610 722 2674 τὸ
787 2608 1060 2689 πιθανόν)
1123 2611 1358 2696 agitur,
1423 2629 1575 2674 nam
1639 2609 1743 2672 hic
1791 2607 2149 2672 ostenditur
2198 2605 2549 2671 verisimile
2596 2627 2731 2671 esse
2777 2628 2893 2693 pro
2940 2627 3048 2670 eu·

651 2716 862 2782 nucho
921 2714 1236 2782 creditum
1297 2713 1467 2799 apud
1514 2715 1793 2780 vicinam
1840 2714 2244 2777 meretricem
2293 2710 2678 2790 Chaeream,
2728 2715 2839 2798 qui
2886 2712 3043 2777 adeo

653 2826 918 2910 ignotus
964 2824 1049 2886 sit
1095 2819 1391 2897 mulieri,
1442 2826 1515 2885 ut
1563 2840 1676 2884 nec
1715 2821 1852 2905 ipse
1894 2841 2035 2884 eam
2076 2822 2362 2897 noverit,
2405 2818 2575 2904 quod
2616 2826 2751 2884 erat
2789 2817 3045 2884 facilius

654 2937 720 2995 et
760 2929 1122 3014 promptius
1163 2925 1337 3007 (vide
1375 2947 1478 2992 vv.
1524 2925 1683 2990 Don.
1730 2924 1983 3003 „multo
2025 2926 2412 3006 maxime’');
2462 2932 2526 2990 et
2565 2926 2823 2991 additur
2846 2925 3043 3001 color,

654 3035 822 3122 quod
882 3041 946 3099 et
1006 3033 1126 3098 illa
1187 3055 1312 3098 non
1377 3033 1488 3098 diu
1550 3035 1765 3098 vicina
1810 3038 1908 3098 est
1954 3038 2020 3099 et
2064 3032 2235 3118 quod
2283 3032 2653 3102 adulescens
2698 3035 2764 3097 in
2814 3033 3043 3098 Piraeo

651 3144 938 3229 primum
984 3143 1420 3205 commoratus
1467 3145 1584 3206 est.
1771 3139 2016 3217 Imm0,
2065 3139 2171 3205 hic
2218 3137 2392 3204 color
2437 3160 2564 3204 non
2611 3138 2888 3216 additur,
2936 3138 3047 3203 sed

652 3247 910 3313 aliunde
950 3249 1027 3313 ab
1063 3246 1522 3333 interpolatore
1569 3246 1857 3334 fingitur.
1998 3244 2097 3311 Ad
2141 3244 2227 3312 ’70
2269 3245 2431 3311 Don.
2474 3245 2569 3327 (1)
2610 3245 2750 3310 Hoc
2785 3249 3046 3332 propter

651 3353 851 3432 illud,
900 3354 1310 3440 quodsupra
1358 3353 1621 3434 (68<1))
1669 3353 1973 3418 dix-imuS.
2022 3351 2257 3418 Sabb.
2304 3355 2513 3438 igitur
2558 3355 2786 3420 merito
2835 3351 2919 3418 69
2945 3351 3043 3433 (2)

653 3484 729 3539 c.,
774 3463 1102 3527 immerito
1155 3457 1240 3527 ‘70
1265 3458 1382 3541 (1).

745 3567 837 3632 Ib.
891 3566 974 3634 72
1037 3566 1372 3652 Numquid
1419 3587 1524 3632 me
1571 3563 1793 3645 aliud?

745 3674 903 3739 Don.
952 3674 1047 3754 (l)
1097 3673 1236 3738 Hoc
1284 3673 1492 3738 dicere
1539 3673 1842 3738 abeuntes
1888 3671 2115 3738 solent.
2268 3670 2401 3736 IP:
2450 3671 2546 3752 (2)
2592 3671 2678 3736 Et
2717 3672 2874 3736 bene
2913 3671 3040 3751 hic,

656 3782 816 3867 quia·
869 3779 1158 3857 festinat,
1221 3779 1316 3859 (3)
1381 3784 1447 3844 et
1495 3778 1727 3856 simul,
1778 3781 1926 3864 quia
1975 3779 2121 3844 hinc
2164 3780 2449 3843 nascitur
2492 3777 2682 3844 dolus
2729 3777 3042 3843 fallendae

656 3889 1028 3953 meretricis.
1168 3886 1534 3971 Utrumque
1584 3907 1620 3950 a
1662 3885 1909 3950 Donato
1950 3884 2686 3963 abiudicandum,·illud
2726 3888 2877 3971 quia
2914 3907 3043 3950 non

655 3992 923 4080 quadrat
985 4013 1134 4058 cum
1196 3993 1312 4072 (l),
1378 3992 1497 4057 hoc
1546 3993 1697 4076 quia
1748 3990 2007 4068 „hinc”,
2046 3993 2090 4057 i.
2120 4012 2172 4057 e.
2225 4013 2302 4056 ex
2349 3991 2467 4056 hac
2516 3990 2829 4068 formula,
2880 3991 3046 4056 nihil

652 4097 972 4166 eiusmodi
1019 4101 1322 4164 nascitur.
2777 4096 2843 4163 S.
2892 4119 2946 4163 c.

727 4315 776 4377 l)
825 4315 885 4362 In
931 4312 1078 4362 schol.
1125 4312 1252 4376 quod
1298 4309 1516 4374 sequitur
1565 4312 1633 4372 (3)
1685 4309 1776 4358 „Et
1821 4314 1891 4359 est
1936 4325 2089 4369 causa,
2127 4326 2189 4360 an
2225 4311 2486 4361 verisimile
2521 4311 2585 4361 sit
2620 4311 2799 4361 nescire
2833 4311 3045 4377 potuisse

651 4393 893 4446 vicinam’'
924 4395 1107 4443 rhetori
1141 4395 1296 4443 danda
1329 4396 1454 4441 sunt.
1505 4393 1562 4440 In
1605 4392 1785 4442 Mncm.
1824 4392 2035 4441 XXXIII
2070 4409 2118 4457 p.
2152 4395 2249 4444 239
2286 4398 2335 4443 et
2371 4395 2459 4444 hoc
2493 4395 2631 4444 omisi
2669 4399 2718 4444 et
2752 4394 2846 4444 alia
2881 4395 3045 4444 rheto-

650 4479 748 4527 rica
783 4477 1072 4541 interpolata
1107 4478 1156 4526 in
1192 4477 1280 4524 hac
1307 4490 1496 4524 scaena:
1542 4476 1601 4524 16
1621 4475 1719 4539 (3),
1762 4475 1819 4527 17
1840 4477 1937 4539 (3),
1974 4476 2152 4539 18(1)‚
2192 4477 2253 4525 19
2273 4478 2373 4540 (l),
2408 4478 2468 4526 91
2492 4478 2572 4542 (3)
2593 4478 2689 4542 (5),
2725 4477 2804 4527 92.

720 4559 772 4621 2)
813 4561 879 4606 De
917 4559 996 4606 11’
1029 4558 1264 4606 sermonis
1298 4555 1572 4606 Terentiani
1609 4557 1856 4607 laudatore
1891 4557 1997 4607 vide
2029 4573 2175 4622 supra
2207 4559 2265 4607 ad
2301 4561 2367 4608 45
2387 4562 2471 4622 (5).
