3392 5384
1368 459 1742 508 amomon.
2611 440 2740 508 163

446 622 608 689 Ibid.
664 621 790 690 117
808 626 885 690 A.
936 621 1149 692 Grave
1199 627 1436 691 vitium
1486 631 1585 690 est
1629 625 1806 700 inre
1849 623 2016 690 levi:
2069 624 2172 690 καὶ
2225 624 2253 688 ὃ
2294 633 2444 697 παῖς
2490 623 2745 701 ἐξελθὼν

356 729 464 793 καὶ
514 729 816 811 συχνὸν
860 731 1074 811 χρόνον
1119 730 1453 811 διατρίψας
1502 728 1641 807 ἧκεν
1690 731 1866 809 ἄγων
1914 732 2016 796 τὸν
2045 732 2376 820 ,μέλλοντα
2424 731 2630 796 δώσειν
2672 732 2743 796 τὸ

354 836 712 913 Φάρμακον.
759 833 834 901 In
870 857 944 902 ea
980 839 1346 903 animorum
1387 836 1810 924 trepidatione
1850 859 2012 923 puer
2048 858 2198 904 cum
2237 837 2529 904 carnifice
2553 841 2746 904 citius

354 941 545 1008 rediit
609 964 805 1028 quam
868 940 1088 1010 omnes
1148 944 1487 1011 voluerant
1548 966 1662 1010 nec
1724 947 1938 1030 potuit
2000 944 2260 1030 quidem
2321 946 2430 1008 diu
2491 946 2746 1024 abesse,

354 1070 504 1114 nam
569 1056 715 1134 post
777 1051 1114 1116 meridiem
1170 1050 1574 1137 ‚colloquium
1635 1051 1848 1117 fuerat
1892 1054 2312 1130 institutum,
2360 1052 2505 1117 vide
2555 1052 2745 1117 modo

358 1175 421 1241 p.
474 1153 661 1220 61E:
726 1157 791 1221 τί
851 1156 975 1245 γὰρ
1026 1153 1101 1221 ἄν
1151 1181 1242 1228 τις
1294 1159 1397 1222 καὶ
1448 1157 1641 1230 ποιοίη
1694 1156 1856 1223 ἄλλο
1906 1158 1964 1221 ἕν
2013 1160 2114 1237 τῷ·
2150 1155 2340 1240 μέχρι
2393 1157 2562 1231 ἥλίου
2614 1157 2751 1222 δυσ-

360 1268 486 1339 μῶν
546 1262 778 1343 χρόνῳ,
841 1261 1101 1341 deinde,
1164 1270 1239 1328 ut
1298 1270 1395 1330 est
1441 1287 1503 1350 p.
1558 1263 1685 1328 116
1705 1266 1778 1343 Β,
1829 1264 2050 1330 habito
2097 1263 2411 1350 colloquio
2461 1263 2749 1330 Socrates

357 1369 505 1432 cum
546 1365 803 1434 Critone
840 1369 1086 1434 abierat
1124 1367 1416 1435 lavatum
1458 1391 1528 1436 ac
1569 1370 1798 1436 deinde
1835 1369 2229 1437 valedixerat
2269 1370 2419 1436 filiis
2459 1377 2523 1436 et
2562 1372 2750 1436 uxori

356 1481 423 1538 et
465 1473 608 1539 aliis
655 1475 1041 1560 quibusdam
1086 1475 1475 1542 mulieribus
1522 1477 1601 1542 de
1647 1477 1934 1555 familia,
1982 1480 2243 1562 iamque
2279 1477 2752 1563 advesperasce-

355 1581 501 1658 bat,
564 1581 673 1657 ἤδη
733 1581 934 1659 ἐγγὺς
1003 1578 1068 1655 ἦν
1118 1583 1288 1656 ἡλίου
1354 1583 1614 1663 δυσμῶν,
1681 1605 1885 1670 quum
1937 1583 2131 1649 rediit
2178 1584 2256 1650 ad
2306 1606 2491 1663 suos,
2538 1582 2751 1664 χρόνον

358 1689 485 1768 γὰρ
548 1685 743 1753 πολὺν
804 1686 1110 1768 διέτριψεν
1177 1685 1355 1754 ἔνδον.
1420 1689 1613 1768 Erat,
1672 1696 1756 1755 -ut
1815 1696 1912 1755 est
1984 1690 2110 1756 116
2131 1689 2207 1769 Ε,
2260 1688 2421 1764 ἥλιος
2473 1691 2571 1754 ἐπὶ
2621 1699 2751 1763 τοῖς

353 1793 509 1873 ὄρεσι
589 1793 865 1859 necdum
935 1794 1248 1861 occiderat
1313 1798 1531 1881 itaque
1602 1796 1902 1863 servulus
1972 1795 2254 1864 Critonis
2321 1799 2506 1862 iussu
2577 1803 2750 1878 (OT)

352 1898 581 1980 συχνὸν
644 1898 856 1981 χρόνον
920 1901 1250 1981 διατρίψας
1302 1896 1440 1976 ἧκεν
1487 1899 1658 1981 ἄγων
1706 1905 1808 1967 τὸν
1858 1904 2176 1978 μέλλοντα
2223 1903 2430 1968 δώσειν
2476 1902 2546 1967 τὸ
2593 1903 2753 1983 Φάρ-

356 2029 580 2081 μακον.
648 2005 1025 2072 Incredibile
1089 2007 1265 2074 dictu
1337 2015 1433 2075 est
1491 2011 1744 2094 quoties
1807 2011 2067 2096 negatio
2129 2031 2206 2075 ex
2269 2012 2502 2075 nostris
2564 2008 2750 2075 libris

358 2113 712 2177 evanuerit.

1312 2357 1401 2405 AD
1446 2357 1810 2407 anmuM.

445 2537 606 2604 Ibid.
656 2558 719 2624 p.
773 2537 905 2603 390
923 2536 994 2605 O.
1044 2538 1220 2604 Haec
1270 2541 1520 2623 quoties
1560 2539 1811 2625 relege,
1855 2539 2134 2606 offendor
2171 2543 2252 2606 iis
2294 2563 2455 2627 quae
2496 2545 2748 2609 uncinis

324 2646 645 2730 signavi:
712 2644 809 2716 τίς
871 2639 968 2708 οὖν
1030 2645 1057 2709 ὃ
1122 2644 1499 2722 γνωσόμενος
1565 2647 1615 2708 εἴ
1681 2646 1750 2709 τὸ
1815 2655 2106 2725 προσῆκον
2167 2642 2323 2718 εἶδος
2375 2649 2636 2728 κερκίδος
2691 2651 2750 2713 έν

356 2750 637 2831 ὁποιῳοῦν
701 2749 864 2828 ξύλῳ
926 2757 1161 2830 κεῖται;
1228 2751 1254 2815 ὃ
1317 2752 1575 2825 ποιήσας
1618 2753 1673 2834 [ὃ
1725 2751 2056 2836 τέκτων]
2105 2753 2138 2828 ἢ
2192 2754 2218 2818 ὅ
2267 2755 2641 2834 χρησόμενος
2691 2757 2748 2838 [ὅ

357 2857 795 2940 &poium-neh
848 2856 1212 2942 Respondet
1260 2857 1739 2946 Hermogenes:
1791 2859 1973 2931 Εἰκὸς
2024 2862 2136 2935 μὲν
2176 2863 2421 2937 μᾶλλον
2463 2861 2562 2925 τὸν
2603 2884 2752 2942 χρη-

357 2965 643 3038 σόμενον·
686 2964 980 3043 dixisset,
1023 2966 1265 3050 opinor,
1308 2967 1409 3030 τὸν
1448 2965 1731 3045 ὑφάντην
1771 2968 1828 3030 si
1867 2965 2159 3032 Socrates
2200 2966 2317 3032 hoc
2359 2958 2746 3034 vocabulum

356 3077 745 3155 usurpasset.
792 3070 937 3134 Non
981 3073 1195 3135 minus
1231 3074 1525 3157 ineptum
1563 3074 2209 3157 interpretamentum
2239 3072 2438 3139 latere
2463 3071 2752 3160 suspicor

359 3200 421 3262 p.
458 3175 678 3255 3923,
722 3177 835 3241 ubi
876 3175 1165 3242 Socrates
1204 3180 1607 3262 quaesiturus
1648 3178 1725 3243 de
1759 3176 2171 3244 Scamandrio
2211 3185 2274 3244 et
2320 3177 2748 3266 Astyanacte,

360 3283 573 3348 addit:
623 3280 665 3346 ἅ
716 3289 963 3362 φησιν
1006 3284 1334 3355 ὀνόματ’
1375 3278 1724 3364 εἶναιτῷ
1773 3289 1907 3348 τοῦ
1947 3282 2325 3363 ’Έκτορος
2366 3286 2542 3351 υἱεῖ.
2585 3286 2748 3353 Sane

354 3393 614 3475 ineptus
673 3389 934 3467 fuisset,
998 3391 1054 3453 si
1115 3388 1238 3454 hoc
1304 3388 1782 3476 Hermogenem
1844 3389 2066 3455 docere
2128 3389 2440 3456 voluisset
2500 3399 2566 3456 et
2610 3394 2748 3478 ipse

356 3497 580 3560 statim
626 3494 837 3560 addit:
887 3491 1060 3558 οἶσθα
1110 3495 1235 3573 γὰρ
1283 3494 1474 3568 δήπου
1521 3500 1731 3558 ταῦτα
1782 3495 1865 3559 τοὶ
1909 3493 2022 3567 ἔπη
2078 3496 2136 3559 ἐν
2183 3491 2266 3566 οἷς
2315 3495 2503 3564 ἔνεςιν
2539 3489 2583 3563 ἃ
2625 3499 2746 3576 ἐγὼ

358 3603 546 3678 λέγω.
610 3599 766 3680 Quis
828 3600 992 3665 ferat
1051 3601 1120 3664 in
1174 3601 1290 3665 hac
1332 3603 1792 3686 compositione
1839 3600 2246 3689 negligenter
2290 3602 2627 3694 adhaerere
2675 3627 2748 3671 ea

357 3708 553 3772 fuisse
599 3709 859 3771 nomina
904 3705 1027 3798 filii
1076 3705 1413 3772 Hectoris?
1458 3706 1531 3773 Si
1580 3729 1681 3772 res
1730 3710 1857 3773 mei
1903 3709 2156 3773 arbitrii
2200 3715 2384 3788 esset,
2427 3731 2747 3798 expunge-

357 3834 494 3878 rem
556 3833 807 3898 quoque
868 3833 929 3898 p.
985 3810 1219 3879 396C:
1283 3811 1389 3884 ἕως
1454 3814 1870 3891 ἀπεπειράθην
1920 3825 2030 3887 τῆς
2079 3815 2308 3893 σοφίας
2353 3817 2588 3891 ταύτης
2639 3818 2748 3899 [τί

357 3920 750 4002 ποιήσει],
808 3918 860 3984 εἲ
922 3916 1042 3998 ἄρα
1106 3920 1328 3996 nimpe?
1381 3918 1421 3994 ἢ
1479 3918 1567 3998 οὔ,
1622 3917 1654 3993 ἣ
1707 3921 1839 3996 ἐμοὶ
1883 3921 2336 4005 [ἐξαίφνης]
2386 3927 2485 3986 νῦν
2531 3922 2745 3988 οὑτωσὶ

358 4026 835 4102 προσπέπτωκεν
874 4024 1137 4108 [ἄρτι]
1197 4025 1413 4111 Magis
1461 4029 1662 4092 etiam
1711 4025 2060 4092 ridiculum
2107 4035 2204 4092 est
2250 4050 2310 4113 p.
2364 4027 2584 4106 4320,
2636 4030 2746 4095 ubi

356 4135 547 4218 rogat
592 4129 912 4196 Socrates:
963 4131 1210 4209 πότερον
1259 4131 1569 4208 Κρατύλος
1628 4130 1705 4195 ἂν
1753 4131 1854 4197 καὶ
1905 4133 2074 4196 εἰκὼν
2123 4132 2445 4212 Κρατύλου
2484 4135 2613 4198 τότ’
2654 4134 2746 4210 εἴη

358 4239 427 4302 τὸ
490 4243 755 4303 τοιοῦτον
820 4238 853 4310 ἢ
917 4237 1017 4301 δύο
1066 4239 1392 4315 Κρατύλοι.
1445 4237 1808 4323 Respondet
1855 4239 1988 4304 hic:
2042 4239 2168 4303 Δύο
2216 4237 2430 4316 ἔμοιγε
2479 4239 2747 4340 δοκοῦσιν

356 4340 398 4408 ὦ
449 4347 810 4422 Σώκρατες·
859 4365 1090 4411 verum
1139 4345 1281 4430 quis
1328 4366 1453 4410 non
1501 4351 1832 4432 expungat
1878 4345 2049 4430 quod
2096 4344 2355 4411 additur
2404 4346 2744 4427 Κρατύλοι,

353 4451 523 4537 quod
571 4458 637 4515 et
683 4472 796 4536 per
843 4471 909 4515 se
956 4453 1159 4515 risum
1217 4455 1437 4515 movet
1494 4456 1560 4515 et
1619 4450 1966 4516 absurdum
2031 4457 2163 4527 est,
2229 4454 2381 4537 qnia
2443 4450 2748 4541 Cratylus

352 4562 491 4645 ipse
527 4559 683 4623 haec
730 4559 1147 4643 pronunciat3
1198 4559 1290 4622 sic
1335 4557 1609 4623 infantes
1656 4556 1863 4622 solent
1910 4579 2141 4624 nomen
2181 4579 2375 4623 suum
2417 4581 2743 4646 usurpare.
