3392 5384
704 435 833 501 126
1713 449 2087 501 Pnuomoa.

789 620 865 684 P.
915 615 1133 685 2480.
1198 616 1306 681 Τὰ
1370 617 1485 695 μὲν
1530 616 1658 697 γὰρ
1711 617 2012 698 ἡμέτερα,
2062 621 2155 683 ita
2199 617 2536 704 loquentes
2579 618 2827 685 inducit
2875 625 3093 687 orator

698 725 865 792 bello
928 746 1174 803 caesos,
1239 725 1538 798 τελευτὴν
1598 723 1706 799 ἤδη
1756 723 1787 789 ἕ
1802 723 1840 800 ξ
1853 749 1919 791 ει
1971 723 2120 806 ἥπερ
2171 726 2483 799 καλλίστη
2533 725 2829 804 γίγνεται
2875 729 3092 808 ἀνθρώ-

699 855 865 910 ποις,
916 830 1072 895 ὥστε
1119 829 1337 910 πρέπει
1386 830 1553 895 αὐτοὶ
1602 835 1851 909 μᾶλλον
1898 839 2148 908 κοσμεῖν
2197 831 2230 907 ἢ
2282 833 2502 911 θρηνεῖν
2549 833 2678 898 κτὲ.

788 937 912 1002 His
956 938 1169 1002 verbis
1217 941 1543 1022 exponunt
1588 957 1847 1002 causam
1895 958 2009 1002 cur
2055 939 2426 1024 parentibus
2472 939 2605 1002 suis
2653 938 2924 1003 deflendi
2958 952 3094 1004 'non

696 1047 858 1122 sint,
921 1043 1033 1108 sed
1095 1043 1500 1129 praedicandi
1546 1041 1798 1121 felices,
1847 1045 2065 1129 itaque
2111 1065 2298 1110 sensu
2346 1065 2595 1109 cassum
2641 1049 2738 1109 est
2783 1045 3084 1110 futurum

696 1148 855 1228 ἕξει,
904 1152 1279 1236 quantocius
1329 1152 1395 1214 in
1444 1146 1579 1231 ἔχει
1628 1149 2094 1236 refingendum.

1592 1307 1617 1381 (
1629 1301 2188 1382 Continuabuntur).

1392 1871 1477 1920 AD
1524 1869 1812 1921 Senom-
1838 1870 2364 1921 ARIS'I'OPHANIOA.

782 2065 877 2134 De
922 2065 1183 2147 lacuna,
1232 2087 1392 2155 quae
1438 2071 1508 2133 in
1551 2067 2203 2155 fabulae-Vesperum
2250 2074 2432 2133 textu
2479 2071 2574 2132 est
2619 2071 2762 2152 post
2808 2086 3076 2132 versum

696 2174 895 2254 1283,
941 2176 1095 2241 haec
1144 2181 1444 2240 annotata
1490 2173 1749 2260 praebet
1796 2174 1990 2240 codex
2039 2175 2126 2239 V:

782 2280 858 2346 In
898 2284 1189 2367 margine
1229 2283 1486 2346 sinistro
1527 2279 1667 2346 folii
1711 2279 1872 2346 168v
1913 2317 1998 2330 —
2036 2280 2174 2346 loco
2214 2279 2416 2346 alieno
2443 2315 2528 2328 —-
2552 2278 2862 2365 leguntur
2891 2277 3072 2343 haec:

787 2388 1222 2466 ,,”Ηλιο’δωρος·
1290 2388 1457 2464 μετὰ
1521 2389 1621 2452 τὸν
1688 2389 1907 2467 στίχον
1961 2385 2134 2451 1283
2185 2387 2332 2451 εἶσιν
2386 2386 2558 2451 τόποι
2607 2386 2774 2449 ἑπτὰ
2824 2383 3074 2465 ἔχοντες

692 2494 977 2569 στιγμὰς
1025 2494 1127 2557 καὶ
1178 2493 1448 2570 ἀλόγους
1480 2492 1570 2573 ¹)”
1623 2493 1752 2557 κτὲ.

783 2599 856 2663 In
920 2602 1211 2683 sequenti
1266 2602 1503 2686 pag-ina
1565 2598 1780 2680 (169r)
1839 2601 2018 2685 prius
2077 2601 2312 2685 scripta
2359 2604 2509 2664 sunt
2552 2599 2740 2664 haec:
2791 2585 2920 2676 »μὲ
2970 2584 3074 2663 τοῧ

690 2705 1041 2782 διάλειμμα
1083 2707 1318 2785 στίχων
1357 2706 1712 2769 ἀνάστατον
1752 2701 1943 2782 εἶναι,
1983 2711 2098 2768 τῶν
2139 2706 2445 2770 πλείστων
2484 2705 2548 2769 δὲ
2588 2701 2750 2783 εὖρον
2793 2702 3074 2784 ἕνδεκοι”,

783 2810 964 2890 dein,
1032 2808 1359 2875 nonnullis
1422 2812 1841 2875 intermissis:
1917 2810 2130 2888 ,,μετο“ο
2193 2812 2262 2876 τὸ
2289 2809 2669 2887 ,διάλειμμα
2717 2810 2776 2873 ἐν
2823 2817 3074 2883 πολλοῖς

611 2924 622 2935 ’
689 2923 953 3004 Φέρεται
1000 2901 1122 2988 στίς
1158 2921 1278 2992 ἑνὸς
1328 2921 1432 2984 καὶ
1486 2922 1685 2999 τρίτου
1735 2920 1970 2994 ὃμωσου
2018 2912 2390 3001 πβπίπτει”.

778 3027 1235 3093 Desiderantur
1302 3033 1521 3092 autem
1592 3029 1659 3091 in
1729 3032 1916 3092 textu
1984 3026 2218 3092 tradito
2279 3027 2676 3113 antistropha
2738 3031 2872 3092 tota
2937 3031 3074 3092 sive

686 3154 909 3201 versus
955 3131 1254 3199 undecim
1297 3169 1382 3182 -
1425 3138 1520 3196 tot
1566 3135 1739 3197 enim
1785 3153 2090 3198 versuum
2136 3135 2204 3196 in
2252 3132 2305 3196 V
2354 3139 2418 3198 et
2465 3133 2521 3197 R
2559 3139 2655 3198 est
2691 3133 2955 3218 stropha
2987 3171 3073 3182 --

690 3246 753 3304 et
799 3242 1356 3324 antepirrhematis
1404 3239 1573 3324 quod
1620 3241 1913 3324 sequitur
1961 3260 2182 3304 versus
2227 3260 2414 3303 unus.

778 3345 951 3425 Quae
1014 3367 1162 3410 cum
1221 3347 1314 3410 ita
1377 3347 1539 3422 sint,
1602 3347 1670 3408 in
1733 3344 2071 3409 Heliodori
2132 3344 2340 3409 verbis
2403 3342 2613 3408 allatis
2677 3365 2793 3428 pro
2863 3344 3071 3408 ἑπτὰ

688 3453 893 3517 scribo
942 3449 1266 3529 ἕνδεκα,
1316 3456 1523 3516 cetera
1567 3471 1729 3535 quae
1769 3449 1962 3514 attuli
2011 3449 2252 3515 scholia
2297 3452 2385 3515 sic
2431 3449 2708 3535 refingo:

781 3560 991 3634 „use-02
1054 3563 1263 3621 τοῦτον
1325 3558 1678 3632 διάλειμμα
1745 3557 1978 3637 στίχων
2027 3555 2592 3635 ἀντιστρόφων
2643 3554 2902 3633 ἐστίν,
2952 3561 3070 3619 τῶν

687 3665 992 3727 πλείστων
1041 3665 1101 3728 δὲ
1151 3659 1311 3742 εὖρον
1358 3658 1635 3726 ἕνδεκα”.
1684 3661 1819 3726 Alii
1866 3663 2180 3726 nimirum
2219 3659 2409 3726 aliter
2447 3660 2736 3747 singulos
2775 3661 3069 3747 strophae

685 3775 777 3848 (et
821 3769 1279 3858 antistrophae)
1324 3789 1548 3834 versus
1599 3767 2056 3834 describebant.
2107 3804 2190 3817 --
2238 3766 2435 3832 Dein:

780 3876 988 3952 ,,μετοὶ
1055 3881 1290 3938 τοῦτο
1349 3874 1699 3950 διάλειμμα
1749 3874 1809 3936 ἐν
1855 3879 2108 3944 πολλοῖς
2155 3873 2413 3954 φέρεται
2461 3874 2686 3953 στίχου
2735 3872 2857 3944 ἑνὸς
2908 3897 3073 3953 κρη-

684 3986 937 4046 τικοῦ.
1004 3977 1203 4058 ὅμως
1269 3981 1491 4045 οὐδὲν
1555 3978 2178 4057 προεκπίπτει”.
2243 3979 2322 4044 In
2383 3978 2590 4042 multis
2637 3979 3071 4062 exemplaribus

682 4087 991 4150 indicatur
1052 4086 1232 4150 unius
1294 4084 1622 4149 tetrametri
1674 4083 1880 4147 cretici
1925 4083 2217 4168 defectus.
2291 4084 2480 4148 Nihil
2524 4091 2718 4150 tamen
2767 4085 2834 4148 in
2867 4085 3069 4166 primo

680 4193 1203 4274 antepirrhe-matie
1249 4192 1556 4255 enuntiato
1603 4188 2004 4255 desideratur.
2789 4209 2852 4257 V.
2903 4191 2976 4256 L.

751 4408 803 4472 1)
837 4407 929 4456 Sic.
967 4406 1124 4456 Verba
1157 4408 1325 4456 notatu
1360 4401 1517 4469 digna.
1552 4402 1623 4454 cf.
1662 4399 1928 4454 Euchiridii
1963 4399 2075 4454 dict.
2111 4417 2184 4469 ep.
2223 4419 2266 4469 p.
2303 4414 2382 4454 ιη.
