3392 5384
711 387 797 452 36
1752 406 2067 455 nom-rus.

799 553 884 634 87
911 567 1010 654 (2)
1073 569 1170 634 IP
1231 575 1554 634 auctorem
1616 572 1827 656 prodit
1889 569 2170 636 formula
2228 591 2347 633 non.
2391 570 2499 632 sed
2542 573 2768 654 quater
2814 571 3095 653 repetita

708 695 821 738 neo
883 695 1006 738 non
1064 675 1785 740 antitheseoninanitas
1834 681 1898 741 et
1944 677 2146 740 nimia
2197 662 2586 759 „exquisiti”
2637 674 2946 738 sermonis
2994 672 3109 737 ad-

711 781 990 844 miratio.
1133 777 1217 845 87
1245 780 1342 866 (5)
1390 779 1658 845 Initium
1706 788 2043 865 sumptum
2091 801 2127 844 a
2176 777 2261 845 87
2281 779 2417 865 -(1);
2470 779 2614 844 dein
2652 778 2811 843 falsa
2850 784 2947 842 est
2994 777 3109 842 ob-

709 886 1018 960 servatiO,
1061 892 1312 969 poetam
1357 906 1520 961 „non
1560 885 1757 950 semel
1796 889 2118 969 imputare
2159 885 2283 949 duo
2319 887 2674 969 mancipia,
2716 884 2867 948 sed'’
2912 888 3101 948 cett.:

709 1011 859 1053 cum
897 992 1082 1054 enim*
1109 989 1359 1055 diversa
1397 991 1473 1055 de
1515 998 1784 1077 utroque
1825 991 2303 1076 praedicaturus
2344 992 2457 1067 sit,
2500 983 2576 1054 ne
2601 991 2815 1074 potuit
2839 989 3102 1074 quidem

707 1095 1079 1159 eunuchum
1126 1103 1190 1160 et
1234 1095 1517 1180 puellam
1563 1095 1802 1175 „semel
1843 1095 2246 1181 imputare'';
2288 1101 2664 1160 mutuatum
2703 1096 2821 1160 hoo
2860 1096 3099 1179 partim

707 1201 966 1265 videtur
1027 1221 1062 1264 a
1127 1200 1371 1266 Donato
1433 1205 1502 1267 in
1565 1202 1650 1267 89
1679 1204 1777 1288 (2)
1810 1202 1880 1288 ¹).
2020 1201 2106 1266 88
2132 1200 2230 1286 (4)
2291 1200 2513 1266 eadem
2574 1200 2821 1265 laborat
2880 1202 3101 1284 inepta

707 1308 1018 1370 sermonis
1058 1306 1477 1373 admiratione
1519 1308 1676 1374 dum
1716 1329 1813 1372 res
1853 1308 1988 1372 fere
2027 1311 2406 1392 repetuntur
2430 1327 2510 1370 ex
2534 1304 2618 1372 87
2646 1305 2743 1391 (1)
2770 1310 2835 1370 et
2858 1303 2942 1371 87
2970 1303 3095 1389 (5).

709 1409 795 1475 88
822 1410 915 1496 (5)
962 1414 1197 1496 partim
1243 1413 1755 1479 additamentum
1807 1419 1903 1478 est
1948 1433 2121 1498 mag.
2172 1413 2229 1476 A
2273 1433 2387 1498 per
2433 1432 2597 1492 ‹ao-903
2647 1410 2724 1476 de
2772 1432 2896 1497 quo
2944 1409 3099 1475 vide

709 1537 934 1601 supra;
999 1525 1320 1601 postrema
1373 1520 1566 1584 verba
1612 1519 1805 1584 finem
1851 1519 2135 1583 referunt
2181 1517 2406 1582 scholii
2451 1514 2536 1582 87
2566 1517 2663 1602 (1)
2712 1523 2777 1581 et
2821 1519 3106 1600 interpo-

706 1620 944 1686 latione
991 1626 1287 1707 magistri
1339 1625 1395 1688 A
1443 1624 1610 1689 male
1657 1631 1945 1710 separata
1994 1630 2145 1688 sunt
2194 1624 2271 1687 ab
2318 1621 2407 1686 88
2432 1621 2551 1708 (4).
2692 1620 2779 1686 88
2806 1620 2904 1707 (6)
2950 1623 3101 1684 imi-

707 1729 867 1792 tatio
927 1734 1022 1792 est
1069 1729 1297 1793 scholii
1346 1729 1466 1814 (2),
1514 1730 1622 1794 sed
1670 1733 1805 1795 sine
1852 1713 2168 1814 exemplo.
2308 1727 2396 1792 88
2423 1725 2521 1811 (7)
2568 1733 2667 1792 est
2713 1732 2945 1813 arguta
2988 1726 3104 1790 sed

711 1832 873 1897 falsa
911 1833 1214 1899 refutatio
1255 1857 1368 1921 per
1403 1837 1510 1898 sed
1554 1835 1784 1900 scholii
1830 1835 1928 1921 (2)
1976 1834 2075 1899 vel
2126 1834 2245 1920 (6).
2386 1831 2593 1898 Schol.
2646 1831 2731 1896 88
2757 1832 2856 1915 (8)
2905 1834 3106 1918 signi-

711 1935 898 2001 ficare
947 1938 1222 2015 videtur,
1271 1946 1526 2025 poetam
1572 1943 1650 2008 in,
1686 1939 1917 2005 aneilla
1962 1941 2464 2025 praetermisisse
2511 1939 2838 2023 epitheton
2890 1937 3106 2020 „quod

712 2041 882 2106 solae
955 2043 1056 2108 his
1127 2049 1403 2109 utuntur
1466 2045 1791 2131 reginae''‚
1854 2045 2024 2130 quod
2087 2048 2358 2110 oratorie
2420 2044 2705 2108 subdidit
2768 2043 3062 2107 eunucho
3087 2089 3103 2118 ,

712 2150 862 2230 quia
910 2147 1088 2213 nulla
1137 2150 1543 2234 Aethiopissa
1589 2149 1856 2235 pulchra
1902 2152 2006 2235 (of.
2050 2149 2144 2214 III
2185 2150 2247 2214 2.
2274 2150 2389 2235 21)
2441 2149 2567 2214 dici
2605 2151 2827 2234 possit.
2876 2148 3105 2233 Itaque

710 2253 918 2318 forma
959 2240 1038 2318 et*
1063 2276 1128 2318 re
1169 2259 1464 2340 ineptum
1502 2263 1618 2322 est.
1760 2257 2025 2321 Restant
2065 2255 2148 2320 85
2176 2256 2295 2342 (2),
2340 2254 2425 2320 87
2454 2254 2569 2342 (3),
2612 2254 2699 2319 88
2726 2254 2823 2338 (1)
2850 2253 2947 2339 (3)
2976 2251 3101 2337 (9).

712 2356 809 2422 Ex
847 2359 948 2424 his
988 2359 1074 2423 85
1102 2361 1199 2445 (2)
1242 2368 1457 2426 eontra
1495 2361 1724 2426 Sabb.
1766 2361 2012 2427 Donato
2046 2361 2532 2446 relinquendum
2558 2381 2693 2425 esse
2717 2367 2875 2445 puto
2900 2361 3103 2423 etiam

711 2465 896 2526 iuxta
959 2463 1042 2529 87
1071 2466 1168 2551 (1)
1234 2473 1298 2530 et
1358 2468 1435 2532 of.
1501 2467 1586 2531 89
1614 2467 1743 2552 (2);
1813 2467 1890 2532 de
1954 2463 2039 2532 87
2068 2466 2165 2551 (3)
2230 2474 2293 2531 et
2358 2465 2443 2530 88
2469 2465 2563 2545 (3)
2626 2471 2723 2530 est
2770 2464 2937 2550 quod
2986 2463 3110 2528 du-

712 2567 878 2631 bites
893 2588 909 2645 ;
977 2567 1210 2635 Sabb.
1258 2593 1381 2636 non
1427 2572 1795 2650 damnavit3
1849 2573 2121 2658 denique
2168 2593 2202 2636 e
2250 2571 2571 2636 similibus
2618 2569 2706 2634 88
2732 2570 2829 2654 (1)
2881 2574 2945 2634 et
2993 2567 3103 2652 (9)

712 2673 831 2737 hoc
875 2676 1092 2758 potius
1139 2675 1386 2741 Donato
1434 2676 1719 2742 dederim
1765 2684 2024 2762 propter
2069 2677 2374 2741 idoneum
2416 2675 2807 2761 exemplum.

805 2777 972 2845 Oum
1034 2783 1241 2866 igitur
1300 2783 1578 2848 Editoris
1639 2804 1898 2869 operam
1958 2785 2419 2867 persequimur,
2469 2782 2763 2846 videmus
2810 2801 2960 2846 eum
3008 2781 3106 2843 in-

714 2887 974 2968 tegrum
1027 2885 1372 2952 reddidisse
1426 2887 1751 2953 Donatum
1801 2888 1881 2952 ad
1928 2887 2013 2952 85
2061 2897 2125 2952 et
2174 2888 2281 2965 86,
2332 2887 2730 2973 supplevisse
2774 2885 2968 2951 illum
3016 2885 3099 2950 ad

716 2988 800 3053 87
851 2994 919 3054 in
967 2991 1065 3076 (2)
1112 3013 1224 3076 per
1270 2993 1484 3056 deinde
1528 3002 1592 3058 et
1638 2993 1844 3058 denuo
1890 2997 1957 3057 in
2008 2993 2105 3078 (5)
2154 3016 2267 3080 per
2312 2994 2447 3057 vide
2492 3016 2570 3078 q„
2636 2992 2974 3075 utrobique
3024 2997 3103 3054 ut

713 3094 851 3159 stili
897 3094 1260 3162 Terentiani
1306 3099 1796 3164 admirationem
1843 3101 2150 3163 excitaret
2181 3098 2579 3183 legentibus,
2623 3097 2791 3183 quod
2831 3097 3103 3160 tertium

714 3221 965 3285 quoque
1014 3203 1163 3267 fecit
1200 3206 1266 3267 in
1306 3203 1392 3268 88
1419 3205 1538 3291 (4),
1583 3205 1855 3290 denique
1893 3209 1961 3268 in
2001 3204 2088 3269 88
2114 3203 2212 3288 (7)
2254 3207 2445 3269 crisin
2482 3206 2837 3268 exercuisse
2878 3206 3101 3266 contra

716 3305 1041 3373 Donatum
1091 3308 1177 3374 88
1205 3309 1301 3394 (2)
1351 3316 1416 3376 et
1461 3311 1777 3376 addidisse
1822 3313 2071 3395 ineptas
2118 3311 2405 3394 argutias
2451 3312 2517 3373 in
2566 3308 2684 3393 (8).
2756 3307 3107 3391 Repetitio·

713 3433 824 3477 nes
889 3412 975 3477 88
1002 3413 1099 3498 (1)
1162 3419 1226 3479 et
1290 3416 1381 3500 (6)
1445 3424 1507 3480 et
1572 3416 2087 3481 additamentum
2150 3415 2247 3500 (5)
2318 3417 2505 3479 initio
2575 3413 2720 3478 aliis
2791 3412 3103 3476 debentur

713 3521 1077 3603 magistriS,
1127 3523 1334 3603 posita
1378 3523 1444 3584 in
1493 3524 1785 3606 margine
1827 3520 2097 3586 alieuius
2135 3521 2329 3585 fontis
2371 3519 2842 3604 Qompilatoris.
2892 3515 3100 3582 Stilus

713 3623 811 3689 IP
860 3624 1153 3688 sordidus
1201 3633 1264 3690 et
1312 3627 1618 3692 obscurus
1665 3628 1903 3712 ubique
1951 3629 2249 3691 cernitur.

805 3837 836 3902 I
881 3837 945 3904 2.
973 3838 1080 3904 91.
1147 3840 1242 3906 Ob
1288 3842 1443 3907 haee
1489 3842 1656 3907 facta
1704 3843 1812 3907 abs
1861 3845 1922 3907 te
1968 3862 2227 3927 spernor

804 3944 900 4028 (1)
951 3945 1076 4011 Hic
1123 3947 1359 4033 duplex
1407 3951 1843 4034 pronuntiatio
1890 3954 2018 4013 est:
2069 3947 2171 4014 vel
2220 3968 2332 4032 per
2377 3948 2946 4032 interrogationem
2986 3943 3095 4010 vel

712 4069 826 4133 per
859 4052 1243 4117 invidiosam
1281 4056 1867 4141 exprobrationem;
1912 4091 1997 4102 --
2038 4054 2135 4139 (2)
2178 4059 2241 4118 et
2279 4050 2513 4118 melius
2538 4051 2718 4118 velut
2740 4051 3093 4132 indicativo

712 4155 903 4220 modo
951 4179 1145 4243 quam
1185 4163 1648 4246 interrogativo
1688 4161 2037 4246 profertur:
2079 4160 2196 4224 hoo
2235 4161 2406 4224 enim
2446 4166 2544 4223 est
2583 4158 2788 4223 multo
2828 4159 3103 4243 gravius

817 4414 870 4477 1)
919 4413 1173 4466 Indioatwi
1218 4417 1269 4466 in
1303 4417 1550 4481 rogatione
1582 4417 1816 4482 pendente
1857 4412 2125 4480 'impune’
2160 4418 2209 4463 et
2250 4431 2389 4464 ‚usus
2421 4413 2524 4464 est”
2559 4415 2649 4479 (88
2666 4415 2771 4479 (4))
2810 4427 2994 4463 morem
3033 4430 3111 4464 re-

720 4493 885 4542 ferunt
920 4494 944 4542 1
961 4496 1016 4544 P.
