3392 5384
771 412 903 479 436
1812 431 2125 479 Donamus.

766 617 898 661 ros
961 616 1096 660 esse
1157 597 1557 673 innocentes,
1624 593 1883 660 tandem
1947 597 2104 661 citat
2166 616 2240 661 ea
2302 616 2466 681 quae
2527 598 2751 661 statim
2797 601 3162 681 sequuntur

770 701 949 780 „sed
1010 722 1180 767 nunc
1243 701 1406 765 mihi
1465 704 1532 765 in
1596 707 1883 767 mentem
1948 704 2129 767 venit
2190 701 2268 767 de
2330 702 2449 767 hac
2495 723 2565 767 re
2612 701 2782 788 quod
2827 700 3046 767 locuta
3091 724 3161 767 es

764 807 989 884 olim'',
1036 828 1266 893 nempe
1314 828 1580 872 uxorem
1630 828 1894 893 negasse
1934 809 2071 892 pati
2109 828 2174 873 se
2214 828 2395 893 posse
2435 811 2511 872 ut
2549 806 2682 873 filia
2719 828 2835 872 sua
2869 814 3162 873 maneret

764 935 914 978 cum
976 935 1141 979 novo
1205 916 1475 990 marito,
1541 916 1655 999 qui
1701 915 2105 979 meretricem
2153 917 2400 979 amaret
2445 918 2566 994 (vs.
2619 912 2952 994 22—24);
3001 914 3160 979 haec

760 1021 971 1106 igitur
1028 1022 1098 1084 in
1160 1025 1443 1085 mentem
1506 1040 1810 1085 revocans
1869 1019 2230 1105 Phidippus
2296 1019 2551 1085 dubitat
2609 1040 2690 1085 an
2751 1042 2876 1086 non
2938 1023 3158 1105 potius

666 1152 669 1157 ·
762 1124 1076 1212 culpanda
1144 1146 1338 1211 quam
1408 1126 1768 1191 miseranda
1838 1128 1924 1191 sit
1995 1147 2176 1191 uxor.
2258 1126 2493 1191 Donati
2562 1128 3156 1212 interpretationem

762 1253 981 1298 veram
1042 1253 1213 1310 esse,
1280 1232 1437 1298 haec
1482 1234 1796 1298 sententia
1843 1232 2245 1299 adversativa
2293 1232 2723 1298 demonstrat:
2773 1233 3041 1298 Utinam
3088 1239 3154 1297 te

758 1339 1163 1404 innocentem
1244 1360 1381 1404 esse
1460 1338 1818 1416 crederem,
1899 1338 2009 1405 sed
2093 1338 2434 1425 prohibent
2515 1359 2680 1424 quae
2748 1341 3018 1404 memini
3087 1344 3152 1403 te

760 1444 988 1510 dicere.
1053 1444 1382 1509 Accedunt
1445 1442 1570 1509 alia
1614 1451 1999 1532 argumenta
2021 1493 2035 1522 ,
2085 1466 2245 1531 quae
2295 1444 2481 1510 facile
2525 1447 2814 1511 inveniet
2861 1446 3152 1530 quisquis

758 1552 1103 1617 verborum
1150 1555 1522 1616 contextum
1564 1551 1715 1616 inde
1761 1572 1798 1616 a
1847 1572 1944 1617 vs.
1996 1550 2083 1616 20
2131 1555 2376 1617 attente
2423 1548 2677 1637 legerit.

848 1656 971 1722 His
1043 1663 1263 1722 autem
1330 1656 1587 1722 scholiis
1653 1659 2034 1743 interposita
2103 1662 2203 1722 est
2272 1656 2475 1722 altera
2543 1658 2989 1744 interpretatio
3054 1656 3151 1739 (2)

759 1785 909 1830 vere
965 1766 1205 1849 inepta.
1272 1762 1603 1843 Quomodo
1670 1766 1843 1828 enim
1889 1762 2284 1848 Phidippus,
2333 1768 2676 1848 postquam
2723 1764 3152 1841 asseveravit,

757 1868 1014 1955 culpam
1034 1915 1052 1946 ,
1118 1889 1311 1954 quam
1371 1868 1637 1934 illorum
1696 1866 1893 1949 (filiae
1940 1875 2006 1935 et
2049 1872 2297 1955 generi)
2344 1890 2479 1935 esse
2525 1868 2910 1947 crediderat,
2960 1889 3152 1954 penes

758 1996 1023 2040 uxorem
1070 1994 1205 2039 esse
1251 1986 1485 2060 („quae
1532 1982 1596 2040 te
1644 1981 1743 2039 est
1781 1975 2064 2060 penes''),
2109 1981 2328 2060 optare
2367 1980 2579 2062 potest
2618 1978 2912 2054 „utinam
2953 1977 3150 2039 sciam

757 2102 947 2167 penes
996 2087 1059 2145 te
1108 2078 1333 2145 esse’'?
1395 2079 1754 2145 Scholiasta
1800 2082 1919 2146 hoc
1967 2083 2198 2159 sensit,
2248 2082 2516 2168 ideoque
2562 2082 2756 2147 verba
2801 2084 2971 2147 senis
3016 2102 3150 2146 cor-

755 2189 932 2275 rupit
1001 2188 1314 2253 scribens:
1390 2187 1679 2265 „credo
1750 2210 1942 2273 penes
2010 2194 2074 2253 te
2135 2209 2270 2254 esse
2333 2188 2656 2274 culpam'',
2719 2210 2894 2255 cum.
2932 2196 3150 2254 tamen

757 2315 949 2360 senex
1013 2293 1402 2359 affirmanter
1462 2294 1698 2360 dixerit
1762 2300 1868 2372 „te
1931 2299 2056 2359 est
2118 2294 2376 2380 penes’'.
2445 2295 2624 2361 Haec
2671 2317 2777 2361 me
2823 2294 3151 2361 adducunt

760 2407 837 2465 ut
899 2399 1153 2466 credam
1216 2400 1545 2466 Editorem
1607 2402 1728 2466 hoc
1774 2401 2089 2467 scholium
2138 2423 2261 2467 non
2309 2406 2565 2468 tantum
2610 2404 2989 2481 inseruisse,
3039 2402 3151 2467 sed

759 2509 975 2592 ipsum
1034 2508 1389 2585 invenisse,
1450 2507 1643 2593 idque
1693 2508 2165 2594 „quibusdam”
2215 2511 2606 2595 imputasse,
2657 2531 2781 2595 quo
2827 2510 3152 2595 antiquior

761 2615 1089 2680 videretur
1134 2618 1499 2680 auctoritas.

851 2722 1155 2788 Wessn.
1220 2724 1417 2787 sensit
1480 2720 1877 2788 scholiorum
1925 2722 2211 2788 ordinem
2259 2723 2648 2802 claudicare,
2697 2722 2806 2788 sed
2854 2743 3005 2787 cum
3049 2720 3149 2803 (3)

762 2829 1111 2893 maximam
1183 2841 1431 2911 partem
1501 2826 1898 2905 eliminaret,
1962 2849 2183 2894 veram
2244 2850 2462 2894 rerum
2525 2829 2961 2895 condicionem
3019 2849 3148 2892 non

754 2934 1081 3019 perspexit
1111 2932 1181 3013 ¹).

848 3037 934 3102 IV
982 3036 1159 3102 2.14
1228 3038 1372 3103 Non
1442 3040 1667 3118 facies,
1739 3062 1944 3127 neque
2017 3043 2225 3107 sinam
2298 3046 2374 3107 ut
2445 3044 2558 3127 qui
2626 3042 2842 3119 nobis,
2914 3045 3146 3117 mater,

757 3143 1173 3210 maledictum
1238 3144 1432 3224 velit,
1481 3168 1624 3212 mea
1673 3149 2026 3232 pertinacia
2078 3168 2213 3213 esse
2259 3147 2432 3213 dicat
2480 3147 2762 3225 factum,
2812 3131 2988 3212 haud
3036 3152 3150 3211 tua

758 3251 1073 3317 modestia

847 3359 943 3439 (2)
992 3359 1212 3423 Primo
1258 3380 1424 3435 „non
1464 3359 1697 3425 facias’'
1706 3407 1722 3436 ,
1764 3359 2021 3438 deinde,
2063 3362 2117 3426 si
2156 3361 2360 3427 facere
2401 3361 2937 3446 perseveraveris,
2975 3380 3150 3437 „non

755 3464 1028 3530 sinam''.
1079 3501 1164 3513 —
1214 3463 1309 3545 (3)
1356 3464 1441 3529 Et
1491 3487 1655 3544 „non
1704 3466 1937 3531 facies”
1988 3488 2113 3532 non
2159 3474 2257 3532 est
2296 3466 2767 3543 interdicentis,
2809 3464 2919 3530 sed
2959 3467 3143 3550 quasi

755 3571 956 3637 dicat:
1019 3592 1141 3636 non
1203 3578 1267 3635 te
1328 3574 1457 3637 scio
1503 3572 1820 3638 facturam
1865 3594 2003 3638 rem
2051 3580 2184 3639 tam
2231 3560 2521 3658 pravam.
2573 3611 2658 3621 —
2708 3571 2876 3637 Sunt
2921 3576 3140 3636 autem

754 3680 866 3763 qui
931 3698 1175 3763 „neque
1236 3675 1487 3742 sinam”
1551 3681 1829 3764 iungant
1883 3679 2328 3757 inferioribus,
2378 3684 2530 3744 sunt
2575 3679 2686 3765 qui
2736 3682 2948 3743 totum
2995 3698 3141 3742 con·

753 3788 927 3849 texte
970 3782 1194 3869 legant
1244 3805 1409 3861 „non
1456 3784 1689 3849 facies”
1743 3805 1945 3870 usque
1991 3784 2411 3863 ,‚modestia’'.

846 3888 1125 3956 Lineolis
1172 3892 1416 3956 secrevi
1462 3890 1745 3956 Editoris
1791 3889 2389 3976 interpolationem,
2439 3891 2679 3956 etenim
2728 3889 2893 3954 Don.
2940 3890 3008 3953 in
3047 3895 3114 3967 (
3075 3887 3145 3967 ⁰)

750 4000 884 4063 iam
948 3998 1101 4061 satis
1163 3996 1442 4062 ostendit
1506 3996 1783 4074 „facies”
1833 4019 1967 4063 esse
2014 3999 2219 4063 futuri
2268 4000 2608 4083 temporis,
2651 4018 2766 4063 nec
2814 4002 2982 4061 stare
3030 4017 3142 4081 pro

752 4104 1157 4188 imperativo.
1207 4100 1313 4167 Sic
1360 4101 1711 4185 (2)-{—(3)b
1759 4125 1962 4168 unum
2011 4104 2292 4169 efficiunt
2337 4103 2676 4169 scholium.
2729 4102 2937 4181 „Sunt
2983 4099 3140 4188 qui''

750 4214 998 4275 certum
1048 4214 1387 4274 auctorum
1430 4208 1747 4275 indicium
1794 4233 1917 4276 non
1967 4210 2246 4277 exhibet.

740 4512 747 4520 .
819 4476 868 4535 1)
913 4476 1119 4525 Prorsus
1168 4492 1197 4525 a
1244 4492 1358 4525 vero
1391 4476 1583 4527 aberrat
1619 4476 1805 4527 Pauli
1840 4476 2105 4527 Thomas
2138 4476 2475 4542 interpretatio
2511 4476 2571 4525 ed
2604 4476 2652 4524 h.
2672 4474 2724 4534 1..
2760 4474 2842 4539 qui
2878 4473 3026 4524 schol.
3063 4474 3138 4535 (2)

744 4558 793 4605 et
820 4559 890 4621 (8)
915 4557 1049 4620 quui
1080 4574 1229 4608 mmm
1256 4559 1537 4609 continuum
1563 4560 1732 4609 citavit
1758 4574 2017 4623 eorumque
2046 4560 2374 4610 diversitatem
2403 4574 2498 4607 non
2515 4557 2906 4607 animadvertisse
2926 4557 3137 4607 videtur.
