3392 5384
691 411 822 480 374
1481 433 1568 481 nn
1609 431 1930 482 nummus
1974 431 2291 480 mrrnoo,

689 603 927 686 species
988 602 1049 666 ei
1109 600 1383 666 adscribi
1444 601 1743 665 sinerent.
1803 599 1927 664 Sed
1972 602 2161 665 venio
2222 620 2394 665 nunc
2454 599 2536 666 ad
2579 600 2649 666 id
2696 601 2865 686 quod
2912 603 3085 667 mihi

687 714 880 792 caput
924 710 1016 773 rei
1058 713 1188 791 est3
1225 710 1358 773 iam
1398 728 1702 794 quaeram
1737 729 1897 772 num
1930 710 2001 772 in
2040 708 2627 793 fragmentis,quae
2668 729 2747 772 ex
2784 708 3081 774 Pirithoo

686 819 928 879 restant
971 813 1244 893 iudicia,
1293 816 1704 899 opinionesve
1752 814 2153 900 proferantur
2199 812 2567 900 Euripideis
2613 816 2983 880 contrariae.

778 918 1186 987 Coniunctim
1227 920 1570 1006 spectanda
1606 927 1759 985 sunt
1796 920 1874 985 fr.
1904 917 2034 987 597
2061 926 2125 984 et
2151 919 2229 984 fr.
2257 918 2410 985 598.
2459 921 2682 985 Priore
2714 921 3080 1008 fragmento

686 1032 876 1112 poeta
934 1029 1105 1092 inter
1165 1048 1232 1092 se
1296 1029 1564 1112 opponit
1621 1025 1791 1112 legis
1853 1033 2045 1112 atque
2107 1047 2366 1091 morum
2414 1028 2553 1093 vim
2598 1029 2668 1090 in
2714 1027 3076 1113 republica:

686 1133 936 1199 firmius
995 1155 1130 1198 esse
1189 1133 1686 1199 fundamentum
1743 1135 1811 1197 in
1857 1135 2105 1199 civium
2150 1135 2385 1198 animis
2432 1154 2624 1218 quam
2670 1135 2739 1198 in
2782 1132 3041 1221 legibus
3056 1155 3074 1213 3

684 1241 801 1306 has
854 1241 1026 1304 enim
1073 1246 1314 1306 temere
1360 1241 1438 1305 ab
1488 1242 1845 1306 oratoribus
1890 1242 2005 1325 qui
2048 1241 2293 1307 civium
2340 1241 2632 1326 partibus
2676 1243 2961 1325 praesint
3006 1243 3079 1304 in

686 1347 1032 1432 perniciem
1077 1349 1358 1412 civitatis
1396 1349 1703 1412 converti.
1744 1347 1965 1411 Animi
1989 1353 2209 1411 autem
2233 1349 2596 1431 mentisque
2620 1349 3081 1432 praestantiam

687 1451 968 1519 alterum
1006 1453 1227 1519 laudat
1268 1454 1737 1540 fragmentum,
1774 1454 2208 1518 certissimum
2240 1454 2306 1546 ⁴2²21
2346 1454 2430 1533 τῷ
2454 1460 2695 1534 Φρονεῒν
2719 1453 3081 1519 subsidium

686 1581 824 1624 esse
892 1560 1293 1646 praedicans,
1364 1566 1749 1646 quapropter
1810 1563 1978 1624 recte
2037 1557 2232 1624 illum
2291 1561 2627 1625 hominem
2684 1561 2905 1626 fecisse
2966 1563 3085 1646 qui

687 1669 940 1732 mutato
987 1673 1202 1732 vetere
1249 1667 1585 1752 proverbio
1631 1671 1872 1732 sortem
1918 1666 2225 1744 adiuvare
2273 1666 2619 1751 prudentes
2663 1667 2982 1735 docuerit:

759 1774 855 1838 ·fr.
907 1771 1036 1841 597
1137 1773 1355 1853 τρόπος
1403 1773 1464 1837 δὲ
1513 1773 1788 1853 χρηστὸς
1835 1773 2308 1852 ἀσφαλέστερος
2356 1772 2575 1849 νόμον·

1141 1883 1243 1945 τὸν
1289 1879 1403 1955 μὲν
1451 1878 1578 1959 γὰρ
1625 1878 1813 1950 οὐδεὶς
1866 1878 1941 1944 ἂν
1994 1877 2362 1961 διαστρέψαι
2412 1880 2561 1944 ποτὲ

1140 1985 1326 2063 λόγος
1376 1984 1656 2064 δύναιτο,
1706 1985 1809 2050 τὸν
1856 1985 1908 2050 δ’
1957 1985 2077 2050 ἄνω
2128 2009 2198 2050 τε
2247 1986 2351 2050 καὶ
2404 1985 2575 2050 κάτω

1143 2092 1330 2174 ῥήτωρ
1378 2091 1755 2173 σπαράττων
1802 2091 2111 2164 πολλάκις
2159 2091 2557 2171 λυμαίνεται.
2674 2118 2683 2128 ·

777 2308 855 2374 fr.
907 2305 1038 2372 598
1131 2307 1157 2372 ὃ
1209 2312 1437 2388 πρῶτος
1486 2306 1664 2371 εἰπὼν
1714 2307 1819 2372 οὐκ
1866 2307 2254 2386 dynamium
2301 2305 2473 2387 φρενὶ

1144 2412 1379 2495 ἔρριψεν
1425 2411 1590 2487 ὅστις
1641 2412 1800 2478 τόνδ’
1850 2415 2148 2480 ἕκαΙνισ-εν
2195 2413 2402 2492 λόγον,

1145 2521 1221 2592 ὦς
1272 2527 1457 2584 τοῖσιν
1505 2516 1574 2584 εὖ
1622 2524 1906 2600 <moveam
1953 2527 2297 2601 συμμαχεῖ
2336 2518 2527 2598 τύχη.

777 2627 1031 2692 Dixerit
1091 2627 1358 2692 fortasse
1401 2629 1726 2712 quispiam
1772 2628 2123 2692 sententias
2169 2627 2341 2692 hisce
2390 2625 2640 2692 duobus
2686 2624 3078 2710 fragmentis

686 2731 968 2818 prolatas
1006 2735 1116 2798 vix
1156 2738 1290 2804 tam
1328 2735 1684 2820 insignem,
1730 2739 1865 2798 tam
1905 2733 2295 2819 peculiarem
2338 2733 2723 2819 sapientiam
2755 2733 3085 2796 continere

685 2846 761 2904 ut
807 2860 880 2904 ex
930 2840 1012 2904 iis
1059 2846 1305 2904 certum
1355 2839 1674 2925 quendam
1722 2844 1980 2924 poetam
2027 2859 2366 2925 agnoscas3
2416 2836 2573 2904 talia
2619 2837 2745 2902 dici
2789 2839 3081 2923 potuisse

687 2967 724 3012 a
782 2948 1011 3031 quovis
1071 2951 1259 3030 poeta
1313 2948 1580 3011 scenico.
1629 2947 1927 3012 Potuisse
1978 2968 2104 3011 non
2154 2947 2421 3033 negab0.
2472 2943 2599 3011 Sed
2647 2965 2839 3010 suum
2885 2944 3083 3008 habet

686 3053 955 3137 quisque
1003 3050 1369 3137 disputandi
1416 3051 1790 3138 dicendique
1837 3073 2064 3138 genus.
2116 3051 2299 3132 Quod
2345 3055 2412 3116 in
2457 3052 2630 3116 hisce
2677 3051 2841 3116 mihi
2887 3049 3080 3137 plane

684 3156 1110 3242 Euripideum
1144 3144 1422 3236 videtur,
1458 3156 1925 3223 alienissimum
1962 3158 2040 3223 ab
2066 3149 2375 3243 Euripide
2399 3178 2549 3222 cum
2579 3156 3075 3223 Wilamowitzio

684 3263 872 3329 hodie
917 3263 1203 3331 iudicant
1247 3262 1554 3350 plerique.
1601 3264 1999 3350 Quapropter
2044 3263 2359 3329 audienda
2404 3271 2555 3329 sunt
2602 3284 2763 3349 quae
2801 3265 2869 3328 in
2905 3264 3077 3330 Ana-

683 3369 869 3436 lectis
935 3370 1010 3436 de
1075 3371 1192 3436 hac
1238 3373 1378 3457 ipsa
1423 3393 1490 3436 re
1537 3373 1795 3456 scripsit
1844 3373 1945 3436 vir
1992 3391 2328 3449 summus,
2378 3391 2539 3456 quae
2588 3370 2775 3436 hodie
2822 3391 3073 3456 quoque

685 3477 1062 3564 persuadere
1124 3475 1352 3542 multis
1412 3483 1694 3564 pergunt
1741 3477 2118 3563 Euripidem
2165 3499 2291 3542 non
2338 3479 2433 3542 ita
2478 3479 2798 3542 censuisse
2843 3477 2919 3542 de
2966 3477 3075 3542 ho-

686 3587 940 3648 minum
986 3583 1198 3649 indole
1246 3589 1319 3648 ut
1360 3586 1429 3648 in
1478 3585 1837 3670 fragmento
1886 3582 2037 3650 597.
2090 3582 2221 3649 598
2262 3583 2605 3648 iudicatur.

778 3689 1047 3758 Censuit
1090 3693 1312 3776 itaque
1357 3711 1428 3756 ac
1474 3695 1686 3756 censet
1726 3693 1950 3776 opinor
1984 3689 2409 3756 Wilamowitz
2452 3689 2848 3768 „secundum
2886 3688 3073 3754 Euri-

684 3797 902 3883 pidem
940 3801 1180 3867 certam
1214 3798 1462 3883 ingenii
1497 3802 1562 3862 et
1599 3818 1858 3862 morum
1895 3797 2178 3863 indolem
2203 3797 2574 3862 hominibus
2609 3799 2899 3861 innatam
2934 3816 3072 3861 esse

687 3924 847 3988 quae
884 3901 1062 3967 nulla
1101 3923 1385 3987 unquam
1424 3923 1491 3967 re
1532 3902 1731 3967 deleri
1769 3908 2017 3988 posset,
2058 3905 2239 3988 sequi
2276 3903 2569 3968 homines
2600 3923 2741 3968 eam
2767 3901 2945 3968 fatali
2970 3923 3073 3966 ne-

684 4011 1016 4086 cessitate,
1068 4015 1141 4074 ut
1188 4009 1293 4075 vel
1329 4031 1476 4074 cum
1519 4013 1688 4074 recte
1730 4009 2116 4094 honesteque
2155 4009 2359 4076 facere
2398 4009 2674 4088 vellent,
2712 4031 2861 4075 cum
2901 4015 3072 4074 recte

686 4122 749 4182 et
790 4116 1051 4181 honeste
1091 4118 1438 4194 sentirent,
1477 4117 1670 4182 inviti
1713 4137 1968 4201 peccare
2006 4121 2407 4204 cogerentur.
2456 4116 2657 4182 Plane
2689 4118 3072 4182 contrariam

682 4225 892 4309 igitur
948 4222 1240 4308 Euripidi
1306 4220 1620 4309 placuisse
1684 4225 2072 4288 sententiam
2128 4223 2481 4289 Socraticae
2501 4272 2518 4302 ,
2567 4243 2729 4308 quae
2778 4245 2855 4289 ex
2900 4227 3072 4288 recte

681 4349 960 4415 praveve
1006 4328 1354 4394 intellectis
1399 4336 1570 4394 recte
1617 4350 1893 4415 praveve
1931 4331 2095 4396 facta
2138 4329 2517 4394 deduceret''
2560 4329 2773 4409 (Anal.
2800 4352 2860 4415 p.
2892 4328 3070 4409 165).

776 4435 1164 4521 opiniones,
1204 4435 1442 4500 iudicia
1481 4434 1787 4513 moralia,
1830 4435 2067 4522 placita
2114 4436 2191 4501 de
2239 4435 2505 4502 deorum
2553 4437 2689 4501 vita
2733 4441 2924 4520 atque
2971 4437 3070 4500 in-
3126 4423 3129 4426 ’

681 4545 873 4631 genio
918 4547 1231 4630 quatenus
1275 4562 1422 4608 suas
1468 4526 1797 4630 quat-enus
1828 4541 2065 4610 alienas
2113 4549 2303 4633 poeta
2352 4544 2635 4611 scenicus
2674 4541 2951 4631 proferat
2986 4544 3058 4610 in
