3392 5384
1384 439 1389 443 -
1444 413 1760 463 miurus.
2629 399 2763 465 233

462 576 624 644 Don.
689 583 846 646 scite
910 580 1008 662 (1)
1068 579 1168 643 Ex
1213 585 1394 665 parte
1439 582 1792 657 consentit,
1841 583 1954 665 qui
1999 582 2091 646 sic
2138 583 2515 668 interrogat.
2655 582 2756 646 IP

364 684 464 766 (2)
505 683 865 753 Credere
904 687 1259 753 dubitantis
1300 694 1424 764 est,
1465 693 1786 752 certum
1829 709 2010 752 esse
2048 687 2322 754 fidentis.
2462 688 2754 754 Donatus

361 812 683 877 nusquam
724 792 991 880 allegat,
1036 814 1198 878 quae
1238 794 1318 859 ad
1356 816 1494 882 rem
1534 815 1659 858 non
1701 796 2021 878 pertinent
2061 801 2126 860 et
2165 797 2436 860 minime
2475 797 2753 862 otiosum

363 899 734 963 istiusmodi
782 900 1240 980 veriverbium.

440 1002 617 1068 Ibid.
671 1004 755 1068 46
820 1005 917 1085 (2)
981 1005 1268 1092 „Frugi”
1337 1005 1520 1071 utilis
1582 1028 1652 1072 ac
1715 1009 2146 1086 necessarius,
2213 1029 2250 1072 a
2319 1008 2760 1095 frugibuS,

360 1130 525 1194 quae
588 1110 755 1196 quod
817 1113 918 1176 his
978 1112 1363 1190 fruamur
1419 1115 1512 1178 ita
1576 1113 1784 1179 dictae
1835 1120 2021 1192 sunt;
2075 1152 2158 1163 —
2209 1114 2378 1180 unde
2422 1114 2763 1204 fructus

358 1217 425 1281 et
473 1217 1011 1284 frumentum.
1064 1257 1148 1268 —
1192 1219 1287 1299 (3)
1337 1219 1533 1285 Frui
1580 1226 1801 1286 autem
1850 1226 1947 1285 est
1996 1223 2206 1298 vesci,
2260 1242 2296 1286 a
2344 1221 2759 1298 frumine,

288 1375 291 1381 .
360 1343 526 1408 quae
574 1330 671 1389 est
716 1345 973 1391 summa
1018 1346 1165 1411 pars
1212 1325 1444 1413 gulae,
1494 1331 1644 1392 cett.
1785 1326 2126 1393 Emblema
2167 1331 2549 1393 continuum
2590 1328 2764 1393 scho-

362 1428 533 1494 lium
578 1433 776 1516 rupit.

458 1612 511 1677 V
563 1613 619 1678 1.
651 1611 690 1677 5
759 1613 1113 1678 Eunuchus
1160 1613 1358 1678 abiit:
1409 1635 1603 1700 quam
1652 1615 1731 1680 ob
1780 1637 1918 1681 rem
1967 1621 2031 1682 et
2078 1617 2235 1701 quid
2283 1616 2528 1682 factum
2575 1622 2672 1682 est

454 1720 552 1799 (1)
615 1719 778 1800 Quia
838 1723 1040 1786 nescit
1102 1741 1393 1800 causam,
1458 1743 1581 1786 non
1647 1723 1904 1809 „fugit”
1931 1723 2120 1792 ‚dixit
2165 1723 2272 1788 sed
2324 1723 2591 1801 „abiit'',
2639 1743 2753 1788 nec

365 1822 757 1905 „Chaerea'',
798 1827 908 1892 sed
951 1828 1388 1905 „eunuchus''.
1526 1827 1742 1894 Nimis
1788 1831 2099 1908 otiosum,
2141 1849 2290 1894 cum
2315 1831 2381 1893 in
2404 1831 2542 1914 ipso
2570 1833 2754 1893 textu

360 1932 624 2020 legatur
684 1936 913 1999 nesciri
974 1955 1265 2012 causam,
1333 1941 1397 2000 et
1458 1935 1535 1999 de
1582 1936 1967 2002 nominando
2015 1935 2297 2004 Chaerea
2346 1938 2604 2004 omnino
2653 1936 2757 2000 hic

363 2061 577 2106 sermo
623 2061 757 2106 esse
804 2040 1090 2106 nondum
1139 2043 1373 2125 potuit.

454 2147 616 2212 Ibid.
668 2144 719 2212 7
778 2146 933 2227 Quis
982 2147 1111 2211 fuit
1154 2144 1402 2234 igitur?
1475 2148 1614 2234 Py.
1662 2146 1792 2214 Iste
1841 2147 2121 2215 Chaerea
2649 2229 2654 2234 ,

452 2253 549 2334 (1)
611 2253 787 2319 Haec
850 2255 1255 2318 cunctatione
1302 2254 1772 2338 pronuntianda
1819 2260 2002 2334 sunt,
2051 2258 2201 2340 quia
2248 2260 2361 2320 aut
2406 2257 2614 2321 invita
2662 2255 2758 2318 in-

360 2359 534 2425 dicat
593 2365 706 2425 aut
768 2345 1022 2425 dubitat
1086 2360 1161 2425 de
1209 2363 1469 2426 nomine
1513 2363 1724 2446 ignoti
1769 2369 1883 2426 aut
1932 2362 2211 2448 trepidat
2256 2383 2370 2448 per
2417 2364 2718 2426 timorem

360 2473 438 2532 ut
484 2487 612 2531 non
660 2467 955 2548 videatur
1003 2466 1281 2532 adfuisse
1326 2466 1431 2532 vel
1478 2469 1669 2532 scisse
1719 2489 1870 2532 cum
1916 2467 2130 2547 fieret,
2183 2474 2295 2534 aut
2345 2467 2752 2546 (ostendat),

362 2594 557 2659 quam
605 2595 727 2638 non
774 2572 1049 2638 libenter
1095 2572 1262 2639 dicat
1310 2575 1447 2638 eius
1486 2594 1756 2658 nomen,
1797 2577 1903 2640 cui
1939 2577 2256 2641 irascitur.
2441 2574 2544 2639 Sic
2583 2573 2745 2639 Don.

360 2682 557 2744 nimis
595 2679 859 2745 fortasse
898 2678 1205 2764 prolixus.
1248 2679 1587 2764 Sequitur:
1624 2680 1722 2760 (2)
1761 2680 1884 2746 Sed
1923 2703 2044 2768 ego
2069 2703 2342 2769 agnosco
2367 2679 2744 2746 ancillarum

359 2785 924 2863 consuetudinem,
973 2786 1141 2871 quod
1177 2786 1533 2866 ‚obliviosae
1584 2793 1736 2852 sunt
1776 2784 2113 2853 nominum
2147 2787 2212 2868 ¹).
2367 2787 2474 2852 Sic
2498 2787 2746 2852 Editor.

452 2892 614 2957 Ibid.
665 2891 706 2956 8
777 2891 913 2978 Py.
964 2892 1093 2956 Iste
1141 2893 1423 2977 ephebus
1472 2893 1672 2958 frater
1718 2893 2070 2959 Phaedriae

358 3013 367 3021 ’
454 2998 554 3080 (1)
623 2998 951 3084 Ephebi
1020 3020 1256 3064 nomen
1324 2999 1405 3064 ad
1476 3005 1755 3066 aetatem
1819 3000 2108 3079 rettulit,
2181 3023 2306 3066 non
2369 3000 2446 3066 ad
2511 3001 2756 3065 facinus

357 3105 800 3170 commissum.
986 3103 1267 3170 Obscura
1330 3105 1657 3172 adnotatio
1702 3105 2021 3172 declarare
2068 3107 2328 3172 videtur
2374 3106 2541 3193 quod
2591 3105 2752 3171 Don.

354 3213 615 3296 scripsit
661 3210 758 3292 (2)
807 3211 1194 3296 Ephebus
1243 3214 1367 3277 cito
1418 3218 1522 3294 (=
1546 3213 1852 3292 breviter)
1900 3214 2196 3291 ostendit,
2246 3235 2361 3279 cur
2405 3215 2587 3286 (sit)
2626 3215 2751 3290 iste

354 3319 689 3384 eunuchus
735 3319 1016 3383 creditus
1063 3317 1228 3400 (scil.
1279 3321 1429 3404 quia
1476 3322 1673 3384 etiam
1721 3320 2000 3385 eunuchi
2047 3320 2302 3386 virilem
2353 3321 2581 3384 faciem
2629 3341 2754 3384 non

359 3423 645 3506 habent).

448 3529 610 3595 Ibid.
663 3526 747 3596 17
819 3529 987 3610 Quid
1032 3529 1198 3596 illud
1246 3531 1528 3596 hominis
1577 3529 1712 3597 est?
2247 3609 2267 3617 ,

448 3635 543 3718 (2)
590 3636 715 3701 Per
757 3639 1138 3723 genetivum
1186 3658 1405 3702 casum
1451 3640 1759 3704 iniuriose
1805 3637 2059 3717 dicitur,
2108 3659 2221 3724 per
2265 3639 2743 3703 nominativum

352 3743 715 3809 honorifice.
898 3743 1167 3808 Videtur
1211 3746 1493 3810 imitatio
1540 3743 1770 3810 scholii
1815 3743 1977 3811 Don.
2005 3743 2086 3812 ad
2169 3741 2230 3810 Π
2268 3743 2331 3812 ,2.
2361 3743 2541 3826 6(1).
2589 3743 2748 3809 Vide

358 3871 554 3936 supra
601 3871 664 3936 p.
718 3849 821 3915 13.
1092 3855 1099 3858 ’

455 4032 503 4097 V
535 4032 597 4098 2.
625 4032 657 4096 1
712 4032 902 4118 Apud
925 4029 1365 4118 Antiphonem
1394 4039 1683 4120 uterque,
1711 4040 1892 4120 pater
1915 4041 1978 4100 et
2005 4041 2228 4113 mater,
2262 4084 2276 4101 .
2295 4083 2342 4101 ..
2373 4035 2548 4100 domi
2572 4043 2754 4101 erant

450 4137 549 4220 (3)
612 4138 760 4203 Non
820 4146 1181 4225 uterque
1228 4147 1470 4225 pater
1516 4149 1583 4206 et
1628 4146 1998 4226 utraque
2046 4148 2345 4220 mater,
2395 4143 2506 4208 sed
2553 4148 2750 4208 uter-

356 4266 394 4330 q
412 4267 511 4310 ue
557 4267 599 4331 p
617 4265 654 4310 a
672 4266 814 4310 ren
832 4267 896 4323 s,
946 4248 1098 4330 quia
1146 4252 1355 4312 mater
1401 4253 1467 4312 et
1513 4253 1717 4333 pater.
1857 4247 2238 4334 Insipidum.

421 4462 477 4526 1)
510 4460 591 4510 Sic
624 4460 877 4525 legendum
910 4459 1113 4511 videtur.
1152 4461 1299 4509 Codd.
1334 4461 1612 4526 compendia
1647 4460 1823 4510 habent
1859 4461 1940 4510 dn.
1974 4462 2084 4520 dfio,
2122 4462 2246 4511 unde
2284 4461 2468 4512 Wessn.
2508 4463 2752 4514 ‚domina-

348 4543 509 4605 rum”,
542 4542 670 4608 quod
702 4559 797 4594 non
830 4542 1075 4608 intellego.
1126 4545 1196 4592 De
1225 4559 1333 4608 ego
1368 4545 1429 4594 cf.
1470 4545 1655 4595 Mnem.
1689 4543 1877 4594 XXXII
1912 4559 1958 4610 p.
1993 4546 2108 4595 223.
