3392 5384
1402 453 1713 502 Donamus,
2665 436 2750 501 41

469 618 638 687 Cum
706 618 1069 705 „rogitare”
1134 621 1218 684 sit
1278 618 1657 684 exclamatio
1721 618 2145 705 indignantia,
2208 618 2374 684 nihil
2429 619 2603 686 deest
2650 625 2765 685 aut

282 757 288 763 ·
376 724 757 790 subauditur
800 730 864 790 et
912 724 1265 790 damnanda
1314 729 1464 788 sunt
1510 724 1602 802 (1)
1652 730 1715 788 et
1764 722 1880 804 (4),
1937 744 2212 808 quorum
2274 724 2436 789 illud
2498 725 2762 790 debetur

376 833 723 917 mag-istm,
788 832 901 915 qui
960 828 1307 894 identidem
1370 829 1529 894 falsa
1589 827 2038 914 supplementa
2084 830 2379 914 praebuit
2439 851 2552 915 per
2597 833 2759 894 deest

374 936 480 1014 (cf.
528 934 820 1020 exempla
865 936 943 1000 ad
996 935 1190 1001 Andr.
1240 937 1306 999 in
1357 935 1604 1001 Mnem.
1653 933 1912 999 XXXII
1957 957 2018 1020 p.
2074 933 2204 999 300
2229 942 2413 1020 sqq.),
2464 936 2582 1001 hoc
2621 937 2754 1002 alii.

373 1040 643 1125 Reliqua
713 1042 875 1105 mihi
945 1040 1191 1106 Donato
1262 1040 1465 1106 danda
1525 1041 1850 1117 videntur,
1915 1041 2027 1124 qui
2085 1042 2153 1104 in
2215 1040 2311 1121 (2)
2358 1041 2757 1107 infinitivum

368 1145 763 1210 exclamandi
823 1149 1159 1231 integrum
1207 1144 1469 1231 reliquit
1514 1167 1586 1210 ac
1632 1148 1771 1210 sine
1818 1143 2282 1230 supplementis
2329 1152 2394 1210 et
2441 1154 2609 1211 recte
2656 1148 2762 1212 ob·

369 1255 654 1318 servavit
700 1252 1168 1317 Parmenonem
1216 1255 1414 1317 etiam
1463 1272 1764 1318 aversum
1809 1273 1846 1316 a
1894 1251 2208 1315 Phaedria
2253 1252 2371 1316 hoc
2410 1251 2764 1318 exclamare

369 1359 689 1443 potuisse,
755 1360 1012 1422 etiamsi
1078 1358 1197 1422 hoc
1261 1360 1477 1422 minus
1534 1360 1619 1421 sit
1665 1356 2009 1441 probabile.
2085 1357 2265 1422 Idem
2309 1360 2377 1421 in
2424 1351 2520 1437 (3)
2568 1360 2764 1423 verba

372 1465 597 1547 „quasi
636 1461 890 1527 difficile
931 1462 1061 1527 sit”
1102 1484 1237 1528 non
1278 1465 1489 1549 magis
1528 1461 1974 1547 supplemento
1999 1465 2322 1539 oneravit,
2354 1468 2431 1527 ut
2454 1464 2766 1548 magister

368 1569 520 1632 fecit
581 1570 651 1631 in
712 1568 827 1648 (4).
880 1567 1121 1633 Dubito
1172 1576 1386 1633 tamen
1434 1568 1509 1634 de
1556 1567 1758 1632 altera
1803 1573 1982 1652 parte
2032 1567 2261 1632 scholii
2306 1569 2422 1648 (4),
2471 1571 2760 1654 primum

371 1675 545 1736 enim
617 1673 808 1737 verba
885 1679 991 1751 „et
1062 1673 1339 1737 ostendit
1579 1672 1888 1738 munera''
1963 1693 2222 1757 prorsus
2292 1694 2760 1758 supervacanea

372 1783 557 1855 sunt,
622 1776 784 1843 Don.
848 1784 1064 1843 autem
1130 1777 1263 1844 odit
1324 1780 1524 1843 otiosa
1584 1785 1649 1843 et
1697 1798 2197 1863 supervacanea,
2248 1799 2408 1863 quae
2454 1780 2522 1843 in
2569 1781 2757 1844 certis

371 1887 797 1972 genuinisque
843 1887 979 1950 eius
1026 1885 1539 1950 adnotationibus
1577 1905 1896 1970 nusquam
1933 1886 2255 1962 invenies,
2301 1884 2525 1950 deinde
2565 1885 2760 1950 verba

374 2012 567 2068 „cum
629 1997 847 2056 contra
894 2041 908 2057 .
941 2040 955 2057 .
985 2040 999 2056 .
1051 2013 1174 2056 non
1237 1990 1427 2056 dare’'
1492 1993 1877 2056 sententiam
1927 1993 2257 2056 continent
2303 2011 2338 2056 a
2386 2011 2453 2056 re
2501 2011 2760 2075 prorsus

370 2096 644 2162 alienam
704 2104 767 2162 et
829 2102 973 2161 tum
1032 2096 1298 2163 demum
1345 2101 1741 2182 appositam,
1799 2100 1856 2162 si
1900 2098 2214 2162 Parmeno
2257 2099 2326 2160 in
2375 2096 2491 2161 hac
2539 2116 2763 2160 scaena

374 2224 739 2287 perversam
778 2202 1203 2269 adulescentis
1249 2203 1706 2270 liberalitatem
1769 2206 2128 2289 tetigisset,
2192 2223 2229 2266 a
2290 2219 2414 2286 quo
2478 2195 2767 2267 multum

379 2308 604 2373 abfuit.
676 2308 851 2374 Haec
894 2312 1102 2396 igitur
1147 2314 1223 2374 ut
1264 2309 1822 2394 interpolationem
1868 2309 2152 2373 Editoris
2200 2306 2456 2371 lineolis
2505 2309 2767 2372 secrevi.

469 2412 928 2478 Sabbadini
987 2414 1515 2480 inconsideratius
1584 2417 1803 2479 omnia
1850 2413 1992 2498 ((1)
2039 2412 2136 2493 (2)
2183 2412 2323 2498 (3))
2370 2416 2621 2497 praeter
2667 2412 2764 2494 (4)

378 2516 561 2584 obelo
608 2521 879 2586 notavit.

464 2622 627 2688 Ibid.
681 2622 722 2686 4
767 2624 864 2704 (1)
914 2623 1294 2703 „Invenire”
1345 2627 1702 2710 acquirere;
1753 2627 1844 2690 sic
1890 2627 1957 2689 in
2006 2624 2243 2688 Heaut.
2293 2623 2373 2705 (V
2425 2623 2483 2689 4.
2515 2624 2646 2705 16).

373 2727 470 2808 (2)
517 2728 685 2793 Nam
728 2728 871 2795 ideo
918 2749 954 2794 a
998 2729 1401 2816 praecedenti
1447 2732 1641 2794 etiam
1694 2737 2098 2814 quaestus
2144 2729 2465 2824 dicuntpr.

466 2833 762 2899 Alterum
808 2833 1123 2900 scholium
1172 2856 1295 2899 non
1341 2838 1619 2920 pertinet
1662 2835 1741 2899 ad
1787 2835 2086 2900 Eunuchi
2125 2855 2418 2914 versum,
2459 2835 2569 2900 sed
2610 2857 2760 2920 quo·

378 2940 717 3006 dammodo
778 2939 857 3006 ad
916 2939 1288 3026 exemplum
1351 2940 2070 3006 Heautontimorumeni
2131 2942 2401 3007 citatum
2461 2943 2530 3006 in
2593 2941 2710 3023 (1).

2501 3045 2564 3111 S.
2614 3067 2667 3110 c.

468 3149 629 3215 Ibid.
680 3149 719 3214 5
782 3151 922 3235 Ego
969 3172 1219 3236 quoque
1267 3171 1394 3215 una
1438 3172 1661 3236 pereO,
1713 3152 1881 3237 quod
1927 3152 2092 3218 mihi
2138 3157 2234 3216 est
2282 3154 2490 3216 carius

468 3255 566 3337 (2)
623 3255 746 3320 Pro
793 3259 904 3341 qui
950 3257 1115 3320 mihi
1161 3277 1307 3320 sum
1355 3259 1577 3321 carior.
1648 3256 1749 3336 (3)
1795 3257 1921 3321 Sed
1970 3256 2177 3343 „ego”
2228 3256 2395 3322 dixit
2441 3256 2760 3335 absolute,

377 3382 709 3427 occurrens
770 3361 921 3426 huic
976 3364 1337 3447 pronomini
1380 3361 1760 3446 <„quod''>.
1903 3362 2077 3427 Haec
2124 3365 2289 3427 mira
2333 3364 2622 3428 inventio
2670 3365 2763 3426 vi-

380 3466 567 3532 detur
614 3466 895 3534 Editoris
942 3466 1265 3532 Donatum
1316 3469 1714 3553 corrigentis.
2504 3467 2568 3533 S.
2617 3490 2668 3533 c.

472 3572 627 3638 Ibid.
681 3572 720 3636 9
771 3572 1155 3651 Aemulum,
1206 3574 1372 3659 quod
1418 3576 1689 3658 poteris,
1736 3574 1814 3639 ab
1860 3594 1933 3639 ea
1977 3573 2204 3659 pellito

467 3678 564 3760 (1)
632 3680 773 3757 „Ab
835 3679 949 3744 ea’'
1015 3680 1094 3744 ab
1157 3682 1295 3745 eius
1356 3681 1589 3744 anim0.
1737 3678 1842 3744 Sic
1890 3682 2173 3766 apposite
2221 3680 2383 3746 Don.
2524 3678 2621 3744 IP
2669 3678 2758 3760 (2)

374 3805 501 3850 non
550 3783 748 3869 „pelli
793 3784 1054 3863 facito'',
1102 3785 1209 3850 sed
1260 3784 1589 3870 „pellito''.
2498 3785 2562 3850 S.
2611 3806 2665 3850 c.

464 3889 605 3955 Ibid
649 3889 728 3953 11
779 3887 1022 3956 Censen
1062 3911 1246 3974 posse
1284 3911 1389 3954 me
1429 3890 1767 3955 obfirmare
1791 3892 2072 3976 perpeti,
2097 3911 2175 3954 ne
2200 3890 2452 3954 redeam
2476 3888 2760 3955 interea?

464 3995 625 4061 Don.
690 3993 785 4075 (2)
847 3994 993 4060 Ideo
1052 3996 1223 4060 hunc
1284 4000 1473 4080 putat
1536 4018 1661 4062 non
1723 4015 2008 4072 censere,
2076 3998 2227 4080 quia
2283 3998 2420 4080 ipse
2467 3994 2761 4080 desperat

372 4101 508 4166 fieri
555 4121 757 4187 posse.
895 4100 995 4164 IP
1033 4103 1217 4166 iuxta
1258 4103 1475 4186 posuit
1512 4122 1707 4166 suum
1746 4100 1872 4180 (3):
1916 4102 2108 4167 verba
2147 4106 2300 4165 sunt
2335 4101 2727 4184 desperantis
2739 4123 2757 4182 3

374 4229 498 4273 non
548 4206 885 4284 „firmare”
936 4206 1046 4272 sed
1093 4207 1513 4285 „obfirmare”
1545 4208 1615 4287 ¹),
1662 4229 1788 4272 non
1845 4208 2061 4295 „pati”
2110 4206 2219 4272 sed
2271 4207 2623 4292 „perpeti''.

467 4312 696 4379 Sabb.
750 4312 914 4378 male
960 4316 1331 4399 proscripsit
1378 4312 1473 4393 (2)
1521 4335 1644 4378 non
1692 4313 1812 4393 (3).

450 4542 504 4606 1)
540 4543 610 4590 De
643 4541 733 4591 hoc
766 4540 909 4592 verbo
942 4540 1051 4590 vida
1086 4541 1244 4590 adnot.
1281 4539 1505 4590 Fabiae
1542 4541 1601 4589 ad
1637 4540 1683 4590 h.
1707 4540 1738 4590 l.
