<?xml version="1.0" encoding="UTF-8"?>
<!DOCTYPE html PUBLIC "-//W3C//DTD XHTML 1.0 Transitional//EN"
    "http://www.w3.org/TR/xhtml1/DTD/xhtml1-transitional.dtd">
<html xmlns="http://www.w3.org/1999/xhtml" xml:lang="en" lang="en">
 <head>
  <title>
</title>
<meta http-equiv="Content-Type" content="text/html;charset=utf-8" />
  <meta name='ocr-system' content='tesseract 3.04.00' />
  <meta name='ocr-capabilities' content='ocr_page ocr_carea ocr_par ocr_line ocrx_word'/>
</head>
<body>
  <div class='ocr_page' id='page_1' title='image "./mnemosynebiblio13servgoog_0414.png"; bbox 0 0 3392 5384; ppageno 0'>
   <div class='ocr_carea' id='block_1_1' title="bbox 689 417 2078 486">
    <p class='ocr_par' dir='ltr' id='par_1_1' title="bbox 689 417 2078 486">
     <span class='ocr_line' id='line_1_1' title="bbox 689 417 2078 486; baseline 0.001 -3"><span class='ocrx_word' id='word_1_1' title='bbox 689 417 823 483; x_wconf 74' lang='lat'><strong><em>402</em></strong></span> <span class='ocrx_word' id='word_1_2' title='bbox 1703 436 2078 486; x_wconf 60' lang='lat' dir='ltr'><strong><em>summm.</em></strong></span> 
     </span>
    </p>
   </div>
   <div class='ocr_carea' id='block_1_2' title="bbox 678 588 3081 1327">
    <p class='ocr_par' dir='ltr' id='par_1_2' title="bbox 684 588 3080 897">
     <span class='ocr_line' id='line_1_2' title="bbox 777 588 3073 680; baseline 0.001 -16"><span class='ocrx_word' id='word_1_3' title='bbox 777 599 1004 667; x_wconf 83' lang='lat' dir='ltr'>120D.</span> <span class='ocrx_word' id='word_1_4' title='bbox 1074 600 1300 674; x_wconf 80' lang='grc' dir='ltr'><strong><em>ταύτην</em></strong></span> <span class='ocrx_word' id='word_1_5' title='bbox 1355 588 1433 675; x_wconf 56' lang='grc' dir='ltr'><strong><em>’δη</em></strong></span> <span class='ocrx_word' id='word_1_6' title='bbox 1499 601 1808 676; x_wconf 71' lang='grc' dir='ltr'><strong><em>τοσαύτην</em></strong></span> <span class='ocrx_word' id='word_1_7' title='bbox 1877 601 1981 666; x_wconf 72' lang='grc' dir='ltr'><strong><em>καὶ</em></strong></span> <span class='ocrx_word' id='word_1_8' title='bbox 2051 602 2343 679; x_wconf 77' lang='grc' dir='ltr'><strong><em>τοιαύτην</em></strong></span> <span class='ocrx_word' id='word_1_9' title='bbox 2407 602 2667 680; x_wconf 80' lang='grc' dir='ltr'><strong><em>δύναμιν</em></strong></span> <span class='ocrx_word' id='word_1_10' title='bbox 2715 606 2778 667; x_wconf 81' lang='grc' dir='ltr'><strong><em>ἒν</em></strong></span> <span class='ocrx_word' id='word_1_11' title='bbox 2828 605 3073 677; x_wconf 77' lang='grc' dir='ltr'><strong><em>ἐκείνοις</em></strong></span> 
     </span>
     <span class='ocr_line' id='line_1_3' title="bbox 685 703 3080 788; baseline 0.001 -17"><span class='ocrx_word' id='word_1_12' title='bbox 685 706 829 772; x_wconf 75' lang='grc' dir='ltr'><strong><em>τότε</em></strong></span> <span class='ocrx_word' id='word_1_13' title='bbox 877 703 1059 773; x_wconf 83' lang='grc' dir='ltr'><strong><em>οὖσαν</em></strong></span> <span class='ocrx_word' id='word_1_14' title='bbox 1108 715 1230 779; x_wconf 80' lang='grc' dir='ltr'><strong><em>τοῖς</em></strong></span> <span class='ocrx_word' id='word_1_15' title='bbox 1282 706 1490 779; x_wconf 78' lang='grc' dir='ltr'><strong><em>τόποις</em></strong></span> <span class='ocrx_word' id='word_1_16' title='bbox 1536 707 1563 769; x_wconf 81' lang='grc' dir='ltr'><em>ὃ</em></span> <span class='ocrx_word' id='word_1_17' title='bbox 1614 706 1744 779; x_wconf 78' lang='grc' dir='ltr'><strong><em>θεὸς</em></strong></span> <span class='ocrx_word' id='word_1_18' title='bbox 1798 708 1897 773; x_wconf 74' lang='grc' dir='ltr'><strong><em>ἐπὶ</em></strong></span> <span class='ocrx_word' id='word_1_19' title='bbox 1947 709 2166 774; x_wconf 74' lang='grc' dir='ltr'><strong><em>τούσδε</em></strong></span> <span class='ocrx_word' id='word_1_20' title='bbox 2215 707 2296 775; x_wconf 80' lang='grc' dir='ltr'><strong><em>αὖ</em></strong></span> <span class='ocrx_word' id='word_1_21' title='bbox 2341 709 2481 782; x_wconf 81' lang='grc' dir='ltr'><strong><em>τοὺς</em></strong></span> <span class='ocrx_word' id='word_1_22' title='bbox 2528 710 2752 783; x_wconf 77' lang='grc' dir='ltr'><strong><em>τόπους</em></strong></span> <span class='ocrx_word' id='word_1_23' title='bbox 2797 709 3080 788; x_wconf 75' lang='grc' dir='ltr'><strong><em>ἐκόμισεν</em></strong></span> 
     </span>
     <span class='ocr_line' id='line_1_4' title="bbox 684 812 2131 897; baseline 0.002 -19"><span class='ocrx_word' id='word_1_24' title='bbox 684 812 753 880; x_wconf 74' lang='grc' dir='ltr'><strong><em>ἔκ</em></strong></span> <span class='ocrx_word' id='word_1_25' title='bbox 800 815 961 886; x_wconf 78' lang='grc' dir='ltr'><strong><em>τινὸς</em></strong></span> <span class='ocrx_word' id='word_1_26' title='bbox 1008 813 1291 893; x_wconf 74' lang='grc' dir='ltr'><strong><em>τοιᾶσδε,</em></strong></span> <span class='ocrx_word' id='word_1_27' title='bbox 1342 816 1414 887; x_wconf 80' lang='grc' dir='ltr'><strong><em>ὥς</em></strong></span> <span class='ocrx_word' id='word_1_28' title='bbox 1467 814 1677 894; x_wconf 75' lang='grc' dir='ltr'><strong><em>λόγος,</em></strong></span> <span class='ocrx_word' id='word_1_29' title='bbox 1743 815 2131 897; x_wconf 68' lang='grc' dir='ltr'><strong><em>προφάσεως.</em></strong></span> 
     </span>
    </p>

    <p class='ocr_par' dir='ltr' id='par_1_3' title="bbox 678 920 3081 1327">
     <span class='ocr_line' id='line_1_5' title="bbox 774 920 3080 1006; baseline 0.001 -20"><span class='ocrx_word' id='word_1_30' title='bbox 774 920 1088 1002; x_wconf 81' lang='lat' dir='ltr'><strong>Quoniam</strong></span> <span class='ocrx_word' id='word_1_31' title='bbox 1149 923 1358 1006; x_wconf 87' lang='lat' dir='ltr'>prima</span> <span class='ocrx_word' id='word_1_32' title='bbox 1421 922 1619 988; x_wconf 81' lang='lat' dir='ltr'>verba</span> <span class='ocrx_word' id='word_1_33' title='bbox 1664 923 1756 987; x_wconf 81' lang='lat' dir='ltr'><strong><em>sio</em></strong></span> <span class='ocrx_word' id='word_1_34' title='bbox 1803 923 2177 989; x_wconf 78' lang='lat' dir='ltr'>cohaerent:</span> <span class='ocrx_word' id='word_1_35' title='bbox 2227 922 2463 1001; x_wconf 83' lang='grc' dir='ltr'><strong><em>ταύτην</em></strong></span> <span class='ocrx_word' id='word_1_36' title='bbox 2510 924 2580 998; x_wconf 70' lang='lat'><strong><em>33,</em></strong></span> <span class='ocrx_word' id='word_1_37' title='bbox 2627 926 2771 998; x_wconf 65' lang='grc' dir='ltr'><strong><em>τῆν</em></strong></span> <span class='ocrx_word' id='word_1_38' title='bbox 2819 922 3080 1002; x_wconf 76' lang='grc' dir='ltr'><strong><em>δύναμιν</em></strong></span> 
     </span>
     <span class='ocr_line' id='line_1_6' title="bbox 682 1024 3080 1117; baseline 0.002 -26"><span class='ocrx_word' id='word_1_39' title='bbox 682 1027 823 1092; x_wconf 84' lang='grc' dir='ltr'><strong><em>τότε</em></strong></span> <span class='ocrx_word' id='word_1_40' title='bbox 866 1024 1049 1093; x_wconf 82' lang='grc' dir='ltr'><strong><em>οὖσαν</em></strong></span> <span class='ocrx_word' id='word_1_41' title='bbox 1088 1028 1395 1102; x_wconf 73' lang='grc' dir='ltr'><strong><em>τοσαύτην</em></strong></span> <span class='ocrx_word' id='word_1_42' title='bbox 1434 1028 1539 1093; x_wconf 75' lang='grc' dir='ltr'><strong><em>καὶ</em></strong></span> <span class='ocrx_word' id='word_1_43' title='bbox 1583 1029 1875 1103; x_wconf 73' lang='grc' dir='ltr'><strong><em>τοιαύτην</em></strong></span> <span class='ocrx_word' id='word_1_44' title='bbox 1915 1030 1976 1093; x_wconf 83' lang='grc' dir='ltr'><strong><em>ἐν</em></strong></span> <span class='ocrx_word' id='word_1_45' title='bbox 2009 1029 2248 1103; x_wconf 78' lang='grc' dir='ltr'><strong><em>ἐκείνοις</em></strong></span> <span class='ocrx_word' id='word_1_46' title='bbox 2279 1038 2403 1102; x_wconf 79' lang='grc' dir='ltr'><strong><em>τοῖς</em></strong></span> <span class='ocrx_word' id='word_1_47' title='bbox 2430 1031 2671 1110; x_wconf 84' lang='grc' dir='ltr'><strong><em>τόποις,</em></strong></span> <span class='ocrx_word' id='word_1_48' title='bbox 2713 1053 2842 1096; x_wconf 85' lang='lat' dir='ltr'><strong><em>non</em></strong></span> <span class='ocrx_word' id='word_1_49' title='bbox 2866 1034 3080 1117; x_wconf 76' lang='lat' dir='ltr'>magis</span> 
     </span>
     <span class='ocr_line' id='line_1_7' title="bbox 680 1133 3081 1223; baseline 0.001 -23"><span class='ocrx_word' id='word_1_50' title='bbox 680 1138 934 1200; x_wconf 86' lang='lat' dir='ltr'>mutato</span> <span class='ocrx_word' id='word_1_51' title='bbox 997 1133 1216 1200; x_wconf 87' lang='lat' dir='ltr'>ordine</span> <span class='ocrx_word' id='word_1_52' title='bbox 1278 1136 1495 1201; x_wconf 91' lang='lat' dir='ltr'>omitti</span> <span class='ocrx_word' id='word_1_53' title='bbox 1554 1136 1842 1221; x_wconf 89' lang='lat' dir='ltr'>potuisse</span> <span class='ocrx_word' id='word_1_54' title='bbox 1906 1135 2167 1201; x_wconf 85' lang='lat' dir='ltr'>videtur</span> <span class='ocrx_word' id='word_1_55' title='bbox 2226 1137 2573 1216; x_wconf 80' lang='lat' dir='ltr'>articulus,</span> <span class='ocrx_word' id='word_1_56' title='bbox 2621 1139 2838 1223; x_wconf 81' lang='lat' dir='ltr'>itaque</span> <span class='ocrx_word' id='word_1_57' title='bbox 2884 1140 3081 1204; x_wconf 80' lang='lat' dir='ltr'>corri-</span> 
     </span>
     <span class='ocr_line' id='line_1_8' title="bbox 678 1236 2999 1327; baseline 0.001 -21"><span class='ocrx_word' id='word_1_58' title='bbox 678 1240 999 1327; x_wconf 84' lang='lat' dir='ltr'>gendum:</span> <span class='ocrx_word' id='word_1_59' title='bbox 1050 1240 1285 1315; x_wconf 85' lang='grc' dir='ltr'><strong><em>ταύτην</em></strong></span> <span class='ocrx_word' id='word_1_60' title='bbox 1334 1239 1404 1315; x_wconf 70' lang='grc' dir='ltr'><strong><em>δη</em></strong></span> <span class='ocrx_word' id='word_1_61' title='bbox 1461 1236 1667 1325; x_wconf 62' lang='lat' dir='ltr'><strong><em>(viru)</em></strong></span> <span class='ocrx_word' id='word_1_62' title='bbox 1722 1242 2026 1315; x_wconf 83' lang='grc' dir='ltr'><strong><em>τοσαύτην</em></strong></span> <span class='ocrx_word' id='word_1_63' title='bbox 2076 1241 2182 1306; x_wconf 81' lang='grc' dir='ltr'><strong><em>καὶ</em></strong></span> <span class='ocrx_word' id='word_1_64' title='bbox 2233 1243 2521 1317; x_wconf 89' lang='grc' dir='ltr'><strong><em>τοιαύτην</em></strong></span> <span class='ocrx_word' id='word_1_65' title='bbox 2570 1241 2828 1321; x_wconf 74' lang='grc' dir='ltr'><strong><em>δύναμιν</em></strong></span> <span class='ocrx_word' id='word_1_66' title='bbox 2875 1243 2999 1309; x_wconf 82' lang='grc' dir='ltr'><strong><em>κτὲ.</em></strong></span> 
     </span>
    </p>
   </div>
   <div class='ocr_carea' id='block_1_3' title="bbox 676 1458 3079 2939">
    <p class='ocr_par' dir='ltr' id='par_1_4' title="bbox 676 1458 3079 2178">
     <span class='ocr_line' id='line_1_9' title="bbox 774 1458 3074 1547; baseline 0.001 -23"><span class='ocrx_word' id='word_1_67' title='bbox 774 1458 990 1525; x_wconf 71' lang='lat'>120111.</span> <span class='ocrx_word' id='word_1_68' title='bbox 1054 1460 1179 1525; x_wconf 87' lang='lat' dir='ltr'><strong><em>Per</em></strong></span> <span class='ocrx_word' id='word_1_69' title='bbox 1242 1458 1482 1525; x_wconf 82' lang='lat' dir='ltr'>multas</span> <span class='ocrx_word' id='word_1_70' title='bbox 1535 1464 1779 1525; x_wconf 82' lang='lat' dir='ltr'>aetates</span> <span class='ocrx_word' id='word_1_71' title='bbox 1831 1459 2144 1526; x_wconf 79' lang='lat' dir='ltr'><strong>Atlantici</strong></span> <span class='ocrx_word' id='word_1_72' title='bbox 2189 1460 2444 1547; x_wconf 87' lang='lat' dir='ltr'>legibus</span> <span class='ocrx_word' id='word_1_73' title='bbox 2493 1460 2731 1528; x_wconf 85' lang='lat' dir='ltr'>divinis</span> <span class='ocrx_word' id='word_1_74' title='bbox 2778 1464 3074 1547; x_wconf 86' lang='lat' dir='ltr'>parentes</span> 
     </span>
     <span class='ocr_line' id='line_1_10' title="bbox 678 1566 3074 1651; baseline 0.001 -21"><span class='ocrx_word' id='word_1_75' title='bbox 678 1567 782 1651; x_wconf 86' lang='lat' dir='ltr'><strong><em>pie</em></strong></span> <span class='ocrx_word' id='word_1_76' title='bbox 827 1566 1168 1644; x_wconf 77' lang='lat' dir='ltr'>vivebant,</span> <span class='ocrx_word' id='word_1_77' title='bbox 1219 1566 1305 1631; x_wconf 69' lang='grc' dir='ltr'><strong><em>τοὶ</em></strong></span> <span class='ocrx_word' id='word_1_78' title='bbox 1354 1566 1482 1646; x_wconf 72' lang='grc' dir='ltr'><strong><em>γὰρ</em></strong></span> <span class='ocrx_word' id='word_1_79' title='bbox 1528 1566 1906 1647; x_wconf 74' lang='grc' dir='ltr'><strong><em>Φρονῆματα</em></strong></span> <span class='ocrx_word' id='word_1_80' title='bbox 1957 1568 2216 1642; x_wconf 70' lang='grc' dir='ltr'><strong><em>ἀληθινοὶ</em></strong></span> <span class='ocrx_word' id='word_1_81' title='bbox 2268 1616 2282 1632; x_wconf 92' lang='grc'><strong>.</strong></span> <span class='ocrx_word' id='word_1_82' title='bbox 2314 1616 2328 1634; x_wconf 92' lang='grc'><strong>.</strong></span> <span class='ocrx_word' id='word_1_83' title='bbox 2361 1616 2375 1633; x_wconf 91' lang='grc'><strong>.</strong></span> <span class='ocrx_word' id='word_1_84' title='bbox 2426 1567 2748 1644; x_wconf 80' lang='grc' dir='ltr'><strong><em>ἐκέκτηντο</em></strong></span> <span class='ocrx_word' id='word_1_85' title='bbox 2793 1617 2808 1633; x_wconf 93' lang='grc'><strong>.</strong></span> <span class='ocrx_word' id='word_1_86' title='bbox 2841 1615 2855 1633; x_wconf 91' lang='grc'><strong>.</strong></span> <span class='ocrx_word' id='word_1_87' title='bbox 2887 1616 2940 1646; x_wconf 90' lang='grc'><strong><em>.,</em></strong></span> <span class='ocrx_word' id='word_1_88' title='bbox 2985 1568 3074 1633; x_wconf 74' lang='grc' dir='ltr'><strong><em>διὸ</em></strong></span> 
     </span>
     <span class='ocr_line' id='line_1_11' title="bbox 680 1673 3074 1756; baseline 0 -20"><span class='ocrx_word' id='word_1_89' title='bbox 680 1674 843 1747; x_wconf 66' lang='grc' dir='ltr'><strong><em>πλὴν</em></strong></span> <span class='ocrx_word' id='word_1_90' title='bbox 906 1674 1125 1754; x_wconf 68' lang='grc' dir='ltr'><strong><em>ἀρετῆς</em></strong></span> <span class='ocrx_word' id='word_1_91' title='bbox 1189 1674 1403 1739; x_wconf 73' lang='grc' dir='ltr'><strong><em>πάντα</em></strong></span> <span class='ocrx_word' id='word_1_92' title='bbox 1466 1673 1862 1754; x_wconf 79' lang='grc' dir='ltr'><strong><em>ὑπερορῶντες</em></strong></span> <span class='ocrx_word' id='word_1_93' title='bbox 1927 1673 2117 1756; x_wconf 70' lang='grc' dir='ltr'><strong><em>μικροὶ</em></strong></span> <span class='ocrx_word' id='word_1_94' title='bbox 2187 1677 2445 1752; x_wconf 73' lang='grc' dir='ltr'><strong><em>ἡγοῦντο</em></strong></span> <span class='ocrx_word' id='word_1_95' title='bbox 2507 1676 2590 1739; x_wconf 67' lang='grc' dir='ltr'><strong><em>τὰ</em></strong></span> <span class='ocrx_word' id='word_1_96' title='bbox 2642 1673 2920 1754; x_wconf 76' lang='grc' dir='ltr'><strong><em>παρόντα</em></strong></span> <span class='ocrx_word' id='word_1_97' title='bbox 2967 1673 3074 1739; x_wconf 77' lang='grc' dir='ltr'><strong><em>καὶ</em></strong></span> 
     </span>
     <span class='ocr_line' id='line_1_12' title="bbox 676 1773 3077 1863; baseline -0 -19"><span class='ocrx_word' id='word_1_98' title='bbox 676 1779 891 1863; x_wconf 72' lang='grc' dir='ltr'><strong><em>ῥαδίως</em></strong></span> <span class='ocrx_word' id='word_1_99' title='bbox 964 1778 1177 1861; x_wconf 78' lang='grc' dir='ltr'><strong><em>ἔφερον</em></strong></span> <span class='ocrx_word' id='word_1_100' title='bbox 1241 1773 1401 1844; x_wconf 76' lang='grc' dir='ltr'><strong><em>οἷον</em></strong></span> <span class='ocrx_word' id='word_1_101' title='bbox 1464 1776 1722 1859; x_wconf 76' lang='grc' dir='ltr'><strong><em>ἄχθος</em></strong></span> <span class='ocrx_word' id='word_1_102' title='bbox 1778 1782 1881 1846; x_wconf 81' lang='grc' dir='ltr'><strong><em>τὸν</em></strong></span> <span class='ocrx_word' id='word_1_103' title='bbox 1943 1785 2052 1845; x_wconf 89' lang='grc' dir='ltr'><strong><em>τοῦ</em></strong></span> <span class='ocrx_word' id='word_1_104' title='bbox 2115 1784 2347 1861; x_wconf 84' lang='grc' dir='ltr'><strong><em>χρυσοῦ</em></strong></span> <span class='ocrx_word' id='word_1_105' title='bbox 2411 1804 2484 1844; x_wconf 83' lang='grc' dir='ltr'><strong><em>τε</em></strong></span> <span class='ocrx_word' id='word_1_106' title='bbox 2549 1781 2653 1847; x_wconf 80' lang='grc' dir='ltr'><strong><em>καὶ</em></strong></span> <span class='ocrx_word' id='word_1_107' title='bbox 2703 1788 2819 1845; x_wconf 82' lang='grc' dir='ltr'><strong><em>τῶν</em></strong></span> <span class='ocrx_word' id='word_1_108' title='bbox 2864 1780 3077 1846; x_wconf 76' lang='grc' dir='ltr'><strong><em>ἄλλων</em></strong></span> 
     </span>
     <span class='ocr_line' id='line_1_13' title="bbox 686 1884 3079 1971; baseline 0 -20"><span class='ocrx_word' id='word_1_109' title='bbox 686 1885 1021 1964; x_wconf 69' lang='grc' dir='ltr'><strong><em>κτημάτων</em></strong></span> <span class='ocrx_word' id='word_1_110' title='bbox 1072 1884 1273 1965; x_wconf 76' lang='grc' dir='ltr'><strong><em>ὄγκον,</em></strong></span> <span class='ocrx_word' id='word_1_111' title='bbox 1320 1890 1541 1971; x_wconf 78' lang='lat' dir='ltr'>postea</span> <span class='ocrx_word' id='word_1_112' title='bbox 1586 1906 1740 1951; x_wconf 82' lang='lat' dir='ltr'>vero</span> <span class='ocrx_word' id='word_1_113' title='bbox 1793 1885 1925 1950; x_wconf 74' lang='grc' dir='ltr'><strong><em>ἐπεὶ</em></strong></span> <span class='ocrx_word' id='word_1_114' title='bbox 1978 1888 2011 1961; x_wconf 82' lang='grc' dir='ltr'><strong><em>ἧ</em></strong></span> <span class='ocrx_word' id='word_1_115' title='bbox 2061 1892 2165 1951; x_wconf 87' lang='grc' dir='ltr'><strong><em>τοῦ</em></strong></span> <span class='ocrx_word' id='word_1_116' title='bbox 2216 1887 2346 1951; x_wconf 89' lang='grc' dir='ltr'><strong><em>θεοῦ</em></strong></span> <span class='ocrx_word' id='word_1_117' title='bbox 2394 1894 2580 1967; x_wconf 78' lang='grc' dir='ltr'><strong><em>μοῖρα</em></strong></span> <span class='ocrx_word' id='word_1_118' title='bbox 2631 1887 2905 1965; x_wconf 74' lang='grc' dir='ltr'><strong><em>ἐξίτηλος</em></strong></span> <span class='ocrx_word' id='word_1_119' title='bbox 2951 1887 3079 1964; x_wconf 73' lang='grc' dir='ltr'><strong><em>ἐγί-</em></strong></span> 
     </span>
     <span class='ocr_line' id='line_1_14' title="bbox 686 1991 3075 2087; baseline 0.001 -32"><span class='ocrx_word' id='word_1_120' title='bbox 686 2015 871 2070; x_wconf 74' lang='grc' dir='ltr'><strong><em>γνετο</em></strong></span> <span class='ocrx_word' id='word_1_121' title='bbox 942 1992 1004 2055; x_wconf 75' lang='grc' dir='ltr'><strong><em>ἐν</em></strong></span> <span class='ocrx_word' id='word_1_122' title='bbox 1075 1992 1286 2063; x_wconf 83' lang='grc' dir='ltr'><strong><em>αὐτοῖς</em></strong></span> <span class='ocrx_word' id='word_1_123' title='bbox 1510 1991 1610 2056; x_wconf 74' lang='grc' dir='ltr'><strong><em>τοὶ</em></strong></span> <span class='ocrx_word' id='word_1_124' title='bbox 1683 1992 2044 2073; x_wconf 79' lang='grc' dir='ltr'><strong><em>παρόντα</em></strong></span> <span class='ocrx_word' id='word_1_125' title='bbox 2115 1991 2396 2073; x_wconf 77' lang='grc' dir='ltr'><strong><em>Φέρειν</em></strong></span> <span class='ocrx_word' id='word_1_126' title='bbox 2467 1993 3075 2087; x_wconf 62' lang='grc' dir='ltr'><strong><em>ἀξυνατοῦντες</em></strong></span> 
     </span>
     <span class='ocr_line' id='line_1_15' title="bbox 688 2098 1236 2178; baseline 0.002 -15"><span class='ocrx_word' id='word_1_127' title='bbox 688 2098 1236 2178; x_wconf 77' lang='grc' dir='ltr'><strong><em>ἦσχημόνουν.</em></strong></span> 
     </span>
    </p>

    <p class='ocr_par' dir='ltr' id='par_1_5' title="bbox 687 2199 3076 2397">
     <span class='ocr_line' id='line_1_16' title="bbox 778 2199 3076 2292; baseline 0 -22"><span class='ocrx_word' id='word_1_128' title='bbox 778 2207 913 2270; x_wconf 92' lang='lat' dir='ltr'><strong><em>Aut</em></strong></span> <span class='ocrx_word' id='word_1_129' title='bbox 957 2226 1215 2291; x_wconf 88' lang='lat' dir='ltr'>prorsus</span> <span class='ocrx_word' id='word_1_130' title='bbox 1261 2206 1464 2271; x_wconf 85' lang='lat' dir='ltr'>otiosa</span> <span class='ocrx_word' id='word_1_131' title='bbox 1510 2208 1606 2270; x_wconf 87' lang='lat' dir='ltr'><strong><em>est</em></strong></span> <span class='ocrx_word' id='word_1_132' title='bbox 1652 2208 2047 2291; x_wconf 85' lang='lat' dir='ltr'>comparatio</span> <span class='ocrx_word' id='word_1_133' title='bbox 2094 2199 2210 2271; x_wconf 79' lang='grc' dir='ltr'><strong><em>οἷον</em></strong></span> <span class='ocrx_word' id='word_1_134' title='bbox 2245 2204 2472 2286; x_wconf 76' lang='grc' dir='ltr'><strong><em>ἄχθος,</em></strong></span> <span class='ocrx_word' id='word_1_135' title='bbox 2512 2212 2626 2272; x_wconf 82' lang='lat' dir='ltr'><strong><em>aut</em></strong></span> <span class='ocrx_word' id='word_1_136' title='bbox 2657 2205 3076 2292; x_wconf 88' lang='lat' dir='ltr'>philosophus</span> 
     </span>
     <span class='ocr_line' id='line_1_17' title="bbox 687 2306 2867 2397; baseline 0 -20"><span class='ocrx_word' id='word_1_137' title='bbox 687 2310 932 2391; x_wconf 78' lang='lat' dir='ltr'>dedisse</span> <span class='ocrx_word' id='word_1_138' title='bbox 977 2312 1301 2397; x_wconf 82' lang='lat' dir='ltr'>putandus</span> <span class='ocrx_word' id='word_1_139' title='bbox 1349 2317 1445 2376; x_wconf 90' lang='lat' dir='ltr'><strong><em>est</em></strong></span> <span class='ocrx_word' id='word_1_140' title='bbox 1491 2307 1607 2376; x_wconf 77' lang='grc' dir='ltr'><strong><em>οἷον</em></strong></span> <span class='ocrx_word' id='word_1_141' title='bbox 1657 2306 1980 2396; x_wconf 60' lang='lat' dir='ltr'><strong><em>(nomeu)</em></strong></span> <span class='ocrx_word' id='word_1_142' title='bbox 2031 2308 2224 2392; x_wconf 74' lang='grc' dir='ltr'><strong><em>ἄχθος</em></strong></span> <span class='ocrx_word' id='word_1_143' title='bbox 2273 2316 2387 2377; x_wconf 83' lang='lat' dir='ltr'><strong><em>aut</em></strong></span> <span class='ocrx_word' id='word_1_144' title='bbox 2434 2311 2646 2378; x_wconf 90' lang='lat' dir='ltr'>simile</span> <span class='ocrx_word' id='word_1_145' title='bbox 2693 2312 2867 2397; x_wconf 85' lang='lat' dir='ltr'>quid.</span> 
     </span>
    </p>

    <p class='ocr_par' dir='ltr' id='par_1_6' title="bbox 684 2416 3076 2808">
     <span class='ocr_line' id='line_1_18' title="bbox 774 2416 3076 2504; baseline 0 -22"><span class='ocrx_word' id='word_1_146' title='bbox 774 2418 846 2483; x_wconf 89' lang='lat' dir='ltr'><strong><em>In</em></strong></span> <span class='ocrx_word' id='word_1_147' title='bbox 895 2420 1053 2503; x_wconf 83' lang='lat' dir='ltr'>ipsis</span> <span class='ocrx_word' id='word_1_148' title='bbox 1101 2418 1551 2504; x_wconf 78' lang='lat' dir='ltr'>sequentibus:</span> <span class='ocrx_word' id='word_1_149' title='bbox 1604 2418 1710 2482; x_wconf 76' lang='grc' dir='ltr'><strong><em>καὶ</em></strong></span> <span class='ocrx_word' id='word_1_150' title='bbox 1763 2420 1845 2497; x_wconf 71' lang='grc' dir='ltr'><strong><em>τῷ</em></strong></span> <span class='ocrx_word' id='word_1_151' title='bbox 1895 2416 2204 2498; x_wconf 75' lang='grc' dir='ltr'><strong><em>δυναμένῳ</em></strong></span> <span class='ocrx_word' id='word_1_152' title='bbox 2251 2418 2364 2495; x_wconf 75' lang='grc' dir='ltr'><strong><em>μὲν</em></strong></span> <span class='ocrx_word' id='word_1_153' title='bbox 2411 2419 2551 2497; x_wconf 77' lang='grc' dir='ltr'><strong><em>ὀροῖν</em></strong></span> <span class='ocrx_word' id='word_1_154' title='bbox 2601 2420 2842 2500; x_wconf 74' lang='grc' dir='ltr'><strong><em>αἰσχροὶ</em></strong></span> <span class='ocrx_word' id='word_1_155' title='bbox 2895 2442 3076 2483; x_wconf 80' lang='grc' dir='ltr'><strong><em>κατε-</em></strong></span> 
     </span>
     <span class='ocr_line' id='line_1_19' title="bbox 686 2521 3073 2603; baseline 0.001 -15"><span class='ocrx_word' id='word_1_156' title='bbox 686 2526 1013 2603; x_wconf 82' lang='grc' dir='ltr'><strong><em>ΦαΙνοντο,</em></strong></span> <span class='ocrx_word' id='word_1_157' title='bbox 1078 2524 1162 2587; x_wconf 73' lang='grc' dir='ltr'><strong><em>τὰ</em></strong></span> <span class='ocrx_word' id='word_1_158' title='bbox 1215 2521 1523 2588; x_wconf 76' lang='grc' dir='ltr'><strong><em>κοέλλισ</em></strong></span> <span class='ocrx_word' id='word_1_159' title='bbox 1547 2548 1644 2588; x_wconf 91' lang='grc' dir='ltr'><strong><em>τα</em></strong></span> <span class='ocrx_word' id='word_1_160' title='bbox 1696 2523 1852 2588; x_wconf 68' lang='grc' dir='ltr'><strong><em>ἀπὸ</em></strong></span> <span class='ocrx_word' id='word_1_161' title='bbox 1902 2531 2016 2589; x_wconf 85' lang='grc' dir='ltr'><strong><em>τῶν</em></strong></span> <span class='ocrx_word' id='word_1_162' title='bbox 2067 2525 2461 2601; x_wconf 76' lang='grc' dir='ltr'><strong><em>τιμιωτάτων</em></strong></span> <span class='ocrx_word' id='word_1_163' title='bbox 2508 2526 2894 2595; x_wconf 72' lang='grc' dir='ltr'><strong><em>ἀπολλύντες</em></strong></span> <span class='ocrx_word' id='word_1_164' title='bbox 2944 2526 3073 2590; x_wconf 82' lang='grc' dir='ltr'><strong><em>κτὲ.</em></strong></span> 
     </span>
     <span class='ocr_line' id='line_1_20' title="bbox 684 2629 3073 2717; baseline -0 -22"><span class='ocrx_word' id='word_1_165' title='bbox 684 2633 895 2697; x_wconf 79' lang='lat' dir='ltr'>nescio</span> <span class='ocrx_word' id='word_1_166' title='bbox 936 2652 1019 2695; x_wconf 87' lang='lat' dir='ltr'><strong><em>an</em></strong></span> <span class='ocrx_word' id='word_1_167' title='bbox 1057 2632 1339 2717; x_wconf 78' lang='lat' dir='ltr'>genuina</span> <span class='ocrx_word' id='word_1_168' title='bbox 1377 2633 1463 2695; x_wconf 78' lang='lat' dir='ltr'><strong><em>sit</em></strong></span> <span class='ocrx_word' id='word_1_169' title='bbox 1501 2629 1691 2695; x_wconf 80' lang='lat' dir='ltr'>lectio</span> <span class='ocrx_word' id='word_1_170' title='bbox 1730 2630 1816 2694; x_wconf 74' lang='grc' dir='ltr'><strong><em>τοὶ</em></strong></span> <span class='ocrx_word' id='word_1_171' title='bbox 1859 2629 2284 2694; x_wconf 68' lang='grc' dir='ltr'><strong><em>κάλλιστά</em></strong></span> <span class='ocrx_word' id='word_1_172' title='bbox 2329 2654 2482 2703; x_wconf 87' lang='grc' dir='ltr'><strong><em>πως</em></strong></span> <span class='ocrx_word' id='word_1_173' title='bbox 2527 2633 2643 2695; x_wconf 82' lang='grc' dir='ltr'><strong><em>τῶν</em></strong></span> <span class='ocrx_word' id='word_1_174' title='bbox 2682 2630 3073 2708; x_wconf 75' lang='grc' dir='ltr'><strong><em>τιμιωτάτων</em></strong></span> 
     </span>
     <span class='ocr_line' id='line_1_21' title="bbox 688 2736 1098 2808; baseline 0.005 -9"><span class='ocrx_word' id='word_1_175' title='bbox 688 2736 1098 2808; x_wconf 68' lang='grc' dir='ltr'><strong><em>ἀπολλύντες.</em></strong></span> 
     </span>
    </p>

    <p class='ocr_par' dir='ltr' id='par_1_7' title="bbox 1584 2858 2182 2939">
     <span class='ocr_line' id='line_1_22' title="bbox 1584 2858 2182 2939; baseline 0.007 -18"><span class='ocrx_word' id='word_1_176' title='bbox 1584 2858 2182 2939; x_wconf 69' lang='lat' dir='ltr'><strong><em>(Continuabuntur).</em></strong></span> 
     </span>
    </p>
   </div>
   <div class='ocr_carea' id='block_1_4' title="bbox 1402 3213 2355 3293">
    <p class='ocr_par' dir='ltr' id='par_1_8' title="bbox 1402 3213 2355 3293">
     <span class='ocr_line' id='line_1_23' title="bbox 1402 3213 2355 3293; baseline 0.004 -17"><span class='ocrx_word' id='word_1_177' title='bbox 1402 3229 1488 3276; x_wconf 70' lang='lat' dir='ltr'><strong><em>An</em></strong></span> <span class='ocrx_word' id='word_1_178' title='bbox 1536 3229 1799 3277; x_wconf 69' lang='lat' dir='ltr'>nomm</span> <span class='ocrx_word' id='word_1_179' title='bbox 1844 3230 1942 3277; x_wconf 69' lang='lat' dir='ltr'><strong><em>m».</em></strong></span> <span class='ocrx_word' id='word_1_180' title='bbox 1989 3232 2032 3291; x_wconf 91' lang='lat'><strong><em>1,</em></strong></span> <span class='ocrx_word' id='word_1_181' title='bbox 2089 3213 2193 3293; x_wconf 89' lang='grc'><strong><em>16,</em></strong></span> <span class='ocrx_word' id='word_1_182' title='bbox 2248 3214 2355 3280; x_wconf 87' lang='lat'><strong><em>51.</em></strong></span> 
     </span>
    </p>
   </div>
   <div class='ocr_carea' id='block_1_5' title="bbox 678 3395 3086 4332">
    <p class='ocr_par' dir='ltr' id='par_1_9' title="bbox 683 3395 3082 3693">
     <span class='ocr_line' id='line_1_24' title="bbox 774 3395 3082 3483; baseline 0 -23"><span class='ocrx_word' id='word_1_183' title='bbox 774 3395 862 3460; x_wconf 89' lang='lat' dir='ltr'><strong><em>Ut</em></strong></span> <span class='ocrx_word' id='word_1_184' title='bbox 928 3396 1145 3461; x_wconf 81' lang='lat' dir='ltr'>doceat</span> <span class='ocrx_word' id='word_1_185' title='bbox 1206 3416 1467 3461; x_wconf 81' lang='lat' dir='ltr'>servum</span> <span class='ocrx_word' id='word_1_186' title='bbox 1528 3416 1724 3459; x_wconf 89' lang='lat' dir='ltr'>suum</span> <span class='ocrx_word' id='word_1_187' title='bbox 1791 3401 1856 3459; x_wconf 87' lang='lat' dir='ltr'><strong><em>et</em></strong></span> <span class='ocrx_word' id='word_1_188' title='bbox 1919 3398 2179 3461; x_wconf 88' lang='lat' dir='ltr'>omnino</span> <span class='ocrx_word' id='word_1_189' title='bbox 2243 3396 2486 3483; x_wconf 82' lang='lat' dir='ltr'>vulgus</span> <span class='ocrx_word' id='word_1_190' title='bbox 2545 3396 2889 3461; x_wconf 89' lang='lat' dir='ltr'>hominum</span> <span class='ocrx_word' id='word_1_191' title='bbox 2951 3419 3082 3462; x_wconf 87' lang='lat' dir='ltr'><strong><em>non</em></strong></span> 
     </span>
     <span class='ocr_line' id='line_1_25' title="bbox 683 3502 3079 3587; baseline 0.001 -21"><span class='ocrx_word' id='word_1_192' title='bbox 683 3504 946 3566; x_wconf 83' lang='lat' dir='ltr'>virtutis</span> <span class='ocrx_word' id='word_1_193' title='bbox 1011 3523 1228 3567; x_wconf 84' lang='lat' dir='ltr'>amore</span> <span class='ocrx_word' id='word_1_194' title='bbox 1289 3502 1399 3568; x_wconf 88' lang='lat' dir='ltr'><strong><em>sed</em></strong></span> <span class='ocrx_word' id='word_1_195' title='bbox 1461 3506 1643 3566; x_wconf 87' lang='lat' dir='ltr'>metu</span> <span class='ocrx_word' id='word_1_196' title='bbox 1708 3522 1949 3587; x_wconf 86' lang='lat' dir='ltr'>poenae</span> <span class='ocrx_word' id='word_1_197' title='bbox 2012 3504 2241 3587; x_wconf 87' lang='lat' dir='ltr'>probos</span> <span class='ocrx_word' id='word_1_198' title='bbox 2292 3509 2358 3567; x_wconf 90' lang='lat' dir='ltr'><strong><em>et</em></strong></span> <span class='ocrx_word' id='word_1_199' title='bbox 2402 3505 2683 3567; x_wconf 81' lang='lat' dir='ltr'>insontes</span> <span class='ocrx_word' id='word_1_200' title='bbox 2732 3523 2901 3580; x_wconf 89' lang='lat' dir='ltr'>esse,</span> <span class='ocrx_word' id='word_1_201' title='bbox 2952 3502 3079 3569; x_wconf 82' lang='lat' dir='ltr'><strong><em>hac</em></strong></span> 
     </span>
     <span class='ocr_line' id='line_1_26' title="bbox 685 3598 2150 3693; baseline 0 -21"><span class='ocrx_word' id='word_1_202' title='bbox 685 3615 871 3693; x_wconf 86' lang='lat' dir='ltr'>poeta</span> <span class='ocrx_word' id='word_1_203' title='bbox 921 3610 1130 3673; x_wconf 87' lang='lat' dir='ltr'>utitur</span> <span class='ocrx_word' id='word_1_204' title='bbox 1176 3610 1689 3693; x_wconf 82' lang='lat' dir='ltr'>comparatione:</span> <span class='ocrx_word' id='word_1_205' title='bbox 2123 3598 2150 3613; x_wconf 49' lang='lat'><strong><em>&#39;¹</em></strong></span> 
     </span>
    </p>

    <p class='ocr_par' dir='ltr' id='par_1_10' title="bbox 678 3712 3086 4332">
     <span class='ocr_line' id='line_1_27' title="bbox 958 3712 2723 3799; baseline -0.002 -18"><span class='ocrx_word' id='word_1_206' title='bbox 958 3712 1203 3781; x_wconf 82' lang='lat' dir='ltr'>Cautus</span> <span class='ocrx_word' id='word_1_207' title='bbox 1250 3718 1423 3780; x_wconf 89' lang='lat' dir='ltr'>enim</span> <span class='ocrx_word' id='word_1_208' title='bbox 1471 3716 1710 3779; x_wconf 88' lang='lat' dir='ltr'>metuit</span> <span class='ocrx_word' id='word_1_209' title='bbox 1757 3714 2009 3780; x_wconf 85' lang='lat' dir='ltr'>foveam</span> <span class='ocrx_word' id='word_1_210' title='bbox 2059 3714 2252 3799; x_wconf 88' lang='lat' dir='ltr'>lupus</span> <span class='ocrx_word' id='word_1_211' title='bbox 2301 3716 2723 3799; x_wconf 81' lang='lat' dir='ltr'>accipiterque</span> 
     </span>
     <span class='ocr_line' id='line_1_28' title="bbox 955 3819 2750 3906; baseline 0 -21"><span class='ocrx_word' id='word_1_212' title='bbox 955 3819 1296 3906; x_wconf 81' lang='lat' dir='ltr'>Suspectos</span> <span class='ocrx_word' id='word_1_213' title='bbox 1342 3819 1601 3905; x_wconf 89' lang='lat' dir='ltr'>laqueos</span> <span class='ocrx_word' id='word_1_214' title='bbox 1649 3825 1715 3885; x_wconf 90' lang='lat' dir='ltr'><strong><em>et</em></strong></span> <span class='ocrx_word' id='word_1_215' title='bbox 1763 3825 2059 3904; x_wconf 87' lang='lat' dir='ltr'>opertum</span> <span class='ocrx_word' id='word_1_216' title='bbox 2106 3820 2354 3886; x_wconf 86' lang='lat' dir='ltr'>miluus</span> <span class='ocrx_word' id='word_1_217' title='bbox 2402 3820 2692 3885; x_wconf 85' lang='lat' dir='ltr'>hamum.</span> <span class='ocrx_word' id='word_1_218' title='bbox 2743 3860 2750 3867; x_wconf 84' lang='lat'><strong>·</strong></span> 
     </span>
     <span class='ocr_line' id='line_1_29' title="bbox 686 3924 3082 4011; baseline 0 -21"><span class='ocrx_word' id='word_1_219' title='bbox 686 3926 809 3990; x_wconf 89' lang='lat' dir='ltr'><strong><em>Ain</em></strong></span> <span class='ocrx_word' id='word_1_220' title='bbox 865 3924 1060 3991; x_wconf 85' lang='lat' dir='ltr'>vero?</span> <span class='ocrx_word' id='word_1_221' title='bbox 1128 3925 1413 4003; x_wconf 79' lang='lat' dir='ltr'>„Metuit</span> <span class='ocrx_word' id='word_1_222' title='bbox 1458 3933 1754 4008; x_wconf 71' lang='lat' dir='ltr'><strong><em>suspectos</em></strong></span> <span class='ocrx_word' id='word_1_223' title='bbox 1800 3925 2136 4011; x_wconf 85' lang='lat' dir='ltr'>laqueos’&#39;:</span> <span class='ocrx_word' id='word_1_224' title='bbox 2187 3929 2330 4011; x_wconf 88' lang='lat' dir='ltr'>quis</span> <span class='ocrx_word' id='word_1_225' title='bbox 2378 3947 2663 4011; x_wconf 84' lang='lat' dir='ltr'>unquam</span> <span class='ocrx_word' id='word_1_226' title='bbox 2711 3928 2801 3990; x_wconf 82' lang='lat' dir='ltr'><strong><em>sio</em></strong></span> <span class='ocrx_word' id='word_1_227' title='bbox 2848 3929 2944 3990; x_wconf 90' lang='lat' dir='ltr'><strong><em>est</em></strong></span> <span class='ocrx_word' id='word_1_228' title='bbox 2988 3925 3082 3991; x_wconf 87' lang='lat'><strong><em>10·</em></strong></span> 
     </span>
     <span class='ocr_line' id='line_1_30' title="bbox 681 4030 3082 4124; baseline -0 -27"><span class='ocrx_word' id='word_1_229' title='bbox 681 4030 912 4097; x_wconf 85' lang='lat' dir='ltr'>cutus?</span> <span class='ocrx_word' id='word_1_230' title='bbox 952 4032 1235 4097; x_wconf 81' lang='lat' dir='ltr'>Tandem</span> <span class='ocrx_word' id='word_1_231' title='bbox 1277 4032 1619 4118; x_wconf 82' lang='lat' dir='ltr'>aliquando</span> <span class='ocrx_word' id='word_1_232' title='bbox 1660 4035 1868 4118; x_wconf 86' lang='lat' dir='ltr'>turpis</span> <span class='ocrx_word' id='word_1_233' title='bbox 1910 4034 2065 4098; x_wconf 85' lang='lat' dir='ltr'>haec</span> <span class='ocrx_word' id='word_1_234' title='bbox 2104 4032 2354 4098; x_wconf 84' lang='lat' dir='ltr'>macula</span> <span class='ocrx_word' id='word_1_235' title='bbox 2389 4031 2680 4097; x_wconf 81' lang='lat' dir='ltr'>deleatur</span> <span class='ocrx_word' id='word_1_236' title='bbox 2717 4037 2783 4096; x_wconf 90' lang='lat' dir='ltr'><strong><em>et</em></strong></span> <span class='ocrx_word' id='word_1_237' title='bbox 2819 4030 3082 4124; x_wconf 51' lang='lat' dir='ltr'>{eg-atur</span> 
     </span>
     <span class='ocr_line' id='line_1_31' title="bbox 678 4135 3086 4226; baseline -0 -24"><span class='ocrx_word' id='word_1_238' title='bbox 678 4162 1013 4221; x_wconf 68' lang='lat' dir='ltr'><strong><em>suspensos,</em></strong></span> <span class='ocrx_word' id='word_1_239' title='bbox 1081 4139 1247 4225; x_wconf 91' lang='lat' dir='ltr'>quod</span> <span class='ocrx_word' id='word_1_240' title='bbox 1310 4139 1872 4226; x_wconf 82' lang='lat' dir='ltr'>elegantissimum</span> <span class='ocrx_word' id='word_1_241' title='bbox 1923 4138 2245 4219; x_wconf 81' lang='lat' dir='ltr'>est.·Quis</span> <span class='ocrx_word' id='word_1_242' title='bbox 2293 4141 2463 4203; x_wconf 90' lang='lat' dir='ltr'>enim</span> <span class='ocrx_word' id='word_1_243' title='bbox 2510 4159 2635 4203; x_wconf 89' lang='lat' dir='ltr'><strong><em>non</em></strong></span> <span class='ocrx_word' id='word_1_244' title='bbox 2684 4140 2880 4203; x_wconf 86' lang='lat' dir='ltr'>sentit</span> <span class='ocrx_word' id='word_1_245' title='bbox 2924 4135 3086 4222; x_wconf 88' lang='lat' dir='ltr'>lepi-</span> 
     </span>
     <span class='ocr_line' id='line_1_32' title="bbox 681 4241 3082 4332; baseline -0 -23"><span class='ocrx_word' id='word_1_246' title='bbox 681 4244 942 4310; x_wconf 88' lang='lat' dir='ltr'>dissime</span> <span class='ocrx_word' id='word_1_247' title='bbox 986 4268 1340 4328; x_wconf 70' lang='lat' dir='ltr'><strong><em>„suspensos</em></strong></span> <span class='ocrx_word' id='word_1_248' title='bbox 1379 4245 1681 4332; x_wconf 84' lang='lat' dir='ltr'>laqueos”</span> <span class='ocrx_word' id='word_1_249' title='bbox 1726 4250 1792 4309; x_wconf 92' lang='lat' dir='ltr'><strong><em>et</em></strong></span> <span class='ocrx_word' id='word_1_250' title='bbox 1834 4252 2142 4327; x_wconf 69' lang='lat' dir='ltr'><strong><em>„opertum</em></strong></span> <span class='ocrx_word' id='word_1_251' title='bbox 2179 4243 2492 4310; x_wconf 87' lang='lat' dir='ltr'>hamum&#39;&#39;</span> <span class='ocrx_word' id='word_1_252' title='bbox 2535 4246 2704 4309; x_wconf 85' lang='lat' dir='ltr'>inter</span> <span class='ocrx_word' id='word_1_253' title='bbox 2744 4264 2809 4310; x_wconf 85' lang='lat' dir='ltr'><strong><em>se</em></strong></span> <span class='ocrx_word' id='word_1_254' title='bbox 2845 4241 3082 4329; x_wconf 81' lang='lat' dir='ltr'>iungi?</span> 
     </span>
    </p>
   </div>
   <div class='ocr_carea' id='block_1_6' title="bbox 2677 4348 2981 4417">
    <p class='ocr_par' dir='ltr' id='par_1_11' title="bbox 2677 4348 2981 4417">
     <span class='ocr_line' id='line_1_33' title="bbox 2677 4348 2981 4417; baseline -0.007 -1"><span class='ocrx_word' id='word_1_255' title='bbox 2677 4349 2739 4417; x_wconf 87' lang='lat' dir='ltr'><strong><em>J.</em></strong></span> <span class='ocrx_word' id='word_1_256' title='bbox 2785 4348 2845 4415; x_wconf 87' lang='lat' dir='ltr'><strong><em>J.</em></strong></span> <span class='ocrx_word' id='word_1_257' title='bbox 2894 4348 2981 4414; x_wconf 90' lang='grc' dir='ltr'><strong><em>Η.</em></strong></span> 
     </span>
    </p>
   </div>
   <div class='ocr_carea' id='block_1_7' title="bbox 1673 4505 2066 4514">
    <p class='ocr_par' dir='ltr' id='par_1_12' title="bbox 1673 4505 2066 4514">
     <span class='ocr_line' id='line_1_34' title="bbox 1673 4505 2066 4514; baseline 0.003 -1"><span class='ocrx_word' id='word_1_258' title='bbox 1673 4505 2066 4514; x_wconf 77' lang='lat'>———-————-</span> 
     </span>
    </p>
   </div>
  </div>
 </body>
</html>
