3392 5384
698 387 826 458 170
1225 486 1236 496 ⁶
1705 405 2079 456 purcman.

781 573 940 640 Ibid.
988 572 1118 640 160
1137 574 1214 639 D.
1279 573 1594 654 Quoniam
1641 573 1959 640 adiectiva
2003 572 2401 659 superlativo
2446 575 2655 662 gradu
2701 575 3075 662 plerumque

685 680 1061 767 compendio
1111 680 1386 767 quodam
1431 680 1889 758 scribebantur,
1946 700 2130 765 saepe
2186 681 2433 746 factum
2488 687 2586 749 est
2640 688 2715 747 ut
2763 686 3076 768 positivus

685 808 1018 875 perperam
1056 790 1421 874 irrepserit,
1464 809 1648 874 saepe
1688 789 1887 853 etiam
1926 788 2168 853 factum
2220 794 2317 853 est
2362 790 2775 857 contrarium.
2816 790 3075 856 Novum

687 895 792 960 hic
862 894 1173 960 habemus
1243 893 1610 980 exemplum
1633 943 1648 972 ,
1723 894 1837 959 ubi
1906 883 2259 959 secundum
2327 897 2710 960 sententiam
2774 895 3078 974 Homeri,

688 999 1004 1066 Heracliti
1071 1006 1136 1066 et
1204 999 1483 1066 aliorum
1552 1000 1828 1065 refertur
1898 1002 2113 1065 omnia
2173 1005 2480 1086 perpetuo
2546 1004 2828 1082 moveri,
2910 1003 3079 1066 κατὰ

690 1107 751 1172 δὲ
826 1106 1242 1187 Πρωταγόραν
1315 1105 1418 1170 τὸν
1491 1103 1975 1186 σοφώτατον
2050 1105 2299 1172 πάντων
2362 1107 2706 1187 χρημάτων
2778 1105 3080 1186 ἄνθρωπον

680 1213 906 1294 μέτρον
955 1209 1130 1280 εἶναι.
1193 1213 1376 1279 Nihil
1425 1219 1518 1279 est
1567 1213 1737 1300 quod
1782 1235 1954 1279 nunc
2002 1213 2401 1300 Protagoras·
2432 1216 2948 1299 sapientissimus
2994 1215 3083 1280 di-

691 1324 879 1399 citur,
930 1322 1114 1406 quasi
1161 1342 1310 1386 vero
1349 1320 1468 1386 hoc
1505 1319 1795 1386 Socrates
1835 1319 2151 1385 affirmare
2191 1323 2397 1407 possit
2435 1342 2570 1386 esse
2608 1342 2761 1387 eum
2802 1321 3085 1387 Homero

691 1430 1165 1513 sapientiorem.
1207 1427 1506 1493 Rescribe
1549 1427 1965 1507 Πρωταγόραν
2006 1427 2106 1491 τὸν
2147 1451 2179 1491 σ
2203 1427 2412 1509 οφόν,
2454 1427 2529 1493 de
2568 1431 2751 1495 cuius
2785 1429 3086 1496 adiectivi

690 1556 816 1599 usu
875 1535 1042 1599 infra
1105 1533 1417 1619 quaedam
1482 1533 1818 1600 adnotabo,
1884 1534 2024 1600 Hoc
2072 1555 2324 1621 quoque
2372 1535 2538 1599 mihi
2583 1534 2949 1622 intelligere
3000 1538 3087 1601 vi-

690 1640 858 1718 deor,
924 1639 1091 1704 unde
1156 1642 1392 1707 vitium
1454 1644 1671 1706 ortum
1734 1642 1858 1718 sit3
1937 1661 2168 1726 nempe
2229 1639 2477 1706 librarii
2540 1640 2964 1707 dormitantes
3025 1645 3088 1705 et

641 1744 863 1834 'aliud
932 1751 1194 1835 agentes
1264 1745 1668 1814 crediderunt
1739 1746 2262 1834 coniungendam
2334 1768 2468 1814 esse
2538 1748 2639 1812 τὸν
2714 1749 3079 1830 σοφώτατον

693 1854 961 1920 πάντων.

780 2077 943 2143 Ibid.
999 2075 1220 2143 162E.
1284 2057 1576 2162 Intelligi
1635 2097 1762 2142 non
1826 2081 2036 2161 potest
2099 2074 2265 2153 ἄξιος
2335 2075 2653 2149 οὐδενὸς
2715 2075 2959 2154 μόνου
3010 2075 3085 2141 ἂν

671 2182 819 2262 τίη,
882 2182 990 2250 vel
1052 2181 1217 2269 quod
1280 2181 1628 2248 Schanzius
1683 2181 2113 2248 Scholiastam
2161 2189 2418 2249 secutus
2466 2182 2668 2249 edidit
2714 2184 2791 2248 ού
2813 2181 2865 2245 δ’
2914 2183 3082 2254 ἑνὸς

695 2290 960 2369 μόνου.
1010 2289 1262 2370 Quanta
1302 2291 1588 2354 maxima
1628 2309 1781 2354 cura
1820 2291 2041 2374 potui,
2080 2289 2327 2355 ostendi
2365 2291 2587 2354 Mnem.
2634 2287 2804 2354 1901
2847 2310 2911 2374 p.
2959 2285 3083 2354 187

692 2397 890 2463 latere
929 2397 1348 2482 proverbium
1388 2417 1464 2460 ex
1507 2394 1787 2461 talorum
1828 2416 1951 2461 usu
1990 2389 2359 2482 repetitum,
2401 2417 2525 2482 quo
2562 2397 2756 2461 etiam
2798 2393 3087 2462 scholion

693 2504 908 2570 ducit:
974 2504 1041 2568 ἐκ
1101 2502 1164 2567 δὲ
1228 2509 1348 2576 τῆς·
1401 2508 1516 2566 τῶν
1580 2501 1959 2579 κυβευόντων
2024 2503 2342 2576 συνηθείας
2392 2499 2593 2579 ἔλαβε
2640 2500 2710 2565 τὸ
2758 2500 3083 2573 οὐδενὸς

693 2610 956 2689 μόνου,
1002 2607 1151 2675 ὅταν
1195 2609 1334 2674 ἐκεῖ
1366 2609 1521 2691 πέσῃ
1569 2609 1628 2672 ἐν
1676 2610 1759 2690 τῷ
1810 2605 2049 2688 παίζειν
2099 2605 2160 2674 ἓν
2213 2612 2281 2675 τὸ
2332 2609 2649 2689 &Mixa-rou.
2698 2608 2872 2675 Hinc
2914 2630 3084 2674 com-

695 2717 993 2782 mendare
1032 2717 1276 2781 ausim:
1319 2713 1486 2792 ἄξιος
1529 2713 1660 2780 οὐδὲ
1702 2713 1975 2780 Μάνου
2013 2715 2090 2780 ἂν
2126 2713 2255 2794 εἴη,
2295 2736 2449 2782 nam
2485 2714 2740 2782 aliunde
2779 2717 3085 2781 novimus

693 2846 922 2890 nomen
985 2823 1104 2889 hoc
1166 2843 1300 2888 esse
1361 2821 1555 2898 βόλον
1621 2821 1895 2901 Φαύλου.
1962 2822 2186 2910 Nuper
2246 2843 2453 2889 novus
2515 2820 2694 2887 locus
2739 2842 2873 2887 sese
2920 2821 3086 2886 mihi

691 2928 958 3007 obtulit,
1006 2930 1119 2994 ubi
1157 2928 1333 2994 idem
1373 2950 1605 2995 nomen
1644 2928 2101 2995 verosimiliter
2136 2928 2313 2995 latet.
2358 2929 2729 3015 Epicharmi
2767 2929 3089 3016 fragmen-

696 3044 837 3101 tum
901 3040 998 3101 est
1065 3034 1190 3100 139
1257 3035 1436 3114 Ahr„
1500 3035 1668 3122 quod
1731 3035 2043 3102 Stobaeus
2104 3039 2389 3103 servavit
2445 3035 2614 3101 Flor.
2678 3035 2896 3101 LXIX
2965 3033 3083 3104 17:

962 3141 1032 3207 τὸ
1082 3142 1142 3206 δὲ
1190 3150 1429 3221 γαμεῖν
1477 3140 1675 3220 ὅμοιόν
1727 3145 1814 3213 ἔτι
1865 3145 1947 3224 τῷ
1996 3145 2121 3224 τρὶς
2170 3133 2238 3221 ἓξ
2284 3142 2317 3218 ἣ
2368 3151 2526 3223 τρεῖς
2575 3143 2866 3220 μόνους

967 3249 1092 3314 ἀπὸ
1141 3251 1344 3331 τύχης
1391 3250 1642 3326 βαλεῖν.

689 3355 926 3422 Scribit
988 3356 1236 3422 Ahrens
1283 3355 1485 3443 vulgo
1533 3363 1687 3437 τρεῖς
1743 3355 2041 3433 κύβους
2091 3355 2260 3442 legi,
2310 3355 2419 3421 sed
2466 3377 2668 3441 quum
2716 3357 2783 3420 in
2834 3355 3085 3421 duobus

689 3463 1014 3529 codicibus
1097 3471 1251 3539 τρεῖς
1325 3463 1623 3541 κύβους
1687 3461 1899 3538 μόνους
1974 3461 2253 3549 legatur,
2321 3461 2779 3528 verosimiliter
2847 3461 3077 3538 κύβους

690 3568 973 3656 glossam
1035 3590 1168 3634 esse
1228 3569 1656 3634 iudicandam.
1731 3569 2034 3634 Libenter
2093 3568 2402 3646 concede,
2467 3570 2785 3634 scribatur
2851 3567 3078 3633 modo:

691 3682 848 3754 τρεῖς
899 3673 1221 3747 Μανους
1274 3673 1410 3753 vel,
1461 3678 1517 3740 si
1563 3676 1680 3741 hoc
1726 3675 1993 3740 fortasse
2041 3677 2283 3753 mavisx,
2334 3675 2643 3748 Μανας.

782 3893 942 3961 Ibid.
993 3917 1055 3980 p.
1108 3894 1347 3961 166E:
1398 3896 1738 3974 σοφώτερον
1787 3895 1898 3972 μὲν
1949 3891 2044 3960 οὖν
2096 3894 2322 3960 τούτων
2372 3892 2538 3959 οὐδὲν
2579 3894 2674 3960 δεῖ
2715 3901 3081 3967 ποιῆσαι.

690 4002 828 4068 Imo
875 4002 1246 4089 legendum,
1274 3995 1420 4067 estz‘
1457 4007 1639 4073 νοῆσ
1661 4026 1763 4068 αι.

782 4208 941 4275 Ibid.
982 4230 1044 4294 p.
1091 4198 1583 4274 16803σαῦτα
1634 4208 1717 4286 τῷ
1758 4206 1973 4288 ἑταίρῳ
2013 4230 2118 4270 σου
2157 4206 2239 4278 είς
2282 4206 2566 4284 βοήθειαν
2606 4206 3076 4287 προσήρκεσα

689 4316 804 4390 μὲν
858 4317 1090 4392 σμικρὰ
1137 4314 1263 4378 ἀπὸ
1309 4319 1593 4392 σμικρῶν.
1658 4312 2034 4398 Sequuntur
2081 4313 2212 4378 fere
2260 4313 2533 4378 editores
2580 4310 2799 4378 Gorais
2845 4314 3081 4378 coniec-

692 4429 941 4496 turam,
992 4441 1140 4485 nam
1190 4419 1620 4499 προσηρξοὶμην
1661 4420 1728 4482 in
1769 4420 1951 4484 bonis
1991 4418 2175 4482 libris
2213 4417 2478 4504 legitur.
2527 4418 2845 4504 Equidem
2882 4418 3079 4484 incidi

691 4528 758 4590 in
808 4527 1560 4606 προσηρανισοίμην.
