3392 5384
725 378 808 444 16
1754 394 2065 442 nonnus.

723 580 1114 645 consequens
1154 558 1233 623 ad
1271 558 1338 622 id
1373 556 1547 641 quod
1588 556 1738 621 vult
1777 558 2006 633 (immo
2045 556 2213 640 quod
2252 558 2489 641 coepit)
2527 556 2753 635 dicere,
2795 556 2921 624 nisi
2943 560 3111 625 forte

724 663 1215 749 „disciplinam”
1265 684 1379 747 pro
1429 661 1761 745 discipulis
1808 663 2045 746 posuit.
2185 659 2281 739 (3)
2328 660 2470 725 Non
2508 661 2626 726 hoc
2664 662 2891 727 intulit
2938 665 3107 749 quod

720 775 1011 856 coeperat
1056 768 1294 845 dicere,
1342 769 1465 831 nisi
1512 767 1677 831 forte
1728 764 2219 849 „disciplinam”
2271 786 2382 849 pro
2431 766 2764 853 discipulis
2813 772 3049 853 posuit.

810 876 1030 940 Sabb.
1074 881 1241 938 recte
1280 870 1448 935 illud
1487 869 1957 956 Interpolatori‚
2001 870 2117 934 hoc
2155 869 2409 934 Donato
2438 870 2634 936 dedit.
2662 873 2743 950 (B
2760 872 3110 938 entleius

722 982 998 1045 correxit
1044 975 1508 1062 discipulis
1554 979 1620 1039 in
1670 998 1763 1040 vs.
1816 974 1950 1053 32).

810 1085 873 1149 ΙΙ
921 1086 979 1149 3.
1009 1084 1096 1149 22
1121 1083 1217 1163 (1)
1270 1081 1503 1158 „Haud
1550 1081 1785 1176 sim-ilis
1837 1083 2022 1165 virgo
2068 1086 2162 1145 est
2212 1083 2542 1166 virginum
2590 1083 2999 1147 nostrarum’'
3050 1104 3105 1148 c.

718 1190 849 1270 (vel
896 1193 978 1263 ci)
1028 1194 1094 1253 et
1141 1190 1595 1266 s’yxcopearum,
1659 1192 1735 1251 ut
1780 1185 1971 1271 Verg.
2021 1184 2202 1265 (Ge0.
2250 1184 2312 1249 II
2361 1184 2474 1266 89)
2526 1208 2693 1262 „non
2741 1187 2960 1252 eadem
3009 1208 3107 1251 ar—

715 1295 976 1360 boribus
1046 1293 1278 1377 pendet
1340 1293 1664 1358 vindemia
1726 1291 2028 1356 nostris''.
2092 1290 2423 1374 Sequitur:
2490 1290 2585 1370 (2)
2654 1293 3103 1377 „nostrarum”

718 1403 959 1465 civium
1009 1398 1287 1476 scilicet,
1337 1398 1400 1462 id
1450 1404 1547 1462 est
1593 1404 1799 1461 terrae
1848 1418 1919 1461 ac
1966 1399 2209 1481 patriae
2254 1401 2542 1473 nostrae,
2591 1402 2667 1461 ut
2712 1396 2905 1483 Verg.
2954 1398 3107 1477 (1.1.)

717 1512 782 1569 et
822 1503 1172 1569 Sallustius
1221 1506 1464 1581 „nostri
1511 1502 1692 1568 foeda
1738 1502 1937 1587 fuga'’
1991 1500 2161 1586 (Iug.
2214 1500 2321 1565 38.
2354 1500 2440 1581 7).

809 1612 934 1675 Pro
1001 1632 1073 1675 eo
1135 1610 1302 1694 quod
1364 1612 1431 1673 in
1496 1608 1672 1673 codd.
1738 1614 1835 1673 est
1895 1630 1944 1672 c.
2012 1614 2070 1671 et
2116 1606 2223 1673 vel
2267 1607 2324 1669 ci
2370 1614 2428 1670 et
2473 1606 2775 1672 Wessn.
2826 1610 3100 1673 coniecit

713 1717 929 1779 civium
975 1723 1033 1778 et
1079 1714 1184 1780 vel
1222 1714 1470 1792 scilicet,
1515 1714 1624 1778 sed
1667 1712 1997 1789 „civium”
2039 1715 2224 1777 iuxta
2263 1712 2772 1791 „s’yxcoptarum”
2814 1716 3096 1777 otiosum

714 1829 829 1886 est.
893 1821 1124 1886 Sabb.
1175 1823 1419 1904 sprevit
1465 1820 1580 1883 has
1624 1818 1947 1883 litterulas
1993 1818 2294 1901 deditque
2345 1818 2796 1893 „nostrarum”
2842 1820 3096 1898 s'yxoep„

712 1927 882 1990 idem
948 1933 1158 1989 tamen
1223 1925 1498 1989 alterum
1544 1924 1865 1988 scholium
1912 1931 2169 2007 propter
2216 1923 2587 2007 exemplum
2632 1921 2924 1988 Sallustii
2972 1924 3099 1989 Do—

713 2038 897 2107 nat0,
961 2033 1079 2096 hoc
1125 2032 1439 2095 imitatori
1485 2030 1872 2115 adsignavit.
1921 2028 1991 2093 Si
2039 2036 2254 2092 autem
2306 2028 2715 2093 Wessnerum
2761 2029 3096 2107 audimus,

712 2159 863 2202 cum
925 2136 1243 2203 Graecum
1309 2135 1696 2200 vocabulum
1761 2141 1903 2198 tum
1966 2134 2339 2219 exemplum
2394 2133 2691 2198 Sallustii
2744 2133 3093 2199 Aemilium

713 2245 994 2328 Asprum
1058 2241 1295 2306 Donati
1354 2247 1679 2305 auctorem
1744 2240 2056 2323 produnt,
2122 2239 2290 2323 quod
2351 2241 2406 2303 si
2466 2259 2695 2303 verum
2759 2245 2890 2315 est,
2939 2260 3092 2303 eum
3188 2240 3197 2247 ’

711 2350 1034 2432 scripsisse
1103 2350 1426 2431 suspicor:
1501 2345 1832 2423 „scilicet”
1906 2344 2010 2409 vel
2089 2344 2197 2420 „id
2268 2345 2405 2409 est'’
2478 2345 2940 2422 ‚,÷’y94wpcarum
3016 2352 3094 2409 ut

713 2452 1038 2537 Vergilius
1081 2500 1094 2515 .
1128 2500 1141 2515 .
1171 2500 1186 2516 .
1227 2459 1290 2516 et
1337 2450 1685 2516 Sallustius
1714 2499 1727 2515 .
1759 2498 1771 2515 .
1804 2451 1886 2514 .'’.
1938 2440 2041 2514 Ei.
2082 2450 2201 2514 hoc
2248 2448 2437 2533 pleno
2485 2448 2724 2513 scholio
2763 2458 3092 2535 excerptor

711 2557 943 2640 aliquis
992 2556 1087 2635 (1)
1133 2558 1411 2641 sumpsit
1456 2558 1723 2620 initium
1770 2559 2075 2620 omittens
2122 2554 2493 2639 exemplum
2539 2554 2835 2631 alterum,
2885 2554 3091 2639 qualis

709 2664 969 2727 omissio
1027 2682 1150 2725 non
1214 2681 1353 2725 raro
1413 2662 1480 2723 in
1528 2667 1855 2746 posterum
1906 2681 1972 2723 se
2017 2660 2197 2724 nobis
2245 2658 2477 2723 offeret.
2527 2657 2713 2723 Alius
2760 2664 3087 2745 magister,

699 2788 940 2850 ‘nempe
983 2766 1104 2841 IP,
1168 2772 1517 2849 utrumque
1562 2758 1935 2850 exemplum
1980 2763 2266 2840 rettulit,
2314 2764 2424 2827 sed
2470 2785 2647 2829 more
2693 2786 2807 2830 suo
2853 2764 3090 2829 Donati

711 2876 965 2935 textum
1011 2872 1320 2947 correxit,
1369 2891 1480 2954 pro
1531 2872 1759 2947 ἐγχωρ.
1808 2869 2115 2953 praebens
2166 2871 2448 2945 „civium
2499 2870 2657 2947 scil„
2705 2871 2772 2935 id
2819 2877 2916 2935 est
2961 2878 3087 2936 ter-

707 2996 812 3040 rae
874 2997 945 3040 ac
1005 2978 1248 3059 patriae
1308 2974 1602 3039 nostrae''
1639 2995 1780 3059 per
1841 2973 2255 3059 dittologiam
2318 2974 2639 3060 duplicem
2702 2978 2871 3053 (civ.,
2924 2982 3086 3041 terr.

708 3086 900 3167 patr.)
947 3082 1103 3145 satis
1149 3080 1483 3145 absurdam
1506 3128 1523 3159 ,
1573 3080 1681 3143 sed
1727 3080 1973 3143 homini
2020 3081 2365 3163 propriam.
2416 3078 2584 3144 Tum
2630 3062 2839 3165 igitur
2885 3088 3089 3146 statu—

709 3187 945 3251 endum
1009 3191 1140 3263 est,
1203 3184 1708 3272 Gompilatorem
1769 3191 2021 3269 praeter
2082 3183 2426 3249 editionem
2483 3184 2603 3261 IP,
2669 3183 2864 3249 aliam
2914 3184 3114 3251 adhi-'

708 3292 919 3357 buisse
963 3294 1029 3356 in
1079 3312 1203 3377 qua
1248 3291 1572 3377 legeretur
1619 3304 1989 3376 excerptum
2039 3291 2155 3370 (1).

796 3397 859 3490 Π
909 3397 969 3461 3.
998 3395 1082 3462 37
1131 3398 1190 3463 N
1194 3396 1472 3463 ovistin?
1519 3399 1572 3461 P
1590 3419 1644 3461 a.
1694 3396 1950 3476 Quidni.

765 3539 769 3542 -
798 3502 1118 3579 „Quidni”
1141 3505 1452 3587 correptio
1477 3508 1574 3569 est
1596 3523 1632 3566 a
1657 3524 1723 3566 se
1751 3503 2087 3566 manifesta
2111 3503 2491 3584 quaerentis,
2513 3506 2610 3565 est
2632 3503 2804 3565 enim
2827 3519 3078 3565 sensus:

706 3607 903 3691 quid
954 3609 1120 3670 nisi
1167 3614 1278 3671 aut
1324 3628 1466 3671 cur
1512 3628 1666 3670 non
1713 3609 2119 3682 noverim,
2172 3644 2256 3653 --
2307 3614 2394 3668 est
2440 3606 2594 3670 enim
2636 3606 2932 3691 „quidni”
2976 3614 3082 3668 aut

612 3696 624 3705 ⁵
704 3712 900 3796 quid
943 3711 1112 3773 nisi
1159 3719 1264 3774 aut
1310 3734 1442 3776 cur
1487 3734 1668 3787 non,
1720 3748 1803 3760 —
1852 3714 2000 3795 quia
2047 3716 2290 3775 veteres
2341 3711 2494 3788 „ni”
2536 3733 2648 3795 pro
2691 3711 2854 3787 „ne”
2895 3732 3083 3798 pone-

702 3817 854 3880 bant
912 3822 976 3880 et
1042 3817 1204 3893 „ne”
1268 3837 1381 3900 pro
1449 3815 1679 3892 ,‚non'',
1747 3822 1820 3879 ut
1864 3815 2137 3879 Plautus
2185 3816 2387 3894 (Men.
2437 3815 2468 3879 Ι
2514 3814 2673 3893 2.1)
2724 3818 2833 3893 „ni
2882 3814 3083 3880 stulta

704 3922 832 3985 sis''
873 3942 987 4006 pro
1029 3920 1192 3998 „ne”
1229 3921 1272 4001 ¹)
1314 3927 1377 3986 et
1418 3942 1538 3997 „ne
1579 3920 1767 3985 vult’'
1810 3942 1923 4005 pro
1967 3942 2133 3997 „non
2174 3920 2383 3985 vult’'.
2522 3920 2609 3984 IV
2650 3919 2757 3986 47
2802 3920 3081 3999 „Quidni

769 4146 824 4209 1)
876 4148 1009 4194 Serv.
1053 4146 1110 4193 ad
1157 4146 1272 4193 Aen.
1321 4144 1400 4193 111
1444 4145 1542 4192 686
1582 4144 1678 4192 „Ni
1712 4147 1904 4193 teneant
1938 4144 2137 4193 cursus'’
2168 4143 2353 4207 antiqui
2394 4141 2505 4192 -ni”
2540 4159 2628 4206 pro
2671 4142 2791 4192 .ne”
2824 4144 3078 4209 ponebant,

700 4242 793 4290 qua
824 4227 1060 4291 particula
1095 4227 1262 4291 plenus
1296 4231 1366 4274 est
1404 4226 1602 4275 Plautus
1644 4226 1722 4274 nni
1754 4226 1880 4275 mala
1913 4226 1963 4274 ni
1998 4226 2145 4274 stulta
2181 4224 2291 4273 sis'’.
2330 4225 2467 4273 Unde
2503 4225 2592 4273 hoc
2626 4240 2653 4272 a
2682 4224 2846 4275 Servio
2873 4226 3080 4291 petitum

701 4309 764 4356 sit
814 4309 950 4357 docet
1001 4309 1272 4357 Priscianus
1316 4308 1395 4357 111
1428 4324 1458 4371 p
1511 4308 1591 4364 61,
1626 4308 1706 4357 ubi
1741 4308 1859 4356 citat
1894 4306 2035 4356 verba
2068 4307 2291 4357 Aeneidis
2325 4308 2575 4371 additque:
2611 4310 2736 4371 quod
2771 4309 2915 4357 etiam
2964 4310 3082 4355 Do-

702 4394 902 4438 natus
953 4390 1021 4456 in
1070 4393 1454 4439 commento
1509 4388 1855 4438 Aeneidos
1901 4390 2105 4438 affirmat
2150 4388 2333 4437 dicensz
2387 4388 2466 4439 uni
2511 4404 2599 4453 pro
2634 4405 2711 4449 ne,
2743 4389 2811 4437 sic
2845 4386 3078 4446 veteres”,

698 4470 783 4519 ubi
833 4470 1104 4519 Priscianus
1155 4471 1318 4519 omisit
1366 4470 1634 4535 exemplum
1687 4470 1966 4521 Plautinum
1990 4506 2002 4529 ,
2056 4473 2109 4519 nt
2157 4470 2257 4519 iam
2308 4470 2577 4520 observavit
2627 4470 2968 4520 Ribbecki
2990 4484 3081 4518 us.
