3392 5384
763 391 799 456 1
815 390 904 456 28
950 424 956 428 -
1720 407 2190 458 nonnononus.

756 593 873 657 pro
938 572 1062 636 ἀπὸ
1128 576 1240 643 τῆς
1304 569 1592 642 παιδείας
1653 593 1791 648 μου,
1850 573 2198 639 verborum
2246 570 2401 638 ordo
2448 593 2656 638 novus
2703 578 2767 638 et
2811 573 3151 638 inauditus

762 684 826 742 et
877 676 993 743 vel
1054 679 1124 742 in
1183 679 1552 762 posterioris
1615 681 1845 744 aetatis
1905 681 2109 764 poetis
2158 681 2293 744 sine
2340 679 2638 765 exemplo
2687 701 2820 745 esse
2862 679 3147 746 videtur.

757 782 832 847 In
893 804 1019 869 quo
1066 785 1263 848 etiam
1313 786 1522 868 magis
1570 783 1946 848 offendimus
1987 785 2155 870 quod
2202 787 2293 850 sic
2340 788 2692 851 arctissime
2746 786 3149 851 cohaerentia

757 892 826 953 in
889 888 1048 953 duos
1098 909 1320 954 versus
1367 888 1834 953 distrahuntur.
1882 888 2055 954 Illud
2103 911 2356 976 quoque
2404 883 2701 976 displicet
2745 890 2915 976 quod
2959 898 3150 976 poeta

758 997 1244 1081 epigrammatis
1306 995 1490 1058 initio
1557 998 1917 1073 neminem,
1965 1003 2041 1060 ut
2086 1017 2225 1061 mos
2271 1005 2441 1075 erat,
2491 998 2724 1062 diserte
2773 997 3143 1084 alloquitur.

757 1102 1045 1188 Denique
1111 1103 1521 1166 mirationem
1585 1107 1806 1166 movet
1858 1123 2006 1167 eum
2051 1103 2428 1188 produxisse
2473 1103 2779 1169 ultimam
2826 1103 3141 1190 syllabam

755 1208 1080 1292 participii
1127 1205 1298 1290 quod
1345 1212 1442 1270 est
1488 1207 1957 1285 ἀφυσσάμενος.
2004 1209 2172 1274 Nam
2220 1209 2566 1275 Homerico
2613 1216 2820 1275 metro
2868 1231 3004 1275 sero
3039 1231 3143 1275 na-

755 1323 898 1379 tum
946 1315 1450 1399 grammaticum
1497 1335 1690 1378 usum
1731 1335 1867 1380 esse
1907 1318 2050 1400 quis
2087 1313 2341 1380 credat?
2389 1313 2561 1383 Cave
2600 1338 2680 1381 ne
2718 1337 2849 1380 una
2886 1315 3142 1381 literula

755 1422 1139 1505 transposita
1202 1422 1494 1483 omnium
1541 1421 1774 1485 harum
1821 1421 2260 1486 molestiarum
2315 1443 2504 1487 causa
2552 1425 2862 1487 extiterit.
2924 1421 3140 1487 Nonne

757 1545 917 1610 quae
962 1528 1028 1588 in
1076 1528 1288 1611 primo
1334 1546 1526 1591 versu
1576 1527 1790 1592 deficit
1834 1526 2023 1592 litera
2069 1553 2127 1606 σ,
2176 1528 2438 1594 eandem
2477 1531 2547 1593 in
2584 1527 2786 1593 altero
2825 1527 3138 1592 abundare

754 1632 936 1696 vides
953 1629 979 1697 ‘2
1026 1631 1484 1697 Scribendum:

1117 1739 1342 1810 Αἶῶνος
1389 1739 1767 1817 (ποιήματ’
1814 1739 2231 1820 ἀφυσσαμένη
2282 1742 2397 1804 ἀπ’
2447 1740 2649 1819 ἐμεῖο,

1209 1843 1490 1923 παιδείη,
1539 1846 1763 1921 μύθους
1813 1848 1992 1923 γνῶθι
2041 1845 2496 1924 παλαιγενέας.

758 1950 1222 2030 „Saeculorum
1285 1950 1697 2016 voluminum
1760 1954 2093 2017 scientiam
2140 1974 2218 2017 ex
2266 1973 2371 2018 me
2416 1952 2705 2030 haurite,
2755 1973 2792 2016 o
2838 1954 3135 2028 iuvenes,

757 2061 1117 2144 priscasque
1165 2055 1414 2122 fabulas
1460 2058 1889 2142 cognoscite’'.

845 2163 1219 2229 Tenendum
1267 2165 1438 2228 enim
1485 2161 1763 2229 Graecos
1809 2185 1983 2229 serae
2029 2167 2259 2230 aetatis
2306 2165 2589 2230 παιδείαν
2636 2164 2872 2229 dixisse
2918 2164 3140 2230 eadem

755 2272 1068 2340 sententia
1133 2289 1259 2354 qua
1292 2269 1537 2340 ‚Latini
1596 2269 1957 2332 iuventutem
2013 2273 2057 2334 i.
2086 2291 2140 2334 e.
2190 2291 2441 2354 pueros.
2492 2267 2694 2336 Cuius
2740 2273 2835 2334 rei
2882 2270 3137 2354 quidem

751 2377 956 2442 lexica
1021 2396 1225 2440 unum
1287 2375 1734 2440 tantummodo
1796 2374 2168 2461 exemplum
2215 2377 2546 2454 adferunt,
2596 2376 2704 2440 sed
2749 2378 2843 2441 ita
2891 2396 3141 2461 compa-

751 2489 968 2548 ratum
1013 2487 1088 2545 ut
1133 2479 1410 2546 alterum
1459 2483 1569 2547 vix
1617 2478 1951 2546 desideres.
1998 2481 2321 2546 Lucianus
2367 2483 2574 2560 enim,
2624 2481 2743 2546 hoc
2790 2488 2959 2545 certe
2999 2479 3139 2545 loco

754 2587 1022 2652 mini'me
1084 2588 1278 2650 attice
1338 2585 1626 2664 locutus,
1676 2588 1897 2652 Amor.
1950 2608 2003 2651 c.
2053 2586 2159 2665 VI,
2211 2588 2322 2652 ubi
2369 2587 2841 2652 adulescentem
2888 2586 3141 2651 inducit

722 2686 792 2758 ⁸a
832 2713 1065 2778 mag-na
1104 2698 1357 2758 caterva
1395 2695 1752 2757 amicorum
1793 2691 2161 2772 deductum,
2204 2694 2675 2772 παρηκολούθει,
2715 2695 2964 2778 inquit,
2998 2716 3143 2757 mu-

752 2799 923 2871 δείοις
971 2800 1235 2875 λιπαρὴς
1283 2798 1493 2876 ὄχλος.
1559 2797 1741 2877 Quod
1787 2801 2003 2884 potuit
2047 2798 2402 2876 Lucianus‚
2446 2799 2620 2876 idem
2668 2797 2895 2884 procul
2939 2798 3139 2862 dubio

751 2908 967 2991 potuit
1011 2907 1476 2991 grammaticus
1524 2908 1737 2970 noster
1784 2904 2054 2970 Luciani
2102 2908 2237 2973 sive
2284 2904 2565 2992 aequalis
2614 2907 2785 2983 sive,
2834 2908 2909 2969 ut
2946 2910 3140 2988 put0‚

748 3010 866 3077 illo
926 3011 1254 3096 aliquanto
1315 3013 1647 3075 recentior.
1712 3009 1912 3076 Plane
1968 3011 2173 3076 simili
2233 3011 2422 3085 modo
2468 3014 2835 3077 notissimae
2882 3009 3142 3076 tabulae

750 3114 981 3182 Iliacae
1026 3122 1249 3181 auctor
1293 3136 1524 3201 pueros
1570 3115 1954 3202 alloquitur:

1100 3216 1207 3286 Ὠ
1257 3222 1410 3301 φίλε
1459 3230 1618 3301 παῖ,
1671 3223 2030 3302 Θεοδωρείην
2083 3223 2247 3300 μάθε
2295 3223 2473 3300 τάξιν
2522 3225 2811 3303 Ὀμήρου,

1193 3326 1358 3421 ὄφρα
1407 3329 1573 3400 δαεὶς
1622 3327 1830 3402 πάσης
1878 3328 2111 3408 μέτρον·
2142 3329 2296 3410 ἔχῃς
2341 3330 2585 3410 σοφίης.

751 3429 1129 3500 Coniectura
1189 3455 1334 3498 mea
1395 3440 1681 3519 recepta,
1747 3455 1895 3499 cum
1948 3456 2137 3500 nemo
2184 3456 2494 3520 umquam
2542 3436 2935 3501 dubitaverit
2982 3437 3141 3522 quin

698 3539 706 3546 ”
749 3543 1150 3626 epigramma
1212 3541 1288 3605 de
1352 3561 1475 3626 quo
1541 3544 1800 3627 agimus
1860 3561 2084 3607 revera
2146 3540 2227 3606 ad
2273 3540 2729 3607 bibliothecam
2777 3544 3132 3628 pertineat,

747 3649 1038 3731 sequitur
1084 3649 1257 3711 viros
1303 3646 1520 3712 doctos
1574 3646 2027 3712 bibliothecam
2073 3651 2143 3712 in
2188 3669 2382 3712 usum
2429 3669 2777 3734 puerorum
2825 3650 3134 3733 scriptam

747 3773 882 3817 esse
928 3754 1369 3817 existimantes
1417 3772 1646 3818 verum
1693 3752 1953 3819 vidisse.

837 3969 1113 4037 Transeo
1153 3968 1232 4036 ad
1271 3966 1472 4035 alium
1511 3965 1726 4036 locum
1766 3965 2111 4055 quemdam
2151 3965 2436 4034 eiusdem
2470 3963 2913 4034 bibliothecae.
2952 3963 3131 4034 Libri

745 4080 922 4144 tertii
960 4076 1392 4163 parag-raphu,
1434 4097 1604 4162 quae.
1632 4079 1701 4140 in
1740 4076 2017 4142 editione
2051 4075 2475 4162 Wagneriana
2514 4076 2836 4140 tricesima
2858 4075 3131 4141 secunda

744 4190 874 4262 est,
941 4184 1348 4249 continentur
1407 4182 1532 4247 duo
1580 4182 1943 4268 frag-menta
1989 4185 2144 4247 satis
2192 4180 2360 4246 male
2408 4182 2628 4246 habita
2672 4181 2950 4246 duorum
3000 4202 3131 4246 car·

744 4293 996 4354 minum
1045 4291 1407 4373 epicorum,
1459 4287 1691 4373 quibus
1740 4288 2278 4354 enumerabantur
2322 4290 2584 4353 nomina
2630 4308 2862 4352 canum
2912 4288 3129 4352 Actae-

742 4399 897 4461 onis.
959 4396 1098 4459 Iam
1147 4394 1301 4460 haec
1343 4393 1704 4480 fragmenta
1751 4417 1873 4460 non
1925 4395 2002 4460 ab
2049 4397 2190 4481 ipso
2239 4400 2497 4460 auctore
2543 4393 2963 4460 bibliothecae
3010 4394 3123 4459 hoc

739 4499 878 4566 loco
939 4499 1200 4566 laudata
1259 4521 1392 4566 esse
1439 4521 1620 4586 posse
1665 4503 2073 4566 consentiunt
2118 4522 2357 4566 omnes.
2406 4500 2529 4566 Sed
2576 4502 2643 4564 in
2691 4500 2814 4565 fine
2863 4499 3122 4565 alterius
