3392 5384
1330 376 1335 381 ”
1365 370 1682 451 nonnus.
2014 430 2020 433 -
2636 387 2718 451 13

339 564 542 652 „quid
605 564 911 629 ornatus’'
976 563 1168 643 (Eun.
1231 564 1324 629 111
1385 566 1446 629 4.
1475 564 1564 645 8).
1749 565 1852 631 Sic
1917 566 1993 631 D.
2021 568 2095 647 2).
2169 567 2347 654 Mag.
2399 567 2595 649 IP(?)
2643 569 2767 632 ad-

331 670 392 734 V
442 670 503 734 1.
535 667 616 735 17
642 670 739 749 (2)
803 669 1000 753 „quid
1054 668 1219 733 illud
1265 671 1546 734 hominis
1594 670 1734 735 est'’
1782 692 1895 757 per
1938 675 2317 757 genetivum
2362 695 2582 738 casum
2626 677 2721 737 in-

327 777 574 839 iuriose
621 774 875 851 dicitur,
925 796 1037 859 per
1081 777 1555 840 nominativum
1602 776 1964 841 honorifice.

426 880 676 945 Similis
724 880 1045 945 adnotatio
1106 881 1185 945 ad
1232 881 1429 944 Andr.
1478 880 1508 944 I
1557 880 1616 945 5.
1644 879 1725 944 15
1753 882 1849 960 (1)
1898 881 2144 947 Donato
2192 883 2393 948 danda
2439 885 2717 964 videtur,

330 991 410 1049 ut
471 987 667 1050 etiam
731 985 809 1050 ad
877 984 1028 1050 Hec.
1093 984 1179 1048 IV
1229 986 1290 1049 4.
1321 985 1402 1049 21
1437 985 1555 1065 (5),
1621 987 1734 1049 ubi
1801 986 2058 1051 additur
2104 988 2471 1073 exemplum
2526 988 2717 1075 Verg.

328 1092 461 1156 Sed
502 1092 659 1156 Hec.
700 1091 788 1155 IV
831 1091 890 1157 4.
920 1091 1001 1155 21
1033 1091 1128 1171 (3)
1168 1095 1372 1178 inepti
1412 1096 1711 1178 magistri
1735 1098 1850 1157 est.
1897 1092 1994 1159 Cf.
2022 1093 2264 1160 Wessn.
2295 1098 2457 1182 App.
2486 1098 2564 1161 ad
2589 1098 2715 1164 h.1.

427 1196 490 1261 II
538 1196 598 1261 3.
627 1196 714 1261 84
761 1197 856 1277 (4)
908 1198 1228 1273 „Probes”
1281 1204 1354 1261 ut
1401 1197 1590 1284 Verg.
1640 1197 1753 1273 (IV
1800 1198 1961 1278 401)
2012 1204 2398 1286 „migrantis
2438 1204 2720 1269 cernas''.

328 1303 532 1367 Andr.
580 1302 611 1365 I
662 1302 720 1367 l.
751 1301 834 1366 39
887 1302 1267 1377 „Invenias”
1319 1303 1592 1367 secunda
1645 1324 1909 1390 persona
1953 1326 2067 1389 pro
2117 1310 2339 1383 tertia,
2382 1314 2456 1371 ut
2502 1308 2719 1394 (Verg.
2788 1334 2791 1339 ·

325 1406 457 1487 l.l.)
511 1410 900 1493 „mig-rantis
943 1407 1226 1473 cernas’'.
1299 1408 1460 1473 Ibid.
1511 1407 1605 1473 III
1649 1408 1709 1472 1.
1738 1407 1779 1473 2
1803 1408 1900 1489 (4)
1953 1412 2322 1485 „invenias”
2372 1414 2721 1478 secundum

323 1534 444 1598 pro
508 1515 696 1577 tertia
755 1534 1020 1598 persona
1067 1515 1285 1598 posuit
1336 1561 1349 1578 .
1381 1562 1394 1579 .
1427 1561 1442 1577 .
1492 1520 1566 1578 ut
1614 1513 1807 1598 Verg.
1860 1517 2247 1601 „migrantis
2295 1539 2348 1582 c.
2376 1522 2422 1582 t.
2451 1540 2503 1583 e.
2531 1541 2593 1583 ιι.
2624 1520 2717 1583 ι·.”

325 1617 606 1683 Nullum
654 1640 730 1683 ex
776 1618 877 1683 his
929 1618 1172 1683 Donato
1219 1617 1748 1684 abiudicaverim.
2244 1620 2505 1688 Sabb.
2554 1645 2718 1688 curs.

423 1723 516 1787 III
573 1724 630 1789 1.
663 1724 696 1788 1
750 1722 1045 1809 „Agere”
1093 1723 1238 1808 plus
1286 1730 1468 1788 sonat
1506 1723 1872 1788 infinitivus
1912 1724 2142 1789 modus
2183 1725 2382 1791 finito.
2430 1727 2591 1791 Ibid.
2632 1728 2718 1792 20

332 1827 480 1914 plus
530 1835 739 1914 potest
786 1830 864 1894 ad
912 1828 1400 1914 significandum
1449 1828 1776 1892 infinitum
1825 1833 2081 1914 tempus
2129 1851 2323 1914 quam
2371 1831 2649 1897 finitum.

429 1934 568 1999 Hoc
614 1955 761 1998 sane
808 1930 1197 2019 suspectum.
1832 1925 1837 1929 ’

427 2037 524 2103 III
574 2039 630 2103 1.
665 2039 741 2104 11
772 2038 867 2119 (3)
910 2038 1209 2116 „Habes”
1252 2060 1366 2127 pro
1405 2038 1875 2124 intellig-is.
2066 2040 2146 2105 16
2172 2040 2270 2121 (1)
2314 2041 2573 2117 „tenes”
2602 2063 2716 2125 pro

332 2145 624 2222 habes,
671 2146 788 2210 hoc
837 2151 934 2209 est
979 2145 1147 2230 quod
1195 2165 1388 2230 supra
1428 2151 1548 2224 (vs.
1580 2144 1690 2225 11)
1730 2144 2198 2229 intelligis.
2340 2146 2417 2211 D.
2462 2152 2717 2211 tantum

335 2250 584 2315 dedisse
632 2250 815 2316 credo
865 2250 1125 2328 „tenes”
1175 2272 1288 2335 pro
1335 2251 1610 2315 habes.

426 2354 522 2419 III
570 2354 629 2419 1.
658 2354 743 2420 32
791 2356 1298 2443 ‘'rmpssomiaut
1336 2346 1730 2439 superfertur
1769 2360 1882 2419 aut
1920 2361 2229 2440 aequatur
2265 2360 2378 2419 aut
2402 2356 2685 2421 subiacet
2697 2377 2715 2435 ;

335 2460 734 2544 superfertur
795 2482 999 2537 nunc,
1048 2465 1360 2545 aequat-ur
1409 2459 1734 2538 „milies'',
1783 2461 2068 2525 subiacet
2113 2467 2189 2525 ut
2240 2466 2538 2539 „tantum
2586 2483 2717 2526 non

335 2563 615 2628 milies”.
799 2565 1058 2629 Phorm.
1109 2564 1140 2628 I
1188 2564 1365 2629 2.18
1411 2564 1841 2629 Proverbialis
1891 2564 2201 2641 ὑπερβολή
2250 2566 2415 2630 sacta
2454 2573 2566 2629 aut
2604 2587 2718 2650 per

332 2672 770 2755 exceptionem
809 2676 922 2735 aut
959 2692 1072 2756 per
1094 2669 1594 2756 superlationem
1620 2675 1733 2735 aut
1758 2677 1965 2757 (per)
1994 2692 2260 2755 aequam
2284 2670 2713 2735 collationem.

426 2774 791 2859 Utrumque
839 2776 916 2840 D.

426 2878 513 2943 IV
559 2879 621 2944 2.
653 2880 736 2944 12
761 2880 858 2961 (2)
906 2880 989 2945 Et
1034 2881 1152 2945 hoc
1199 2887 1387 2957 recte,
1439 2883 1589 2964 quia
1635 2883 1916 2965 quinque
1962 2881 2166 2947 lineae
2215 2882 2526 2967 perfectae
2565 2887 2715 2946 sunt

333 2984 414 3049 ad
461 3005 778 3050 amorem:
821 2988 1030 3071 prima
1070 2989 1281 3062 visuS,
1323 2986 1597 3051 secunda
1633 2985 1937 3071 alloquii,
1983 2990 2169 3051 tertia
2206 2993 2447 3063 tactus,
2490 2993 2716 3070 quarta

335 3090 573 3168 osculi,
617 3094 840 3175 quinta
879 3094 1105 3156 coitus.
1244 3091 1307 3155 II
1356 3091 1414 3156 3.
1445 3091 1528 3157 '76
1555 3091 1650 3171 (3)
1694 3091 2013 3169 „Videbit,
2054 3092 2472 3177 colloquetur,
2514 3092 2717 3156 aderit

332 3196 538 3260 una'’:
600 3199 762 3261 istae
823 3199 995 3261 enim
1056 3203 1205 3262 sunt
1268 3199 1502 3261 amoris
1563 3196 1804 3273 lineae,
1856 3200 1978 3261 etsi
2024 3218 2129 3262 eas
2178 3220 2302 3261 non
2349 3218 2568 3261 omnes
2616 3202 2713 3261 est

331 3307 720 3386 persecutus.
901 3302 1045 3367 Hoc
1108 3301 1341 3367 sabb.
1405 3323 1567 3366 curs.
1619 3302 1857 3379 edidit,
1908 3302 2018 3365 sed
2064 3309 2413 3387 utrumque
2461 3301 2711 3365 Donato
2802 3313 2823 3319 ⁸

331 3404 612 3470 dandum
672 3428 804 3471 esse
862 3407 1111 3485 iudico,
1176 3428 1366 3491 quem
1427 3406 1526 3470 IP
1588 3405 2005 3491 interpolavit
2063 3409 2131 3471 in
2191 3406 2252 3471 ΙΙ
2303 3405 2363 3471 3.
2395 3404 2478 3472 76
2506 3406 2603 3487 (1)
2649 3410 2713 3470 et

332 3510 420 3575 82
446 3512 563 3591 (1),
612 3511 688 3576 de
736 3514 968 3598 quibus
1014 3519 1255 3597 postea.

423 3615 510 3680 IV
557 3615 616 3683 7.
646 3617 730 3682 36
757 3619 851 3698 (4)
901 3617 1137 3695 „Edico
1185 3617 1347 3681 tibi’'
1396 3616 1666 3701 superbe
1716 3623 1781 3682 et
1828 3619 2009 3702 quasi
2050 3604 2279 3694 militi;
2322 3637 2470 3681 nam
2510 3615 2714 3680 edic·

331 3727 503 3786 tum
565 3726 875 3808 praetoris
936 3723 1173 3787 dicitur
1234 3730 1297 3787 et
1358 3725 1787 3806 imperatoris.
1972 3721 2027 3787 V
2072 3721 2133 3785 8.
2163 3721 2247 3786 33
2276 3720 2372 3801 (3)
2438 3720 2709 3798 „Miles,

328 3827 506 3892 edico
568 3828 684 3893 hoc
746 3828 910 3894 tibi''
960 3834 1023 3892 et
1068 3826 1531 3893 contumeliose
1582 3826 1803 3903 „edico
1850 3826 1968 3890 hoc
2014 3828 2176 3890 tibi''
2226 3831 2291 3889 et
2335 3828 2588 3911 proprie
2639 3832 2714 3888 ut

327 3930 526 3996 militi
573 3931 873 4010 „miles'',
920 3935 1129 4017 inquit
1182 3931 1468 4010 „edico’'.
1655 3930 1830 3996 Illud
1872 3930 2139 4010 Donati,
2182 3932 2299 3995 hoc
2337 3932 2709 3994 imitatoris

361 4208 366 4215 ,
420 4144 553 4208 Ad.
602 4142 634 4207 I
687 4142 744 4206 l.
775 4143 813 4207 3
840 4142 935 4222 (3)
987 4142 1099 4220 „Si
1148 4143 1314 4207 absis
1360 4144 1614 4227 uspiam
1664 4147 1777 4206 aut
1817 4142 1911 4205 ibi
1952 4143 2007 4205 si
2045 4141 2329 4205 cesses'':
2379 4143 2534 4216 „aut
2572 4138 2709 4203 ibi'’

327 4252 615 4333 uspiam;
681 4249 1010 4334 ‚significat
1069 4252 1274 4326 enim,
1343 4247 1587 4313 scilicet
1654 4246 2015 4332 „uspiam'',
2080 4254 2145 4311 et
2204 4249 2271 4309 in
2336 4245 2473 4310 loco
2523 4250 2585 4309 et
2633 4244 2712 4309 ad

324 4354 560 4419 locum.
612 4354 771 4419 Ibid.
828 4355 908 4418 12
935 4355 1032 4435 (1)
1083 4354 1423 4439 „uspiam”
1472 4359 1535 4418 et
1580 4356 1648 4417 in
1692 4352 1834 4418 loco
1885 4361 1947 4417 et
1996 4353 2075 4417 ad
2112 4350 2330 4417 locum
2371 4350 2712 4437 significat.

327 4460 656 4545 Repetitio
703 4480 879 4546 mag.
