3392 5384
1359 425 1668 475 nom-rus.
2577 410 2710 477 223

323 596 595 682 Pythias
630 593 889 659 laudare
930 595 1186 679 cogitur
1223 592 1831 678 pseudennuchum,
1874 613 2067 678 quem
2108 599 2488 658 exsecratur.
2539 594 2710 659 Hinc

328 701 651 767 Donatus:

417 808 513 889 (1)
575 806 913 874 Commota
974 806 1280 871 adversus
1327 805 1713 870 Phaedriam
1759 806 2014 892 cogitur
2061 826 2210 870 eum
2261 804 2555 883 laudare,
2608 808 2713 872 cui

324 917 490 981 irata
535 924 667 992 est,
716 919 781 980 et
824 914 969 979 ideo
1019 918 1233 977 totum
1280 911 1508 978 callide
1539 911 1606 991 ¹).

417 1021 598 1101 Quod
667 1023 990 1107 sequitur:
1064 1020 1161 1101 (2)
1233 1018 1495 1097 Facete,
1570 1020 1752 1105 quasi
1815 1018 1986 1084 hunc
2041 1040 2154 1085 nec
2199 1021 2325 1105 ipsi
2373 1022 2486 1105 qui
2531 1021 2714 1084 misit

324 1132 732 1213 conspectum
780 1126 975 1204 velit,
1070 1124 1557 1211 Interpolatoris
1604 1130 1736 1203 est,
1785 1127 1895 1209 qui
1935 1128 2098 1190 mire
2138 1132 2359 1211 putat,
2403 1126 2709 1213 Pythiam

322 1238 486 1303 serio
556 1233 766 1312 nolle,
838 1241 915 1299 ut
985 1232 1268 1301 Chaerea
1329 1232 1678 1297 Phaedriae
1743 1235 1809 1296 in
1875 1239 2290 1319 conspectum
2353 1236 2606 1313 veniat,
2654 1239 2718 1298 et

322 1342 603 1428 leporem
652 1341 823 1405 hunc
871 1361 1044 1419 esse,
1096 1338 1268 1424 quod
1313 1337 1431 1404 illa
1470 1338 1592 1404 hoc
1632 1338 1802 1403 dicat
1840 1341 1899 1405 ei
1938 1342 2049 1424 qui
2089 1341 2224 1424 ipse
2265 1342 2447 1405 misit
2491 1340 2718 1427 pseud-

324 1448 717 1514 eunuchum.

411 1555 637 1621 Eidem
703 1560 819 1620 aut
880 1553 991 1618 alii
1055 1554 1368 1640 magistro
1418 1552 1699 1617 dandum
1745 1557 1842 1619 est
1888 1551 1984 1634 (3)
2033 1553 2130 1617 An
2185 1552 2467 1632 „velles”
2519 1552 2716 1618 talem

327 1661 685 1747 (qualem)
733 1657 1003 1745 loquor?
1093 1657 1475 1726 Coniectura
1521 1662 1633 1725 vix
1682 1661 1868 1725 seria.

421 1768 643 1834 Aelius
704 1768 909 1833 denuo
972 1768 1303 1853 praebuit:
1367 1766 1463 1848 (4)
1526 1766 1665 1849 [Et]
1737 1767 2018 1832 breviter
2064 1767 2270 1833 forma
2313 1766 2573 1832 laudata
2620 1772 2720 1831 est

333 1874 693 1955 <huius?>,
757 1897 907 1940 cum
973 1858 1285 1960 prolixius
1348 1873 1531 1938 illius
1578 1876 1664 1938 sit
1713 1873 2122 1939 describenda
2169 1874 2572 1939 deformitas:
2624 1873 2720 1953 (5)

331 2005 479 2049 vere
542 1980 811 2067 pulcher
858 1988 989 2059 est,
1040 1984 1226 2047 cuius
1273 1981 1475 2045 forma
1521 2001 1635 2045 nec
1681 1980 1902 2045 odium
1944 2002 2058 2046 nec
2109 1983 2395 2047 convitia
2442 2000 2721 2045 comme-

326 2092 483 2154 ruit.
531 2088 859 2154 Lucilius:
913 2089 1044 2166 „At
1089 2087 1442 2175 Hymnidis
1489 2090 1619 2153 acri
1645 2086 1695 2166 2)
1743 2108 1821 2151 ex
1868 2087 2028 2152 facie
2061 2072 2293 2152 ¹florem
2339 2087 2720 2174 delegeris''.

420 2194 703 2260 Tandem
770 2194 904 2275 (6):
970 2194 1177 2274 Quare
1228 2191 1431 2271 „tu''?
1485 2194 1579 2258 An
1627 2195 1779 2278 quia
1825 2195 1986 2257 istae
2031 2196 2164 2259 iam
2210 2193 2472 2272 nolunt,
2520 2197 2721 2259 iratae

333 2300 575 2368 scilicet
620 2302 701 2366 ob
748 2304 1047 2367 vitiatam
1095 2297 1457 2386 virg-inem?
1504 2300 1603 2364 An
1656 2297 1816 2375 „tu”
1868 2302 2049 2383 quasi
2100 2305 2456 2385 „spectator
2493 2300 2724 2365 forma·

330 2430 478 2473 rum
542 2407 844 2494 elegans’'
909 2411 1032 2487 (vs.
1082 2405 1235 2485 566,
1296 2408 1409 2471 ubi
1476 2414 1692 2471 tamen
1757 2402 2036 2471 Chaerea
2095 2406 2216 2471 hoc
2276 2398 2597 2492 praedicat
2645 2406 2721 2470 de

329 2519 443 2594 re),
483 2520 560 2579 ut
599 2516 712 2600 qui
750 2519 997 2578 amator
1035 2515 1121 2578 sis
1163 2510 1467 2578 Thaidis?
1581 2511 1949 2597 Utrumque
1985 2515 2303 2598 ineptum,
2343 2514 2721 2597 praesertim

331 2623 541 2708 prima
601 2623 913 2706 suspicio,
976 2642 1054 2685 ex
1118 2641 1243 2705 qua
1308 2626 1422 2698 „tu
1484 2619 1704 2686 videre
1760 2640 1910 2684 vero
1959 2618 2200 2685 velles'’
2252 2622 2513 2685 tacitam
2561 2621 2722 2684 anti-

330 2728 540 2793 thesin
581 2727 746 2792 hanc
782 2727 1078 2792 haberet:
1128 2733 1237 2805 „at
1274 2748 1391 2791 nos
1422 2729 1623 2792 iratae
1662 2725 2033 2805 nolumus''‚
2075 2748 2238 2811 quae
2263 2726 2504 2793 scilicet
2526 2726 2722 2791 illum

332 2833 581 2898 dudum
628 2832 969 2899 viderunt!
1318 2906 1327 2915 ,

421 2942 647 3026 Itaque
708 2940 939 3005 Editor
998 2943 1287 3025 primum
1333 2940 1639 3007 Donateis
1686 2941 1783 3022 (l)
1831 2946 1896 3005 et
1942 2939 2039 3022 (4)
2083 2942 2468 3026 interposuit
2514 2940 2610 3022 (2)
2659 2944 2724 3005 et

331 3047 449 3129 (3),
500 3046 643 3111 dein
694 3067 929 3133 agmen
976 3046 1208 3112 clausit
1254 3047 1500 3113 scholio
1550 3054 1891 3133 postremo.
1942 3046 2112 3111 Tum
2157 3050 2367 3134 igitur
2407 3043 2728 3133 Compila-

331 3155 487 3219 toris
534 3174 725 3238 opera
768 3152 949 3218 nulla
995 3153 1121 3218 fuit
1166 3156 1445 3240 propria.

418 3260 579 3324 Ibid.
627 3259 712 3323 21
788 3259 913 3324 Hic
960 3265 1057 3323 est
1103 3262 1317 3323 vietus
1365 3264 1556 3325 vetus
1602 3264 1977 3324 veternosus
2026 3281 2218 3325 senex

420 3366 614 3431 Hunc
675 3387 938 3431 versum
1000 3364 1293 3432 Donatus
1357 3366 1577 3431 ordine
1639 3369 1730 3430 sic
1780 3368 2118 3444 tractavit,
2167 3372 2242 3430 ut
2288 3368 2577 3450 primum
2626 3365 2720 3431 lo-

330 3478 633 3559 queretur
701 3472 777 3537 de
842 3474 1357 3558 pronuntiatione
1420 3472 1538 3552 (1),
1601 3471 1747 3536 dein
1810 3471 1886 3535 de
1947 3474 2328 3557 synonymis
2397 3471 2722 3549 ‚,vietus'',

335 3579 633 3659 „vet-us'',
698 3578 1158 3657 „veternosus”
1224 3583 1291 3644 et
1350 3578 1427 3644 de
1473 3600 1625 3644 voce
1678 3577 1976 3655 „senex''.
2025 3578 2148 3643 His
2193 3577 2452 3643 scholiis
2499 3578 2726 3644 Editor

328 3688 715 3772 interposuit
762 3684 1152 3751 emblemata
1200 3685 1325 3749 duo
1369 3687 1438 3749 in
1485 3684 1581 3764 (3)
1629 3690 1695 3749 et
1739 3687 1808 3748 in
1855 3684 1972 3765 (6),
2020 3706 2182 3771 quae
2226 3685 2461 3750 referre
2511 3705 2725 3769 super-

333 3792 551 3869 sede0,
622 3814 771 3857 cum
839 3790 1163 3857 inclinatis
1232 3790 1472 3856 litteris
1528 3793 1662 3855 iam
1726 3790 2090 3856 indicentur
2151 3813 2188 3857 a
2251 3790 2590 3857 Wessne
2615 3812 2722 3856 ro.

337 3900 461 3965 His
506 3906 722 3965 tamen
770 3920 898 3963 non
946 3903 1281 3964 contentus
1328 3897 1577 3989 addidit
1621 3895 1816 3963 schol.
1866 3895 1996 3980 (7):
2055 3897 2284 3963 Utrum
2332 3919 2480 3963 vere
2527 3918 2720 3963 senex

331 4029 413 4072 an
462 4009 612 4091 quia
656 4009 749 4070 ita
797 4005 1059 4071 videtur
1106 4005 1187 4070 ob
1234 4004 1746 4082 deformitatem,
1800 4042 1886 4053 —
1934 4026 2061 4089 quo
2107 4008 2174 4069 in
2221 4005 2492 4070 dubium
2530 4008 2721 4072 vocat

332 4113 495 4179 Don.
548 4108 680 4194 (6)':
736 4113 1069 4189 „senex”
1118 4134 1198 4178 ex
1241 4111 1412 4177 malo
1458 4112 1985 4199 aegritudineque
2028 4134 2323 4198 rugosus.

420 4219 585 4285 Ibid.
636 4217 723 4283 44
793 4219 1010 4298 Heus,
1058 4225 1293 4305 negato
1341 4240 1602 4284 rursum

400 4481 456 4546 1)
490 4480 627 4531 Idem
658 4478 929 4530 observavit
966 4477 1216 4528 Dacier
1248 4479 1307 4527 ad
1342 4478 1393 4529 h.
1410 4478 1445 4528 1.
1481 4477 1592 4529 vid.
1628 4478 1851 4529 rabia.

399 4564 455 4627 2)
489 4564 569 4611 Sic
599 4566 829 4627 corrupta
860 4560 1003 4611 verbe
1035 4568 1141 4625 post
1176 4561 1297 4610 alio·
1328 4560 1538 4611 correxit
1568 4562 1623 4610 M
1642 4577 1671 4610 a
1689 4578 1715 4611 ι·
1733 4577 1762 4610 x
1797 4577 1862 4611 vs.
1903 4563 2049 4611 1115.
