3392 5384
673 405 806 473 364
1471 420 1556 469 nn
1601 418 1922 469 nummus
1968 416 2282 466 Plarrnoo·

671 598 928 659 humana
979 590 1197 675 palam
1260 595 1474 675 eoquat
1535 594 1674 651 emta
1736 585 2025 671 nefarius
2072 588 2310 665 Atreus,
2358 593 2469 650 aut
2513 587 2579 651 in
2624 610 2787 651 avem
2834 587 3068 652 Procne

666 706 957 775 vertatur,
997 698 1246 761 Cadmus
1284 696 1350 759 in
1388 698 1662 776 anquam)
1705 693 1939 778 quibus
1966 693 2254 757 versibus
2290 692 2639 779 significari
2664 694 3065 759 Baccharum

668 809 918 871 exitum
981 804 1242 868 fuerunt
1289 800 1552 887 quidem
1602 802 1715 884 qui
1764 798 2087 864 crederent
2134 798 2243 863 sed
2286 798 2535 863 iamdiu
2580 800 2843 865 refutati
2889 807 3063 865 sunt.

665 912 890 997 Itaque
952 906 1234 975 Cadmus
1297 908 1422 971 fuit
1484 904 1703 971 fabula
1763 925 1961 989 eaque
2006 906 2377 982 notissima,
2429 926 2589 990 quae
2639 912 2855 971 tamen
2901 928 3062 971 num

666 1020 801 1082 iam
864 1013 1448 1081 Alexandrinorum
1518 1018 1726 1077 aetate
1794 1010 2092 1095 Euripidi
2165 1012 2253 1076 sit
2320 1011 2641 1097 adscripta
2716 1012 3062 1079 nescimus.

668 1123 943 1188 Etiamsi
977 1127 1198 1186 autem
1238 1124 1556 1185 constaret
1595 1116 1808 1182 fraudi
1847 1116 2062 1181 deberi
2102 1138 2328 1182 versus
2353 1138 2511 1202 quos
2533 1119 2767 1184 referat
2789 1119 3061 1197 Probus,

669 1249 926 1295 causam
987 1248 1115 1291 non
1176 1224 1464 1291 viderem
1528 1230 1603 1291 ut
1662 1244 1812 1289 cum
1873 1221 2366 1288 Wilamowitzio
2428 1246 2831 1291 censeremus
2902 1222 3063 1291 Cad-

671 1356 857 1403 mum
902 1354 1259 1419 numquam
1307 1332 1595 1397 extitisse
1643 1330 1753 1395 sed
1800 1328 2178 1395 em'entitam
2227 1351 2362 1396 esse
2407 1330 2713 1397 fabulam.
2756 1329 3064 1399 Ceterum

672 1461 773 1506 res
809 1442 1081 1517 incerta,
1127 1444 1192 1504 et
1234 1439 1494 1502 omnino
1535 1435 1805 1502 concedo
1848 1456 2070 1501 versus
2108 1433 2265 1501 alios
2305 1434 2454 1502 illos
2492 1457 2725 1523 parum
2756 1444 3065 1517 τραγικῶς

672 1547 872 1611 dictos
925 1544 1130 1611 videri
1174 1565 1334 1629 quos
1383 1564 1462 1609 ex
1510 1539 1754 1608 Cadmo
1800 1546 2049 1607 sumtos
2095 1563 2231 1608 esse
2275 1543 2355 1607 ab
2404 1542 2815 1630 Hermogene
2864 1547 3071 1631 suspi-

671 1658 898 1718 cantur
959 1653 1085 1717 viri
1146 1650 1318 1715 docti
1381 1650 1484 1729 (fr.
1549 1650 1674 1713 inc.
1726 1646 1859 1713 930
1922 1646 2099 1727 οἴμοι,
2166 1646 2395 1727 δράκων
2460 1673 2577 1724 μου
2640 1650 2931 1728 γίγνεται
2992 1650 3063 1714 τὸ

671 1756 892 1835 ἥμισυ·
945 1758 1149 1821 τέκνον
1199 1754 1610 1833 περιπλάκηθι
1659 1756 1742 1833 τῷ
1793 1756 1985 1833 λοιπῷ
2036 1756 2273 1835 πατρί).
2333 1756 2557 1821 Manet
2600 1758 2818 1842 itaque
2863 1758 3069 1822 ambi-

668 1886 878 1951 guum
924 1869 1150 1927 utrum
1214 1859 1534 1928 Cadmum
1597 1863 1663 1925 in
1734 1858 2104 1947 catalogum
2168 1882 2435 1927 numero
2494 1860 2677 1926 LXX
2740 1883 3067 1929 assumere

669 1974 951 2057 praestet
997 1990 1078 2033 an
1125 1967 1360 2032 referre
1409 1966 1488 2031 ad
1537 1965 2019 2044 (ἐπιλεγόμενα.

768 2067 869 2144 '70‘
931 2075 1238 2139 Cadmus?

765 2184 1030 2249 Restant
1074 2181 1288 2248 Lamia
1335 2188 1400 2246 et
1445 2180 1668 2265 Scylla.
2960 2248 2965 2251 Ι

765 2291 1060 2356 Lamiam
1106 2288 1320 2354 deesse
1366 2290 1436 2353 in
1483 2288 1809 2352 Marmore
1857 2284 2104 2351 Albano
2151 2286 2506 2352 notandum
2553 2292 2649 2352 est
2694 2308 2809 2353 nec
2849 2294 3070 2353 tamen

671 2397 840 2463 illud
887 2396 1158 2461 sufficiet
1205 2395 1283 2460 ad
1325 2393 1780 2460 damnandum.
1828 2392 2088 2458 Etenim
2130 2391 2548 2458 Alcumenam
2589 2413 2841 2478 quoque
2881 2395 3073 2459 omit-

675 2508 755 2569 tit
800 2503 967 2589 lapis
1014 2501 1303 2566 Albanus
1350 2522 1546 2586 quam
1590 2500 1783 2565 habet
1828 2499 1994 2584 lapis
2035 2499 2320 2565 Pirai‘cus
2360 2506 2500 2579 (nec
2538 2503 2881 2586 quisquam
2921 2522 3067 2565 eam

673 2610 1052 2695 suspicatur
1097 2607 1394 2693 Euripidi
1457 2605 1995 2686 abiudicandam).
2061 2605 2187 2671 Sed
2251 2605 2448 2671 Varro
2496 2611 2684 2688 (teste
2732 2606 3067 2672 Lactantio

671 2717 826 2783 Inst.
874 2716 906 2782 I
957 2716 1016 2781 6.
1043 2714 1114 2796 8)
1174 2715 1454 2800 Libycae
1516 2711 1807 2797 Sibyllae
1855 2714 2225 2778 meminisse
2272 2712 2653 2798 Euripidem
2699 2714 2782 2797 in,
2814 2713 3069 2778 Lamiae

667 2823 910 2905 proloqo
957 2822 1170 2899 docet,
1222 2820 1609 2904 quibuscum
1647 2820 1945 2883 convenit
1984 2818 2181 2884 schol.
2223 2818 2390 2885 Plat.
2430 2841 2492 2905 p.
2536 2818 2726 2885 9631>
2768 2820 3067 2898 »δευτέρα

674 2928 974 3005 Λίβυσσαι
1041 2921 1103 2999 ἧς
1150 2927 1394 3001 μνήμην
1444 2925 1775 2997 ἐποιήσατο
1823 2924 2153 3003 Εὐριπίδης
2200 2925 2259 2988 ἐν
2308 2928 2392 3006 τῷ
2442 2926 2723 3007 προλόγῳ
2771 2934 2881 2999 τῆς
2934 2938 3073 2991 Λοι-

670 3033 888 3111 μίας”.
932 3070 1017 3081 —-
1063 3031 1461 3116 „Prologum
1502 3032 1712 3095 nescio
1751 3032 1933 3094 cuius
1970 3030 2221 3096 fabulae
2261 3033 2594 3110 recitasse,
2639 3054 2769 3097 non
2809 3032 3066 3098 fabulae

669 3162 901 3207 nomen
964 3139 1208 3204 dedisse
1269 3136 1589 3202 traditur'’
1656 3142 1878 3201 monet
1926 3134 2371 3202 Wilamowitz.
2422 3137 2739 3223 Equidem
2790 3137 3068 3203 dixerim

669 3247 881 3312 verbis
947 3245 1253 3323 „Lamiae
1317 3241 1705 3329 prologum’'
1768 3248 1923 3308 tunc
1985 3242 2249 3308 demum
2307 3244 2386 3308 ab
2430 3246 2777 3329 interprete
2820 3242 3067 3311 Graeco

670 3353 981 3420 Latinove
1046 3349 1432 3438 „prologum
1497 3371 1689 3436 quem
1751 3349 1918 3413 dixit
1977 3348 2245 3414 Lamia''
2310 3349 2696 3435 significari,
2752 3352 2807 3415 si
2855 3371 3065 3416 sermo

667 3461 753 3524 sit
801 3465 913 3524 aut
964 3458 1038 3523 de
1087 3457 1303 3523 fabula
1349 3457 1648 3523 omnibus
1696 3462 1852 3521 nota
1898 3454 2134 3535 (veluti
2180 3458 2323 3541 quis
2371 3456 2718 3537 Πολυδώρου
2767 3454 3061 3535 πρόλογον

667 3565 954 3630 indicans
1017 3586 1142 3629 non
1205 3569 1504 3629 vereatur
1565 3583 1643 3627 ne
1707 3584 1834 3625 non
1908 3564 2131 3626 statim
2200 3561 2467 3627 lectores
2533 3561 2918 3649 intellegant
2985 3562 3063 3628 de

669 3671 973 3737 Hecubae
1033 3671 1221 3734 initio
1285 3669 1583 3755 cogitari)
1646 3674 1759 3733 aut
1824 3667 1900 3733 de
1955 3667 2169 3733 fabula
2216 3670 2321 3733 cui
2365 3689 2634 3754 persona
2680 3690 2840 3755 quae
2888 3690 3062 3755 prae-

670 3778 844 3842 fatur
888 3797 1120 3841 nomen
1169 3774 1345 3840 dedit
1391 3772 1620 3853 (veluti
1673 3774 2105 3854 Ἀνδρομάχης
2150 3774 2496 3856 πρόλογος).
2553 3774 2817 3840 Lamiae
2858 3778 3065 3862 igitur

670 3883 978 3970 prologus
1039 3882 1134 3946 nil
1197 3883 1320 3945 nisi
1381 3879 1727 3966 prologum
1794 3900 1985 3965 quem
2047 3879 2275 3945 Lamia
2331 3881 2524 3946 habet
2569 3882 2638 3945 in
2684 3884 3065 3967 cognomine

672 3990 958 4055 dramate
1020 3988 1188 4052 mihi
1249 3985 1612 4072 significare
1676 4006 1860 4070 posse
1916 3984 2193 4053 videtur.
2260 3985 2350 4051 Ut
2403 3984 2721 4053 Cadmum
2767 3989 2859 4055 ita
2904 3987 3066 4053 addo

673 4094 963 4181 catalogo

767 4197 847 4267 '71
923 4199 1138 4262 Lamia
1155 4199 1190 4262 ,7

757 4306 1009 4371 Ultima
1070 4312 1167 4370 est
1231 4304 1451 4389 Scylla.
1523 4303 1841 4383 Quoniam
1903 4324 2061 4369 vero
2127 4310 2269 4390 post
2336 4304 2700 4371 Aristotelis
2760 4327 2893 4392 cap.
2943 4305 3065 4371 XV

666 4415 846 4477 Artis
891 4413 1186 4477 Poeticae
1236 4431 1558 4496 nusquam
1600 4412 1739 4475 eius
1779 4409 2033 4476 fabulae
2071 4432 2304 4476 nomen
2345 4414 2635 4490 recurrit,
2674 4412 2827 4478 licet
2864 4416 3068 4499 suspi-

667 4521 797 4585 cari
847 4539 990 4585 eam
1038 4517 1324 4584 fabulam
1371 4516 1820 4583 Alexandrinis
1869 4518 2269 4604 temporibus
2315 4520 2447 4584 iam
2492 4521 2829 4585 interiisse.
