3392 5384
646 392 777 459 352
1706 404 1960 453 numus.

642 579 809 645 sedit
870 574 977 643 vel
1037 576 1303 641 unicum
1367 572 1740 658 exemplum
1789 593 2013 639 versus
2059 573 2420 637 hexametri
2463 592 2504 636 a
2550 576 2856 657 quattuor
2901 573 3043 639 bre-

642 685 832 753 vibus
891 682 1259 768 incipientis
1306 681 1444 746 sive
1490 700 1524 745 e
1573 676 1837 745 Graecis
1887 680 2025 744 sive
2072 699 2105 743 e
2153 678 2402 744 Latinis
2450 677 2689 743 litteris
2736 679 3039 746 indicare.

733 791 806 856 In
874 790 1246 873 compositis
1317 792 1574 864 autem,
1643 806 1805 870 quae
1876 785 2123 850 Ennius
2188 787 2565 870 usurpavit,
2631 788 2827 851 etiam
2889 792 3043 852 sunt

643 918 919 982 quorum
980 916 1128 980 pars
1188 895 1504 979 posterior
1570 894 1989 977 participium
2054 897 2183 971 est,
2230 891 2417 957 velut
2481 892 2849 971 altitonans,
2899 894 3047 956 alti-

642 1004 869 1080 volans,
933 1000 1282 1065 velivolans.
1349 997 1801 1083 compositum
1861 1001 1956 1063 ita
2021 998 2370 1064 formatum
2422 998 2835 1081 capitinulam
2883 998 3042 1065 olim

641 1112 930 1197 primum
995 1128 1216 1174 versus
1278 1103 1659 1172 vocabulum
1733 1105 1931 1170 fuisse
2001 1107 2307 1191 suspicor,
2380 1109 2445 1170 et
2511 1103 2797 1171 Ennium
2858 1127 3041 1171 more

643 1217 1028 1293 Homolion,
1077 1217 1246 1279 sicut
1293 1220 1642 1299 perpetuus
1688 1211 1955 1277 Homeri
2002 1214 2293 1277 imitator
2341 1216 2472 1290 est,
2511 1214 2688 1277 vocis
2726 1212 3045 1299 longioris
3132 1248 3151 1253 -

644 1345 681 1389 a
744 1324 948 1388 tribus
1006 1321 1308 1387 brevibus
1355 1318 1623 1407 syllabis
1669 1321 2039 1404 incipientis
2088 1320 2367 1404 primam
2414 1318 2823 1403 produxiss03
2876 1340 3042 1384 erro-

643 1450 782 1495 rem
843 1434 1061 1493 autem
1121 1433 1340 1527 ortum
1404 1446 1538 1491 esse
1601 1447 1676 1491 ex
1743 1425 1980 1490 litteris
2040 1425 2172 1488 ibus
2234 1426 2683 1511 suprascriptis
2735 1427 2802 1490 in
2864 1426 3039 1490 hunc

645 1573 910 1640 modum
957 1517 1444 1655 capitiii‘ntantis.
1508 1570 1608 1635 Ita
1655 1571 1851 1635 etiam
1897 1572 2078 1656 origo
2127 1568 2398 1635 duarum
2441 1568 2830 1649 lectionum,
2871 1592 3037 1656 quae

641 1685 712 1747 in
773 1682 956 1746 libris
1002 1686 1186 1758 sunt,
1237 1677 1616 1764 explicatur,
1667 1676 1910 1743 scilicet
1958 1677 2251 1761 capitibus
2298 1676 2573 1741 nutantis
2620 1684 2684 1743 et
2731 1678 3036 1759 capitibus

645 1786 1018 1852 nutantibus.

1332 2224 1419 2270 AD
1463 2220 1930 2271 Amsrorfflms
1976 2220 2124 2269 ΒΑΝ.
2179 2202 2374 2269 1196.

740 2389 813 2455 In
851 2396 1036 2457 textu
1075 2388 1442 2455 fabularum
1484 2389 2132 2475 Aristophanearum,
2174 2393 2249 2452 ut
2289 2386 2479 2466 alibi,
2522 2390 2752 2453 erroris
2778 2410 3039 2456 causam

649 2494 973 2563 interdum
1035 2498 1232 2562 fuisse
1295 2499 1560 2583 signum
1623 2520 1681 2573 ς,
1748 2517 1873 2580 quo
1939 2500 2003 2559 et
2066 2496 2141 2565 ὥς
2206 2500 2271 2559 et
2317 2495 2424 2558 nal
2469 2498 2685 2580 potuit
2730 2496 3039 2576 indicari,

649 2608 918 2671 minime
980 2609 1077 2669 est
1142 2606 1418 2680 mirum,
1469 2608 1532 2666 et
1577 2601 1983 2667 luculentum
2032 2600 2401 2687 exemplum
2449 2602 2897 2668 huiuscemodi
2943 2606 3041 2669 vi-

647 2716 891 2777 tiorum
939 2711 1196 2796 praebet
1245 2710 1637 2796 Lysistratae
1681 2729 1904 2772 versus
1945 2706 2139 2785 1148,
2186 2708 2298 2771 ubi
2338 2707 2503 2772 Laco
2544 2708 3041 2774 admirationem

652 2802 901 2905 puellae
949 2821 1258 2882 venustae
1307 2817 1590 2899 apertius
1641 2834 1835 2897 quam
1881 2814 2213 2877 honestius
2262 2813 2629 2899 significans

1499 2922 1524 2985 ὃ
1574 2920 1841 2999 πρῶκτος
1894 2917 2141 2999 ἄφατος
2190 2922 2250 2989 e*
2302 2920 2493 2992 καλός

651 3037 774 3108 ait,
841 3033 975 3096 sive
1039 3028 1373 3114 ineffabilis
1420 3034 1477 3091 et
1516 3028 1727 3109 pulcer
1774 3033 1859 3090 est
1910 3064 1993 3075 ——-
2042 3029 2097 3091 si
2143 3026 2463 3092 credimus
2513 3030 2699 3092 unico
2748 3029 2901 3092 testi
2946 3050 3047 3094 co-

652 3138 778 3202 dici
838 3136 1210 3201 Ravennati.
1251 3134 1414 3200 ‘Non
1462 3133 1728 3200 credidit
1775 3133 2070 3219 Bentley,
2120 3133 2228 3198 sed
2274 3136 2559 3199 restituit
2605 3134 2674 3199 id
2723 3135 2894 3219 quod
2938 3134 3045 3200 de-

653 3243 830 3309 derat
875 3246 1095 3329 poeta:

1840 3344 2089 3429 ἄφικτον
2140 3348 2217 3417 ὥς
2267 3346 2492 3427 καλός,

653 3456 864 3521 mirum
911 3478 1084 3542 quam
1116 3456 1355 3539 pulcer.

741 3564 1162 3650 Inspiciamus
1207 3583 1376 3626 nunc
1424 3561 1748 3625 Ranarum
1796 3559 2044 3637 locum,
2094 3560 2207 3625 ubi
2252 3559 2610 3646 Aeschylus
2656 3561 3033 3647 Euripidem

649 3670 909 3748 irridet,
961 3671 1072 3754 qui
1119 3666 1437 3753 Oedipum
1472 3667 1727 3752 felicem
1775 3666 2117 3751 aliquando
2164 3666 2361 3731 fuisse
2409 3668 2837 3751 perhibuerit:

1015 3777 1142 3845 πῶς
1192 3774 1355 3853 *γαίῃ
1405 3771 1508 3837 ὅτε
1558 3772 1626 3847 δὴ
1677 3774 1905 3851 πρῶτον
1954 3773 2067 3849 μὲν
2116 3772 2303 3837 αὐτὸν
2350 3773 2675 3850 γενόμενον

1013 3882 1317 3959 χειμῶνος
1367 3878 1532 3951 ὄντος
1583 3877 1864 3955 ἐξέθεσαν
1915 3880 1973 3943 ἐν
2023 3878 2330 3959 ὀστράκῳ,

1017 3985 1114 4052 ἵνα
1164 3988 1251 4064 μὴ
1303 3985 1630 4067 ἐκτραφεὶς
1682 3985 1919 4064 γένοιτο
1970 3989 2076 4050 τοῦ
2127 3988 2357 4064 πατρὸς
2404 3984 2660 4065 φονεύς·

1017 4090 1121 4159 εἶθ’
1168 4097 1244 4165 ὣς
1294 4092 1575 4169 Πόλυβον
1627 4092 1872 4172 ἤρρησεν
1925 4093 2087 4157 οἰδῶν
2134 4092 2215 4156 τὼ
2266 4092 2447 4157 πόδε·

1021 4198 1238 4265 ἔπειτα
1287 4203 1482 4281 γραῦν
1529 4198 1785 4280 ἔγημεν,
1838 4199 2025 4271 αὐτὸς
2076 4198 2151 4264 ὢν
2200 4198 2360 4278 νέος,

1017 4308 1123 4373 καὶ
1176 4305 1318 4386 πρός
1367 4330 1446 4384 γε
1496 4305 1731 4377 τούτοις
1784 4309 1891 4381 τὴν
1944 4306 2163 4370 ἑαυτοῦ
2211 4305 2486 4387 μητέρα·

1017 4410 1132 4505 εἶτ’
1183 4412 1608 4493 ἐξετύφλωσεν
1660 4411 1867 4479 αὐτόν.
1916 4412 2223 4489 εὐδαίμων
2270 4410 2364 4493 ἄρ’
2417 4409 2531 4486 ἦν]

656 4521 813 4603 „Ille
874 4521 1101 4600 homo,
1165 4523 1277 4605 qui
1332 4520 1539 4585 infans
1587 4542 1701 4605 per
1747 4521 1954 4607 frigus
2012 4519 2287 4585 hiemale
2334 4523 2430 4585 est
2476 4520 2841 4606 expositus,
2892 4519 3033 4585 dein
