3392 5384
1308 504 1315 513 ⁰
1397 430 1761 481 Pnooorms.
2646 412 2774 478 331

392 597 497 663 καὶ
563 600 597 673 ἥ
662 597 926 671 σύνοικος
974 598 1040 663 ἐκ
1089 600 1196 663 τοῦ
1245 597 1346 662 ἐπὶ
1400 595 2376 677 πλεῖστον’διαλαγχοὶνειν
2423 595 2537 672 μὲν
2583 596 2779 672 ἄλλη-

386 719 511 771 λοιν
569 706 685 771 τῶν
750 703 1196 785 διαφερομένων
1261 704 1668 782 ἐσκήπτοντο,
1728 704 1896 769 ἐνίκα
1944 703 2007 768 δὲ
2056 703 2141 766 τοὶ
2190 703 2249 774 ἕν
2298 703 2513 782 σφίσιν
2560 703 2771 775 αὐτοῖς

387 814 534 891 ὑπὲρ
583 812 812 877 τούτων
873 811 1274 890 ξυγκείμενα,
1329 811 1404 877 de
1451 810 1628 896 quali
1679 811 2016 877 amborum
2063 808 2477 875 simulatione
2523 812 2777 896 saepius

389 919 742 1004 Procopius
792 920 1102 1004 queritur.

482 1025 730 1090 Locum
777 1030 1150 1110 corruptum
1198 1046 1320 1090 non
1369 1028 1666 1109 persanat
1716 1022 1967 1089 Reiskii
2024 1025 2387 1089 coniectura
2448 1025 2785 1089 inserentis

391 1130 536 1210 ὑπέρ
580 1136 727 1196 ante
767 1136 882 1195 τῶν
925 1129 1392 1210 διαφερομένων,
1435 1152 1758 1215 nusquam
1798 1130 2025 1196 saltem
2066 1131 2530 1212 διαλαγχάνειν
2557 1131 2786 1214 discep-

387 1238 566 1302 tandi
626 1258 816 1304 sensu
879 1237 1012 1303 vidi
1056 1243 1465 1324 usurpatum.
1513 1236 1672 1303 Vide
1723 1258 1803 1301 an
1853 1236 2261 1302 scribendum
2310 1239 2395 1302 sit
2442 1237 2784 1312 maaca-u.

389 1344 680 1423 βάνειν
742 1344 1168 1428 (considerare)
1229 1344 1343 1423 μὲν
1395 1340 1552 1434 <ἕν>
1603 1346 1905 1419 ἀλλήλοιν
1956 1341 2177 1430 (ozam)
2248 1343 2357 1411 vel
2415 1344 2597 1434 περὶ>
2664 1350 2782 1409 τῶν

392 1451 840 1533 διαφερομένων
889 1451 1018 1517 κτὲ.

479 1654 630 1743 Cap.
681 1656 830 1721 XIV
876 1658 911 1741 ξ
936 1654 1044 1721 22.
1110 1654 1390 1720 κλέπτων
1451 1656 1577 1735 γὰρ
1644 1654 1741 1720 ἀεὶ
1807 1656 1909 1735 ἐφ’
1979 1653 2243 1737 ἑκάτερα
2288 1661 2403 1719 τῶν
2454 1655 2554 1718 ἐπ’
2602 1655 2770 1734 αὐτῷ

390 1789 436 1828 π
455 1788 485 1843 ρ
503 1787 530 1828 ο
548 1788 584 1827 σ
603 1788 640 1826 τ
657 1788 685 1827 ε
704 1764 732 1827 θ
753 1788 793 1827 α
812 1780 936 1845 ρρη
957 1788 993 1827 κ
1013 1762 1100 1847 ότ
1115 1788 1158 1827 ω
1177 1786 1205 1825 ν
1267 1763 1580 1840 ὀλιγωρεῖν
1645 1786 1715 1828 τε
1778 1761 1881 1826 καὶ
1948 1762 2063 1827 ἀπ’
2114 1762 2414 1833 ἐπαντΙας
2479 1760 2630 1826 ἱέναι
2682 1762 2773 1825 οὐ·

387 1870 560 1946 δαμῆ
625 1869 928 1950 αἰσχύνην
992 1867 1348 1934 ὑπώπτευεν
1409 1864 1588 1934 εἶναι.
1652 1868 1933 1955 Requiro
1980 1893 2030 1934 π
2048 1894 2077 1950 ρ
2094 1894 2120 1935 ο
2141 1893 2178 1933 τ
2198 1894 2224 1934 ε
2244 1871 2272 1934 θ
2292 1894 2332 1933 α
2352 1892 2383 1949 ρ
2400 1893 2429 1949 ρ
2448 1895 2481 1944 η
2500 1892 2537 1933 κ
2555 1866 2586 1932 ό
2604 1892 2641 1931 τ
2660 1893 2702 1931 ω
2722 1891 2771 1935 ν.

387 1976 751 2061 Utrumque
799 1978 1228 2062 compositum
1274 1975 1453 2042 abest
1499 1996 1536 2041 a
1582 1975 1827 2042 lexicis.

481 2194 634 2281 Gap.
683 2197 804 2263 XV
851 2195 1021 2281 §2L
1086 2196 1471 2274 ἐγκλήματα
1538 2220 1608 2260 τε
1674 2197 1925 2272 ἠκούετο
1992 2199 2218 2271 πλῆθος
2271 2196 2374 2261 καὶ
2425 2196 2779 2261 καταλύ-

386 2327 577 2375 σεως
621 2304 754 2382 πέρι
794 2310 910 2367 τῶν
953 2303 1362 2377 κατηκόων
1407 2303 1749 2385 [ληΐζεσθαι
1787 2302 1910 2369 del.
1944 2302 2367 2387 Alemannus]
2394 2304 2774 2379 δικαστήριον

387 2404 474 2483 ἦν.
542 2410 746 2475 Probe
807 2409 1192 2495 intellegens
1255 2431 1443 2490 sensu
1504 2430 1679 2475 cassa
1741 2430 1874 2475 esse
1938 2410 2131 2476 verba
2196 2410 2601 2481 καταλύσεως
2654 2416 2769 2474 τῶν

386 2516 697 2591 κατηκόων
762 2520 1218 2603 sagacissimus
1272 2517 1496 2595 editor,
1545 2516 1741 2584 solito
1788 2520 2003 2583 minus
2050 2516 2203 2582 felix
2251 2518 2377 2583 fuit
2423 2539 2536 2606 pro
2583 2535 2771 2591 κατη-

387 2624 532 2689 κόων
599 2627 752 2690 satis
814 2624 1126 2690 violenter
1185 2626 1254 2689 in
1317 2628 1502 2689 textu
1565 2624 1642 2689 de
1689 2646 1805 2690 suo
1862 2644 2171 2710 reponens
2218 2628 2765 2690 καθεστώτων.

383 2732 524 2796 Non
570 2733 741 2796 enim
789 2734 899 2817 agi
946 2732 1009 2796 h.
1035 2731 1081 2796 l.
1131 2731 1208 2797 de
1256 2732 1633 2796 subversione
1677 2731 1770 2795 rei
1803 2732 2124 2827 publicae,
2158 2732 2266 2798 sed
2317 2732 2393 2797 de
2432 2731 2769 2815 direptione

380 2832 746 2918 subditorum
793 2839 1034 2925 (itaque
1081 2838 1157 2904 de
1203 2838 1461 2904 iudiciis
1509 2838 1585 2904 de
1643 2839 2041 2922 repetundie),
2097 2841 2252 2904 satis
2304 2841 2435 2904 iam
2492 2837 2771 2903 declarat

380 2944 704 3029 glossema
743 2944 1082 3026 ληΐζεσθαι,
1122 2946 1291 3011 unde
1331 2945 1691 3011 luculenter
1730 2952 1993 3032 apparet
2031 2946 2343 3032 Procopio
2376 2945 2770 3011 reddendum

386 3069 551 3116 esse:
601 3050 1178 3125 καταληΐσεως
1229 3050 1360 3132 πέρι
1409 3056 1528 3116 τῶν
1576 3051 1911 3131 κατηκόων,
1963 3052 2039 3117 de
2085 3074 2209 3137 quo
2259 3050 2493 3117 scelere
2532 3054 2771 3136 passim

382 3178 591 3222 sermo
651 3156 726 3221 fit
782 3158 849 3220 in
913 3157 1276 3222 Anecdotis.
1341 3158 1435 3223 Ne
1499 3158 1576 3223 de
1641 3161 2016 3243 composito,
2084 3179 2210 3244 quo
2270 3158 2475 3223 lexica
2523 3163 2770 3236 carent,

383 3264 672 3342 dubites,
724 3262 1040 3328 suffecerit
1086 3262 1346 3327 laudare
1394 3266 1612 3347 ipsum
1653 3263 2037 3348 Procopium
2079 3285 2213 3347 cap.
2258 3263 2339 3327 21
2384 3263 2528 3348 §21
2572 3266 2776 3339 μισθο-

381 3369 564 3449 Φόρος
612 3368 853 3445 ἐξουσία
884 3366 1681 3447 -καταληῖζομένη
1734 3369 1873 3440 τοὺς
1920 3368 2235 3441 ὑπηκόους.
2286 3370 2514 3433 Aetate
2554 3374 2772 3433 autem

383 3477 741 3564 Byzantina
786 3482 1134 3561 utrumque
1180 3472 1572 3539 vocabulum
1617 3473 1794 3539 idem
1840 3475 1969 3539 fere
2018 3474 2296 3540 sonebat.

476 3695 630 3780 Cap.
679 3693 862 3759 XVII
911 3692 1077 3778 §16.
1144 3692 1466 3774 ἐτύγχανε
1529 3694 1591 3759 δὲ
1653 3693 2039 3774 (Theodora)
2104 3693 2249 3761 ὑπό
2310 3718 2415 3760 του
2474 3694 2761 3769 κυήσασα

384 3809 499 3865 τῶν
549 3804 838 3878 ἐραστῶν.
885 3800 1057 3865 Fieri
1103 3804 1310 3886 potest
1356 3804 1432 3864 ut
1478 3804 1646 3865 recte
1686 3800 1917 3866 habeat
1953 3801 2102 3879 ὑπό,
2144 3804 2439 3887 quamvis
2479 3800 2772 3887 expectes

385 3910 598 3993 potius
661 3906 853 3985 οὶπό,
918 3912 994 3971 ut
1054 3903 1302 3972 veteres
1368 3906 1575 3973 dicere
1640 3906 1853 3977 solent.
1900 3917 2065 3973 κυεῖν
2114 3906 2181 3973 ἔκ
2229 3932 2407 3981 τινος.
2456 3906 2644 3973 Nihil
2690 3910 2777 3973 af-

381 4012 587 4076 firmo.
638 4048 722 4060 —
770 4010 1018 4077 Ibidem
1065 4011 1212 4097 §30
1262 4011 1498 4077 melius
1538 4012 1746 4078 editor
1786 4013 1909 4078 sibi
1950 4016 2363 4091 constitisset,
2405 4016 2461 4078 si
2500 4019 2578 4077 ut
2616 4012 2773 4078 alibi

382 4122 551 4184 recte
613 4118 814 4183 facere
878 4116 1040 4183 solet
1087 4140 1120 4183 e
1170 4117 1357 4184 libris
1404 4121 1764 4203 scripsisset
1811 4116 1966 4184 ἄπο
2015 4124 2155 4205 (pro
2202 4120 2357 4201 ἀπὸ)
2401 4123 2508 4184 τοῦ
2557 4120 2769 4198 ἅνθρω-

378 4226 549 4288 πείου
597 4222 839 4303 τρόπου.
896 4260 980 4272 -
1030 4222 1176 4309 §27
1229 4225 1400 4289 haud
1450 4225 1642 4289 dubie
1694 4244 1844 4290 vera
1893 4230 1991 4291 est
2039 4225 2287 4292 Reiskii
2330 4228 2633 4291 correctio
2679 4228 2766 4304 μη

375 4331 564 4401 καλὸς
633 4330 998 4406 κάγαθός
1060 4336 1199 4416 (pro
1248 4331 1281 4405 ἢ
1333 4330 1671 4412 ἀγαθός)
1721 4356 1811 4402 τις
1864 4332 1891 4396 ό
1941 4336 2009 4396 τὸ
2063 4331 2313 4408 ἀξίωμα
2363 4337 2588 4407 μετιὼν
2641 4330 2754 4406 εἴη.

374 4437 536 4503 'Pam
598 4437 754 4503 haec
815 4458 1008 4523 quam
1065 4436 1225 4503 aliae
1273 4437 1586 4522 quaedam
1631 4440 1878 4503 summi
1925 4440 2132 4504 critici
2180 4438 2652 4504 emendationes
2697 4442 2765 4503 in

351 4548 542 4613 -notis
603 4551 1140 4613 commemoratae
1203 4544 1436 4630 dignae
1496 4545 1748 4611 fuerant
1810 4566 1971 4631 quae
2032 4548 2102 4610 in
2146 4568 2314 4613 novo
2361 4549 2545 4616 textu
2592 4545 2761 4633 lege·
