3392 5384
1274 1031 1423 1120 AD
1480 1032 1852 1124 PHO'I'II
1909 1033 2394 1123 LEXICON.

1710 1269 1960 1311 scnwsrr

1376 1457 1435 1523 J.
1486 1456 1663 1522 VAN
1707 1457 2141 1524 LEEUWEN
2184 1457 2306 1524 JJ.

1525 1767 1533 1774 '
1640 1766 2033 1804 m

1883 2020 2016 2098 ·Der
2063 2019 2264 2084 Anfanq
2305 2021 2392 2069 dee
2436 2020 2671 2069 Les-ibon
2701 2021 2787 2069 des
2823 2020 3038 2079 Pharios,

1843 2099 2222 2166 beransgegeb‘en
2257 2117 2349 2152 von
2385 2103 2443 2151 R..
2481 2102 2822 2151 Reitzenstein.

1913 2182 2147 2244 Teubner,
2183 2184 2378 2250 Leipzig
2411 2185 2508 2234 und
2546 2184 2714 2234 Berlin
2751 2183 2896 2238 1907.

736 2376 936 2444 Grato
985 2379 1201 2442 animo
1249 2396 1453 2462 nuper
1492 2378 1856 2461 accepimus
1896 2374 2210 2463 philologi
2247 2398 2484 2444 novam
2522 2382 2774 2462 partem
2810 2377 3040 2442 Photii

640 2485 832 2550 lexici
880 2484 957 2549 ab
1004 2482 1494 2548 Reitzen'steinio
1537 2484 1631 2546 ita
1678 2487 1750 2546 ut
1797 2504 1834 2548 a
1880 2483 2018 2547 viro
2065 2482 2501 2548 eruditissimo
2547 2484 2905 2569 harumque
2944 2506 3040 2548 re-

642 2612 790 2655 rum
836 2591 1226 2675 peritissimo
1272 2589 1595 2673 expectari
1643 2592 1922 2672 poterat,
1963 2587 2029 2652 i'd
2066 2594 2164 2653 est
2208 2591 2450 2674 optime
2491 2588 2752 2654 editam.
2816 2588 3038 2654 Multa

641 2697 1002 2783 fragmenta
1062 2701 1397 2781 poet-arum
1460 2696 1884 2772 comicorum,
1948 2715 2068 2759 non
2136 2716 2334 2779 panca
2397 2698 2828 2782 tragicorum,
2877 2718 3036 2761 non-

643 2801 821 2868 nulla
865 2801 1137 2868 aliorum
1187 2808 1521 2886 poetarum
1569 2806 1634 2865 et
1680 2803 2071 2886 scriptorum
2118 2801 2510 2886 pedestrium
2558 2804 2705 2868 hinc
2742 2804 3035 2888 primum

642 2911 1093 2986 innotuerunt3
1143 2928 1417 2992 quorum
1464 2905 1623 2985 alia,
1672 2912 1746 2971 ut
1793 2907 1896 2985 fit,
1946 2909 2212 2972 minoris
2257 2916 2407 2973 sunt
2452 2910 2680 2994 pretii,
2733 2907 2858 2974 alia
2903 2929 3039 2974 ma-

580 3073 587 3082 .
640 3016 814 3080 ioris.
882 3013 1075 3080 Brevi
1136 3009 1356 3079 auteni
1417 3015 1831 3079 annotatione
1895 3019 1956 3078 et
2006 3012 2488 3101 prolegomenis
2535 3016 2880 3080 uberrimis
2927 3015 3038 3080 ad-

640 3121 825 3202 iectis
880 3119 1088 3185 editor
1135 3139 1393 3204 operam
1442 3118 1618 3185 dedit
1662 3123 1741 3184 ut
1787 3141 1903 3185 suo
1952 3122 2159 3205 pretio
2204 3123 2424 3185 statim
2475 3120 2732 3207 singula
2778 3127 3040 3207 possent

641 3229 964 3293 aestimari
1029 3248 1065 3292 a
1133 3226 1519 3313 legentibus.
1584 3224 1709 3294 Oui
1775 3229 1970 3292 etiam
2037 3234 2297 3312 propter
2360 3227 2427 3292 id
2487 3228 2654 3313 quod
2717 3251 2834 3292 non
2879 3229 3035 3293 fecit

644 3333 927 3420 agendae
976 3337 1128 3399 sunt
1174 3337 1419 3422 gratem
1471 3353 1616 3399 nam
1667 3332 1882 3398 noluit
1928 3353 2079 3398 suae
2125 3336 2329 3419 ipsius
2373 3334 2581 3399 famae
2619 3336 3036 3419 potissimum

642 3437 977 3505 consulens
1025 3440 1177 3504 huic
1221 3441 1520 3504 thesauro
1562 3461 1676 3524 per
1714 3438 1987 3525 longum
2026 3442 2334 3525 temporis
2372 3441 2657 3528 spatium
2692 3441 3033 3520 incubare,

645 3543 753 3610 sed
815 3547 881 3610 in
945 3566 1354 3610 communem
1417 3566 1609 3610 usum
1644 3531 1968 3612 'omnium
2031 3545 2404 3625 hominum,
2478 3547 2714 3632 quibus
2780 3545 3032 3612 litterae

650 3649 925 3718 Graecae
985 3650 1155 3716 cordi
1218 3658 1403 3729 sunt,
1470 3672 1663 3738 quam
1712 3654 2000 3737 primum
2049 3673 2196 3717 eum
2248 3655 2614 3738 proposuit,
2663 3659 2778 3718 τῶν
2828 3653 3032 3734 φίλων

648 3756 862 3822 πάντα
926 3759 1091 3822 κοινὰ
1153 3779 1283 3822 non
1346 3756 1610 3823 dicenda
1664 3762 1920 3823 tantum
1981 3763 2160 3823 ratus
2208 3759 2318 3823 sed
2363 3765 2427 3824 et
2473 3758 2774 3824 facienda.
2841 3757 3034 3826 Com-

647 3863 859 3950 plures
919 3863 1392 3929 emendationes
1446 3866 1671 3928 statim
1716 3870 1864 3949 post
1908 3863 2149 3929 librum
2197 3864 2581 3950 evulgatum
2630 3863 2854 3930 attulit
2899 3865 3037 3930 Wi-

643 3971 1072 4036 lamowit-zius
1104 3968 1170 4052 ¹),
1210 3972 1518 4056 proximis
1564 3970 1790 4036 diebus
1834 3969 1960 4036 alia
2007 3974 2282 4036 correxit
2325 3971 2456 4037 Leo
2483 3971 2558 4051 ²),
2607 3993 2719 4038 nec
2761 3972 3034 4038 dubium

646 4079 799 4162 quin
862 4075 985 4142 alia
1044 4078 1113 4142 in
1171 4079 1501 4165 integrum
1567 4079 1934 4142 restituturi
1979 4079 2110 4142 sint
2157 4077 2290 4143 alii.
2354 4076 2673 4163 Equidem
2721 4098 2881 4163 quae
2929 4078 3036 4145 de-

648 4182 961 4270 prehendi
1021 4204 1225 4270 neque
1291 4183 1497 4248 multa
1560 4190 1712 4249 sunt
1782 4205 1986 4269 neque
2059 4186 2283 4270 magni
2350 4187 2698 4263 momenti,
2769 4185 3036 4252 fortasse

716 4457 769 4519 1)
803 4455 1237 4520 Sitzungsberichte
1269 4458 1352 4506 der
1389 4456 1498 4506 lton.
1534 4471 1713 4519 preuss.
1750 4455 1899 4506 Aksd.
1937 4456 1982 4505 d.
2023 4455 2079 4502 W
2101 4493 2116 4518 ,
2153 4457 2216 4504 10
2249 4455 2360 4508 Jan.
2397 4454 2544 4512 1⁹07.

714 4540 767 4602 2)
806 4539 1026 4600 Hermes,
1060 4537 1195 4590 Febr.
1230 4538 1376 4592 1907.
