3392 5384
673 364 763 430 48
1677 381 2022 430 nominos.

674 549 931 612 iuvenis
976 546 1372 632 fortissimus·
1413 546 1550 612 fieri
1591 546 1659 610 id
1706 549 1981 612 strenuis
2027 547 2238 612 verbis
2285 549 2530 626 vetuit,
2577 547 2655 614 ad
2702 550 2875 615 hunc
2919 572 3072 616 con-

675 673 897 718 versus
943 651 1180 717 Nestor
1221 650 1356 717 leni
1401 654 1722 718 oratione:

949 757 1062 836 »οὔ
1110 758 1206 829 τίς
1255 781 1345 822 τοι
1393 757 1492 822 τὸν
1541 759 1728 834 μῦθον
1776 757 2126 835 ὀνόσσεται,
2175 753 2338 822 ὅσσοι
2389 759 2677 838 Ἀχαιοί,

949 863 1076 929 οὐδὲ
1135 862 1326 928 πάλιν
1375 865 1584 943 εερέει·
1637 863 1800 941 ατὰρ
1846 865 1911 928 οὐ
1960 863 2136 935 τέλος
2181 861 2305 929 ἵκεο
2353 865 2576 942 μύθων.

950 967 984 1044 ἦ
1035 972 1148 1046 μὲν
1199 969 1299 1066 κάὶ
1351 971 1473 1043 νέος
1523 971 1692 1048 ἔσο-ι’,
1745 969 1890 1045 ἐμὸς
1937 968 2000 1033 δέ
2050 994 2117 1034 κε
2164 969 2267 1036 καὶ
2319 970 2475 1042 πάϊς
2524 969 2649 1045 εἴης

949 1076 1301 1148 ὁπλότατος
1349 1083 1677 1154 γενεῆφιν·
1731 1076 1893 1154 ἆταρ
1943 1077 2304 1152 πεπνυμένα
2352 1076 2573 1157 βάζεις

949 1182 1252 1262 Ἀργεΐων
1296 1183 1662 1259 βασιλῆας,
1715 1182 1845 1245 ἐπεὶ
1896 1182 2062 1246 κατα
2112 1189 2327 1260 μοῖραν
2368 1180 2613 1255 ἓεειπες.

775 1286 862 1352 60
957 1289 1104 1350 ἀλλ’
1155 1285 1269 1364 ἄγ’
1318 1288 1498 1366 ἐγών,
1547 1282 1610 1358 ὃς
1660 1294 1783 1350 σεῖο
1831 1288 2183 1365 γεραίτερος
2230 1287 2504 1368 εὔχομαι
2552 1282 2743 1364 εἶναι,

951 1393 1197 1457 ε’κνείπω
1247 1394 1351 1457 καὶ
1403 1393 1616 1457 πάντα
1663 1391 1978 1469 διίξομαι”
2012 1392 2057 1474 ¹)
2108 1429 2194 1442 —-

679 1505 743 1563 et
794 1503 1017 1563 auctor
1069 1501 1289 1562 extitit
1334 1505 1410 1562 ut
1456 1498 1658 1585 legati
1703 1501 2118 1563 mitterentur
2165 1499 2242 1563 ad
2290 1498 2679 1564 exorandum
2726 1497 3073 1564 Achillem.

767 1604 1007 1668 Primis
1063 1609 1280 1668 autem
1330 1606 1502 1670 vitae
1549 1606 1732 1669 annis
1778 1625 1939 1689 quae
1985 1604 2392 1688 adspeximus
2439 1610 2505 1669 et
2548 1607 2796 1691 experti
2842 1625 3071 1669 sumus

677 1713 982 1795 quoniam
1033 1712 1277 1774 maiora
1321 1710 1643 1795 pulcriora
1689 1710 1975 1775 dulciora
2020 1731 2215 1795 quam
2254 1731 2415 1795 quae
2454 1716 2627 1776 aetas
2667 1709 2893 1775 attulit
2932 1731 3071 1794 pro-

678 1819 917 1881 vectior
982 1817 1308 1882 obversari
1369 1815 1575 1881 solent
1637 1819 1985 1882 memoriae
2049 1816 2415 1881 adultorum
2438 1865 2453 1894 ,
2502 1816 2639 1881 fieri
2686 1837 2807 1881 non
2857 1819 3074 1900 potest

679 1924 833 2006 quin
895 1921 1257 1986 laudatores
1318 1924 1625 2006 temporis
1690 1944 1757 1987 se
1817 1924 2035 2007 pueris
2082 1925 2208 1986 acti
2255 1922 2410 1987 fiant
2458 1939 2674 1986 senes:
2725 1959 2809 1970 —
2863 1921 3069 1985 factus

682 2032 779 2090 est
824 2028 1021 2090 etiam
1069 2027 1324 2103 Nestor,
1372 2030 1484 2112 qui
1531 2049 1630 2092 res
1677 2029 1758 2093 ab
1804 2026 2177 2112 aequalibus
2224 2030 2357 2092 suis
2406 2035 2559 2092 tunc
2606 2048 2752 2092 cum
2801 2029 2942 2113 ipse
2980 2039 3074 2091 es-
3096 2050 3111 2062 ·

681 2138 778 2197 set
846 2135 1096 2198 iuvenis
1163 2139 1382 2218 gestas
1448 2131 1873 2198 libentissime
1944 2133 2106 2198 solet
2168 2154 2479 2211 enarrare,
2546 2134 2689 2204 τοὺς
2754 2133 3068 2212 προτέρους

682 2239 937 2309 ἐκείνους
985 2239 1442 2324 posterioribus
1490 2241 1628 2305 sive
1674 2245 1887 2324 patres
1934 2239 2083 2304 filiis
2130 2259 2482 2324 proponens
2522 2237 2814 2325 exempla
2852 2240 2965 2303 vix
3004 2242 3071 2303 et

681 2366 759 2409 ne
821 2347 930 2408 vix
997 2344 1256 2428 quidem
1304 2347 1442 2430 ipso
1490 2345 1701 2410 iudice
1746 2344 2151 2429 assequenda.
2218 2344 2424 2409 Aliter
2469 2347 2776 2409 nimirum
2828 2343 3071 2408 iudicat

681 2455 853 2514 aetas
899 2453 1233 2527 maturior,
1284 2451 1471 2516 aliter
1518 2454 1858 2530 recentior3
1917 2472 2064 2515 nam
2111 2449 2455 2515 Sthenelus
2494 2448 2853 2515 adolescens
2892 2450 3071 2513 ferox

681 2561 940 2641 patrum
986 2554 1151 2648 illas,
1178 2555 1395 2622 laudes
1441 2559 1855 2642 impatienter
1902 2556 2109 2620 ferens
2158 2577 2399 2641 suoque
2445 2556 2669 2621 robore
2717 2555 2987 2620 confisus

955 2657 1106 2738 ἦμές
1154 2685 1241 2726 τοι
1293 2662 1567 2740 πατέρων
1613 2662 1765 2738 μέγ’
1814 2662 2125 2736 ἀμείνονες
2176 2662 2464 2741 εὐχόμεθ’
2512 2658 2747 2726 εἶναιΙ”

687 2764 1114 2847 exclamat,⁹)
1166 2803 1251 2815 —-
1298 2789 1412 2832 nec
1475 2768 1784 2845 dubium,
1846 2773 1921 2832 ut
1984 2775 2135 2834 sunt
2197 2769 2487 2833 homines
2535 2773 2726 2853 atque
2773 2767 3071 2844 fuerunt,

685 2874 840 2955 quin
890 2871 1084 2935 multi
1132 2893 1281 2937 cum
1326 2871 1442 2937 illo
1491 2873 1566 2937 de
1612 2879 1952 2959 parentum
1999 2878 2206 2938 aetate
2253 2876 2342 2938 sic
2387 2872 2812 2937 iudicaverint
2838 2870 2910 2952 3).

775 2976 884 3041 Illi
943 2983 1162 3042 autem
1223 2976 1530 3057 πρότεροι,
1598 3000 1893 3066 quorum·
1923 2978 2041 3043 filii
2094 2979 2331 3044 bellum
2381 2999 2634 3065 gessere
2682 2976 3071 3052 Troianum,

692 3084 803 3167 qui
866 3081 1168 3148 fuerunt?
1237 3083 1441 3149 Fuere
1502 3083 1735 3150 Peleus
1797 3091 1861 3150 et
1923 3084 2315 3163 Menoetius,
2381 3083 2639 3170 Tydeus
2688 3089 2753 3148 et
2799 3084 3073 3158 Atreus,

756 3342 808 3405 1)
846 3340 1049 3392 Versum
1099 3341 1162 3390 59
1211 3356 1298 3389 suo
1342 3340 1449 3390 iure
1493 3341 1679 3391 notavit
1726 3341 1921 3405 Heyne5
1954 3340 2100 3390 etiam
2136 3355 2299 3391 versus
2335 3343 2397 3389 58
2434 3355 2495 3389 an
2530 3340 2779 3405 postmodo
2813 3339 2963 3388 tuerit
2998 3339 3079 3387 ad·

683 3421 834 3472 iectus
875 3422 1040 3473 dubito
1081 3423 1314 3487 equidem.
1363 3424 1454 3473 Sed
1495 3424 1579 3487 qui
1626 3439 1791 3473 versus
1837 3423 2031 3476 57-59
2066 3422 2320 3474 damnabat
2356 3423 2543 3487 Knight
2576 3438 2683 3472 cum
2718 3421 2884 3471 balneo
2919 3447 2984 3458 —-
3022 3421 3079 3470 nt

685 3503 832 3553 vicini
866 3505 1017 3553 nostri
1053 3504 1190 3553 aiunt
1223 3533 1290 3542 —
1325 3504 1484 3569 ipsum
1520 3521 1722 3570 puerum
1758 3504 1879 3554 abici
1912 3505 2065 3555 iussit.

755 3583 814 3648 2)
869 3589 911 3631 Δ
942 3583 1057 3634 405.
1113 3584 1252 3645 Quae
1295 3585 1406 3634 licet
1455 3601 1550 3635 non
1571 3597 1576 3600 ·
1597 3587 1656 3636 ad
1699 3588 1954 3636 Nestorem
2004 3588 2084 3635 sed
2120 3588 2177 3635 ad
2215 3587 2601 3650 Aqamemnonem
2636 3585 2875 3643 dicantur,
2909 3586 3075 3632 nostro

684 3669 846 3715 tamen
878 3666 985 3715 iure
1019 3665 1108 3715 hoc
1142 3682 1278 3716 versu
1316 3682 1439 3716 nunc
1474 3667 1673 3716 utimur.

758 3748 813 3813 3)
859 3747 929 3796 Ex
976 3747 1052 3796 his
1098 3763 1218 3812 quae
1264 3749 1503 3814 disputavi
1549 3753 1747 3815 apparet
1788 3753 2019 3814 quatenus
2053 3750 2175 3799 mihi
2209 3749 2459 3799 conveniat
2492 3764 2601 3799 cum
2641 3747 2988 3798 Weizsaeckero
3026 3745 3078 3794 in

690 3830 922 3880 Roscheri
970 3830 1142 3880 Loxico
1192 3830 1522 3896 Mythologico
1565 3831 1633 3880 sic
1676 3832 1931 3881 statuentiz
1986 3847 2125 3882 ‚man
2168 3831 2414 3880 bekommt
2454 3832 2548 3880 den
2583 3830 2826 3880 Eindruck
2859 3829 2965 3878 dass
2999 3827 3083 3876 die

689 3912 821 3977 Elpen
867 3911 917 3961 in
964 3914 1143 3961 Nestor
1176 3912 1258 3961 das
1295 3912 1431 3961 Ideal
1465 3913 1594 3962 eines
1629 3914 1820 3962 Greises
1854 3913 2076 3963 zeichnen
2111 3913 2319 3972 wollten,
2356 3912 2465 3977 [der
2498 3912 2648 3962 durch
2684 3910 2783 3961 sein
2816 3910 2957 3960 Alter
2984 3909 3085 3959 wie

687 3994 793 4043 eine
840 3993 1066 4058 Reliquie
1112 4009 1199 4042 aus
1231 3993 1364 4043 einer
1397 3995 1596 4054 'a'lteren‚
1632 3995 1753 4045 noch
1788 3994 2176 4044 heldenhafteren
2220 3994 2511 4044 Generation
2546 3993 2596 4043 in
2632 3993 2708 4042 die
2734 3994 2941 4056 jiingere
2974 3991 3087 4040 her-

686 4073 950 4140 einragt]''.
989 4074 1087 4124 Ubi
1121 4091 1240 4138 quae
1273 4076 1493 4125 cancellis
1524 4078 1676 4142 saepsi
1711 4076 1867 4127 abesse
1902 4075 2083 4126 malim.
2120 4078 2246 4126 Nam
2284 4075 2504 4140 aequales
2538 4075 2759 4124 Nestoris
2793 4074 2911 4137 quin
2942 4070 3087 4121 multi

686 4157 970 4222 superstites
1015 4156 1212 4205 fuissent
1262 4162 1474 4222 tempore
1512 4157 1627 4207 belli
1665 4158 1860 4207 Troiani
1894 4157 2075 4223 priscus
2109 4161 2248 4223 poeta
2282 4157 2478 4206 minime
2511 4157 2701 4206 videtur
2734 4154 2997 4204 dubitasset
3035 4152 3088 4200 in

685 4237 867 4286 bellum
903 4237 1094 4301 quidem
1134 4237 1209 4287 illi
1249 4254 1342 4287 non
1379 4242 1490 4289 sunt
1525 4239 1657 4289 missi
1688 4242 1853 4304 utpote
1886 4240 2112 4298 seniores,
2146 4240 2225 4288 sed
2258 4239 2387 4290 domi
2422 4240 2727 4297 manserunt;
2758 4253 2878 4287 unus
2906 4238 3089 4287 Nestor

692 4334 1020 4384 quamcunque
1083 4320 1143 4370 ob
1187 4336 1374 4369 causam
1421 4321 1545 4369 filios
1579 4322 1629 4371 in
1661 4322 1823 4370 Asiam
1860 4321 2209 4386 proficiscentes
2243 4321 2500 4370 comitatus
2532 4327 2615 4369 est.
2653 4319 2893 4370 Fortiores
2926 4323 3089 4369 autem

679 4400 841 4463 fuisse
891 4402 1116 4450 Nestoris
1161 4400 1379 4465 aequales
1413 4417 1555 4466 quam
1590 4402 1962 4466 Agamemnonis
1996 4403 2070 4451 vel
2107 4402 2308 4452 Achillis
2342 4418 2436 4453 non
2477 4401 2546 4452 ait
2579 4405 2734 4466 poeta,
2769 4415 2919 4464 neque
2954 4404 3090 4466 puta·

692 4480 758 4529 vit
794 4481 982 4545 opinor,
1019 4484 1099 4531 sed
1132 4483 1288 4546 ipsum
1323 4484 1579 4532 Nestorem
1611 4483 1658 4532 id
1685 4482 2008 4547 perhibentem
2044 4483 2170 4532 fecit.
