3392 5384
671 407 803 474 398
1673 429 2049 477 amomon.

763 590 1032 660 Δούλους
1120 589 1150 654 ἔ
1249 639 1263 657 .

760 695 896 760 Vir
943 595 1241 763 Pla’toxili:
1297 697 1554 764 videtur
1613 697 2003 785 languidum
2058 698 2571 778 additamentum
2617 700 2753 772 τοὺς
2804 700 3055 778 δήμους.

667 802 906 869 Putida
951 805 1190 869 mutati
1236 807 1489 869 numeri
1539 803 1880 890 diligentia
1927 803 2143 888 prodit
2187 807 2711 891 grammaticum.

759 1021 814 1088 V
862 1021 1087 1088 469D.
1151 1022 1385 1088 Forma
1447 1025 1693 1109 poetica
1758 1023 2219 1102 αποπτΛμένου
2284 1025 2592 1090 mutanda
2652 1027 2720 1089 in
2769 1025 3056 1122 Atticam

667 1128 1151 1207 α’ποπτομένου.

758 1335 844 1400 VI
891 1332 1022 1402 497
1041 1332 1112 1402 G.
1178 1335 1315 1400 Οὐκ
1377 1333 1607 1432 ἔγνως,
1671 1332 1825 1416 ἔφη·
1874 1334 1941 1400 οὐ
1988 1335 2114 1414 γὰρ
2156 1337 2333 1400 τοῦτο
2384 1332 2643 1412 ἔμελλον
2693 1336 2871 1417 (ἐρεῖν
2918 1342 3060 1416 sc.)‚

665 1442 815 1507 αλλ’
864 1443 918 1507 εἷ
966 1443 1165 1517 αὕτη
1216 1432 1284 1515 ἣν
1332 1443 1510 1520 ἡμεῖς
1559 1442 2011 1519 διεληλύθαμεν
2059 1441 2377 1522 οἰκίζοντες
2422 1445 2531 1517 τὴν
2570 1439 2748 1507 πόλιν
2792 1442 2825 1518 ἢ
2865 1441 3057 1517 ἄλλη.

755 1548 862 1613 Τα
909 1549 1022 1626 μὲν
1067 1546 1282 1626 ἄλλα,
1333 1544 1400 1622 ἦν
1446 1549 1499 1613 δ’
1549 1548 1705 1627 ἐγώ,
1757 1545 2000 1624 αὕτη·
2053 1547 2183 1614 κτὲ.

753 1653 824 1720 Si
885 1659 1054 1721 recte
1115 1655 1360 1720 Burnes
1410 1657 1619 1740 priore
1666 1654 1805 1720 loco
1852 1654 2197 1721 lectionem
2245 1653 2382 1720 cod.
2428 1654 2486 1720 D
2538 1653 2695 1731 αὐτή
2745 1639 3056 1740 praetulit

661 1762 1014 1846 scripturae
1073 1757 1232 1836 αὕτη
1297 1761 1589 1826 codicum
1638 1761 1793 1838 AM,
1860 1763 2057 1825 etiam
2104 1763 2451 1846 posteriore
2496 1763 2590 1826 ita-
2634 1762 2905 1840 scribere
2952 1761 3054 1826 de-

664 1868 910 1932 buerat.
958 1866 1118 1933 Utra
1166 1887 1316 1934 vero
1362 1867 1551 1933 lectio
1598 1870 1685 1932 sit
1734 1869 1965 1952 potior,
2012 1888 2201 1932 nemo
2249 1867 2431 1933 facile
2480 1867 2732 1934 dixerit.

755 2085 872 2150 VII
920 2085 1124 2151 533E
1170 2085 1349 2152 locu's
1393 2085 1801 2164 insanabilis,
1851 2089 1957 2152 cui
2002 2108 2205 2172 neque
2252 2086 2529 2152 ultimus
2567 2086 2772 2152 editor
2808 2087 3055 2153 Burnet

663 2215 867 2279 neque
915 2193 1081 2259 alius
1129 2196 1469 2279 quisquam
1517 2196 1736 2280 potuit
1781 2193 2043 2259 mederi.

756 2398 872 2464 VII
921 2397 1052 2463 552
1071 2399 1150 2464 D.
1214 2397 1721 2477 βαλαντιατόμοι
1773 2397 1913 2480 AF,
1980 2397 2469 2475 βαλαντιοτόμοι
2520 2398 2616 2477 Μ,
2664 2398 3049 2477 βαλλαντιο-

662 2503 838 2581 τόμοι
885 2503 970 2571 A⁸
986 2504 1066 2570 D.
1115 2503 1317 2570 Unice
1370 2526 1514 2571 vera
1559 2504 1818 2570 videtur
1864 2504 2069 2568 forma
2114 2503 2386 2583 ultima,
2436 2504 2626 2569 nihili
2668 2526 2815 2571 vero
2854 2507 3051 2582 βαλ-

663 2612 1254 2689 λαντιατόμοι,
1303 2617 1379 2676 ut
1425 2610 1501 2676 de
1549 2632 1664 2676 suo
1714 2609 1917 2676 edidit
1965 2610 2233 2675 Burnet.

752 2829 873 2896 VII
921 2828 1050 2895 559
1071 2829 1145 2894 D.
1196 2828 1344 2894 ὅταν
1392 2828 1553 2908 νέος,
1603 2828 2058 2909 τεθραμμένος,
2106 2832 2185 2901 ὥς
2242 2828 2416 2904 νυνδὴ
2476 2829 2797 2909 ἐλέγομεν,
2855 2833 3048 2896 ἄπαι-

660 2936 883 3008 δεύτως
945 2936 1178 3001 τε.καὶ
1228 2936 1574 3016 φειδωλῶς,
1625 2938 1935 3012 γεύσηται
1986 2936 2267 3014 κηφήνων
2316 2935 2607 3013 μέλιτος,
2658 2937 2763 3000 καὶ
2800 2927 3049 3014 ὀυγγέ-

660 3067 836 3117 νηται
900 3041 1105 3106 αἴθωσι
1173 3043 1335 3120 θηρσὶ
1398 3043 1501 3106 καὶ
1562 3044 1807 3120 δεινοῖς,
1872 3041 2284 3114 παντοδαπὰς
2335 3043 2544 3116 ἡδονὰς
2599 3043 2701 3106 καὶ
2754 3045 3041 3115 ποικίλας

661 3140 766 3213 καὶ
817 3150 1118 3222 παντοίας
1168 3147 1435 3228 ἐχούσας
1485 3148 1833 3227 δυναμένας
1882 3145 2219 3227 σκευάζειν,
2266 3148 2533 3213 ἐνταῦθα
2577 3172 2693 3213 που
2734 3147 2853 3213 οἴου
2894 3144 3050 3214 εἶναι

659 3257 861 3338 ἆρχην
923 3257 1092 3336 αὐτῷ
1157 3256 1521 3334 μεταβολῆς
1577 3303 1591 3320 .
1627 3303 1685 3321 ..
1738 3258 2149 3336 ὀλιγαρχικῆς
2212 3262 2325 3330 τῆς
2374 3255 2434 3318 ἕν
2483 3255 2679 3332 ἑαυτῷ
2731 3256 2815 3325 εἷς
2864 3254 3048 3331 δημο-

661 3365 971 3444 κοατικῆν.

751 3443 1130 3536 Rectissime
1166 3469 1430 3535 lacunae
1471 3471 1658 3555 signa
1696 3471 1912 3553 posuit
1944 3467 2207 3533 Burnet.
2251 3467 2374 3532 Vix
2413 3473 2632 3533 autem
2672 3467 2847 3533 aliud
2892 3468 3045 3554 quid

650 3576 898 3642 excidit
945 3597 1138 3662 quam
1185 3573 1424 3658 ἕξεως
1473 3575 1790 3642 similisve
1836 3576 2111 3640 notionis
2158 3575 2657 3641 substantivum.

748 3795 812 3861 X
861 3795 1080 3862 619B.
1144 3819 1246 3860 και
1308 3796 1374 3870 δη
1426 3789 1526 3860 οὖν
1571 3795 1713 3862 τότε
1762 3797 1789 3861 ὁ
1841 3796 2060 3861 ἐκεῖθεν
2112 3793 2396 3873 αγγελος
2446 3793 2731 3872 ἤγγελλε
2778 3795 2880 3859 τὸν
2929 3796 3044 3922 μὲν

656 3904 976 3982 προφήτην
1025 3925 1266 3973 ουτως
1316 3902 1530 3980 εἷπειν,
1581 3902 1684 3967 και
1734 3902 2073 3982 τελευταίῳ
2124 3900 2350 3967 ἐπιόντι
2400 3899 2529 3964 κτὲ.

749 4007 987 4076 Contra
1048 4029 1242 4073 usum
1303 4006 1596 4074 Platonis
1655 4012 1724 4074 et
1784 4008 2152 4073 Atticorum
2218 4003 2406 4079 οὕτως
2453 4006 2519 4071 h.
2543 4005 2587 4070 1.
2638 4008 2915 4091 pertinet
2963 4007 3041 4072 ad

655 4119 1018 4201 sequentia,
1083 4136 1210 4199 quo
1271 4135 1458 4179 sensu
1521 4113 1901 4200 plerumque
1963 4111 2071 4178 ὦδε
2134 4119 2199 4179 et
2244 4115 2450 4178 rarius
2497 4113 2779 4177 οὑτωσὶ
2832 4115 3044 4179 Attice

654 4226 1067 4308 usurpantur.
1128 4222 1409 4308 Ambigo
1473 4227 1696 4286 utrum
1753 4224 1843 4286 sic
1892 4223 2212 4307 corrigam
2260 4240 2340 4284 an
2388 4218 2577 4292 οὕτως
2623 4220 2904 4285 tribuam
2952 4223 3045 4284 in·-

654 4327 1050 4414 terpolatori.

745 4531 1035 4599 TIMAEUS
1085 4531 1166 4597 17
1186 4532 1261 4597 Β.
1323 4531 1451 4598 οὐδὲ
1502 4533 1626 4613 γὰρ
1676 4529 1754 4597 ἂν
1800 4530 1891 4606 εἴη
1941 4530 2189 4610 δίκαιον,
2238 4530 2389 4612 χθὲς
2440 4530 2554 4598 ὑπὸ
2602 4536 2708 4597 τοῦ
2754 4529 3044 4608 ξενισθέν-
