3392 5384
636 396 770 465 232
1680 416 1991 467 nonnus.

637 587 802 667 apud
846 590 1221 666 praetorem:
1282 582 1381 664 (3)
1432 620 1511 633 -—
1564 605 1719 670 ergo
1786 583 1990 662 „furti
2039 605 2106 649 se
2155 582 2423 670 alligat”
2489 605 2672 649 reum
2719 604 2786 649 se
2833 582 3028 650 efficit

634 690 910 768 fraudis,
975 710 1128 755 nam
1187 696 1724 766 μεταλημπτικῶς
1789 689 2042 755 furtum
2105 712 2218 775 pro
2274 691 2452 755 omni
2499 689 2644 755 dolo
2691 696 2758 755 et
2805 689 3025 755 fraude

635 800 985 882 accipimus
1035 834 1119 847 —-
1167 804 1225 861 et
1271 796 1529 862 iniuria.
1582 834 1665 846 -
1720 794 2058 882 „Alligat”
2107 802 2326 862 autem
2377 797 2728 882 obstringit
2765 802 2831 861 et
2867 794 3028 861 inla-

635 910 827 988 queat
884 910 949 968 et
1009 904 1358 968 obnoxium
1422 902 1574 967 facit
1620 902 1686 982 ¹).
1755 941 1840 951 —
1912 903 2090 967 Omne
2120 882 2346 985 ’iqitur
2409 905 2567 987 quod
2611 904 2856 987 fraude
2895 906 3022 987 fit,

620 1010 873 1093 furtum
919 1015 1027 1074 est.
1070 1046 1154 1059 —
1194 1007 1301 1074 Sic
1337 1008 1657 1095 Vergilius
1695 1009 1996 1074 insidias:
2040 1009 2257 1086 „furta
2292 1030 2444 1093 paro
2472 1008 2664 1074 belli’'
2693 1009 2814 1087 (XI
2841 1009 3019 1090 515),

636 1114 1062 1181 adulterium:
1117 1123 1222 1194 „et
1257 1115 1469 1181 dulcia
1508 1115 1720 1181 furta'’
1763 1112 1873 1196 (G.
1914 1114 1998 1179 lv
2041 1113 2221 1195 346),
2262 1136 2449 1180 omne
2473 1114 2716 1180 malum
2745 1116 3019 1181 factum:

637 1243 841 1307 „quae
888 1225 1032 1306 quis
1079 1222 1249 1309 apud
1295 1242 1590 1307 superos,
1640 1222 1811 1286 furto
1857 1220 2133 1287 laetatus
2179 1224 2388 1299 inani,
2439 1220 2737 1287 distulit''
2781 1227 2928 1287 cett.

723 1328 884 1393 Ecce
946 1327 1261 1393 scholium
1326 1348 1528 1393 unum
1592 1333 1655 1391 et
1698 1330 2033 1415 integrum
2079 1327 2315 1395 Donati
2364 1328 2568 1393 tribus
2617 1326 3025 1393 emblematis

633 1441 1012 1522 purgatum.
1194 1436 1291 1515 (5)
1356 1434 1717 1513 „Furtum”
1783 1434 2031 1499 duobus
2078 1435 2290 1500 modis
2336 1434 2610 1500 dicitur:
2661 1456 2825 1513 unu,
2873 1456 3023 1500 cum

634 1563 822 1606 omne
880 1539 1269 1607 maleficium
1332 1540 1721 1631 generaliter
1785 1540 2204 1627 significatur,
2253 1540 2487 1620 altem,
2535 1561 2687 1606 cum
2734 1562 2832 1607 res
2879 1541 3027 1607 sub-

636 1652 815 1732 repta
860 1646 1364 1726 demonstratur3
1408 1668 1575 1712 nunc
1623 1667 1779 1733 ergo
1829 1647 2074 1725 „furti”
2124 1646 2442 1713 maleficii.
2627 1646 2734 1712 Sic
2779 1646 3025 1727 Editor,

634 1753 1165 1841 comprehendens
1227 1774 1389 1838 quae
1452 1753 1530 1818 D.
1602 1754 1810 1819 fusius
1874 1756 2215 1839 scripserat
2277 1759 2341 1818 et
2399 1752 2633 1819 addens
2682 1753 3027 1840 vulgarem

634 1864 810 1927 vocis
856 1860 1424 1947 significationem,
1474 1882 1667 1946 quam
1717 1862 1950 1927 referre
1996 1860 2160 1926 Don.
2211 1881 2464 1927 necesse
2509 1882 2635 1926 non
2684 1861 2930 1926 habuit.

724 1966 1129 2039 Emblemata
1164 1966 1277 2032 illa
1314 1972 1465 2031 sunt
1503 1966 2057 2053 magistellorum‚
2106 1969 2217 2051 qui
2265 1987 2338 2031 ea
2385 1968 2454 2031 in
2501 1969 2792 2053 margine
2839 1966 3032 2057 adn07

635 2080 925 2140 taverant
984 2094 1096 2159 per
1160 2074 1323 2152 „hoc
1384 2074 1545 2151 est''‚
1614 2073 1786 2151 „et'',
1853 2074 2141 2159 „igitur”
2163 2092 2180 2151 ;
2268 2074 2504 2138 horum
2559 2073 2725 2138 infra
2786 2092 3026 2158 magna

632 2183 816 2266 copia
858 2179 1136 2245 dabitur.
1412 2169 1419 2195 ²

721 2285 880 2351 Ibid.
933 2285 1019 2351 40
1090 2284 1286 2350 Thais
1333 2284 1537 2350 miiiti
1585 2285 1963 2371 respondere
2009 2285 2397 2372 dedignatur
2444 2286 2545 2351 his
2593 2285 2838 2351 verbis:

1088 2391 1331 2472 Quaere
1380 2394 1492 2477 qui
1540 2392 1918 2477 respondeat

723 2499 820 2579 (2)
880 2498 966 2563 Et
1027 2500 1416 2584 contempsit
1475 2501 1985 2584 interrogantem
2032 2504 2097 2563 et
2141 2498 2379 2563 indixit
2423 2500 2801 2564 inimicitias
2821 2546 2839 2577 ,
2883 2519 3031 2584 pro-

635 2607 905 2671 fessione
966 2605 1331 2670 iracundiae
1395 2626 1541 2669 cum
1608 2605 1765 2670 dicit
1824 2605 2172 2689 indignum
2221 2604 2522 2671 militem.
2709 2605 2805 2687 (4)
2853 2604 3028 2671 Satis

632 2713 1120 2778 contumeliose:
1177 2711 1342 2776 illud
1388 2714 1557 2776 enim
1607 2714 2089 2796 quaeritur,
2147 2711 2314 2796 quod
2365 2710 2623 2781 difficile
2670 2714 3023 2797 reperitur;

632 2840 819 2905 ergo:
884 2841 1009 2884 non
1056 2818 1241 2883 modo
1287 2817 1593 2904 indignus
1640 2839 1742 2897 es,
1791 2820 2038 2902 inquit,
2087 2821 2193 2882 cui
2239 2840 2360 2903 ego
2408 2818 2862 2904 respondeam,
2912 2819 3027 2885 sed

634 2930 741 2993 vix
800 2927 1086 2990 invenies
1151 2926 1262 3010 qui
1311 2929 1373 2989 te
1421 2924 1694 3010 dignum
1744 2945 2039 3009 responso
2086 2923 2348 2989 iudicet.
2534 2925 2940 2990 Alterutrum
2987 2946 3026 2991 a

632 3032 881 3098 Donat-o
945 3029 1440 3096 abiudicandum
1504 3038 1620 3095 est.
1691 3029 1864 3095 Illud
1927 3032 2276 3108 nimirum,
2343 3036 2604 3116 propter
2664 3033 3021 3097 orationem

632 3142 847 3203 minus
915 3139 1321 3224 perspicuam
1390 3143 1455 3201 et
1522 3139 1898 3222 praesertim
1966 3139 2118 3221 quia
2179 3140 2560 3203 inimicitiae
2631 3138 3013 3203 iamdudum

629 3244 903 3309 indictae
950 3249 1101 3325 sunt
1147 3248 1214 3307 et
1259 3244 1327 3307 in
1376 3249 1671 3327 apertum
1717 3248 2040 3309 certamen
2090 3246 2484 3329 eripuerunt.

719 3350 881 3416 Ibid.
931 3350 1015 3414 41
1089 3348 1271 3414 Thr.
1321 3348 1489 3429 Quid
1536 3371 1706 3415 nunc
1754 3347 2054 3435 agimus?

720 3457 816 3537 (l)
864 3456 1020 3521 Vide
1066 3463 1142 3520 ut
1186 3477 1357 3521 nunc
1405 3458 1741 3521 evanuerit
1785 3458 1951 3521 actio
1998 3455 2251 3522 militis.
2405 3456 2778 3542 Sequuntur
2823 3458 3014 3523 haec:

628 3562 849 3629 Primo
888 3563 1053 3627 dixit
1094 3564 1356 3639 „omnia
1395 3564 1573 3647 prius
1614 3564 1888 3647 experiri
1927 3582 2120 3647 quam
2161 3564 2358 3626 armis
2397 3565 2752 3647 sapientem
2791 3561 3010 3628 decet”

629 3676 752 3749 (vs.
806 3668 935 3749 19),
999 3675 1145 3754 post
1206 3668 1422 3746 „idem
1482 3668 1601 3733 hoc
1666 3675 1740 3733 tu
1801 3670 1930 3746 aiS,
1996 3665 2272 3733 Thais?''
2325 3675 2450 3750 (vs..
2490 3669 2624 3748 40),
2661 3674 3011 3754 postremo

631 3774 827 3860 „quid
876 3795 1045 3840 nunc
1085 3777 1343 3861 agimus
1357 3772 1449 3839 ?''.
1613 3774 2146 3839 Additamentum
2185 3777 2516 3841 enuntiata
2555 3779 2878 3863 continere
2921 3778 3018 3841 vi-

628 3880 817 3945 detur
863 3901 1026 3964 quae
1070 3879 1302 3945 militis
1347 3883 1679 3967 ignaviam
1727 3880 2008 3945 indicare
2057 3881 2358 3961 debeant,
2408 3881 2519 3947 sed
2556 3904 2682 3947 non
2721 3883 3015 3948 cohaeret

627 4008 778 4052 cum
824 3987 1224 4073 praecedenti
1270 3994 1451 4072 parte
1498 3987 1748 4052 scholii.
1799 3987 1993 4051 Amat
2039 3998 2257 4053 autem
2305 3987 2403 4053 IP
2450 3989 2821 4054 huiusmodi
2861 4010 3014 4054 enu-

627 4096 1028 4159 merationes.
1079 4093 1307 4159 Eidem
1351 4094 1561 4159 tribuo
1601 4092 1695 4173 (5)
1740 4092 1950 4173 „Quin
1990 4094 2404 4160 redeamus’':
2446 4117 2571 4160 non
2599 4096 3011 4174 „abeamus'',

624 4200 870 4285 inquit,
920 4200 1028 4265 sed
1078 4200 1518 4277 ,‚redeamus’',
1568 4206 1643 4264 ut
1686 4202 1906 4266 irritos
1954 4208 2218 4266 conatus
2264 4202 2457 4268 verbo
2505 4203 2878 4269 ostenderet.

717 4304 878 4370 Ibid.
928 4305 1015 4371 42
1089 4303 1364 4373 Credin?

698 4536 750 4600 1)
788 4536 897 4585 Non
936 4550 1046 4584 raro
1083 4536 1293 4585 Donatus
1323 4533 1586 4585 locutiones
1621 4534 1858 4586 trifariam
1891 4534 2256 4601 interpretatur.
