3392 5384
691 393 820 461 156
1694 411 2067 460 amomon.

686 597 861 640 τινα·
912 574 1220 640 Ποιτένεῒτ
1268 576 1573 654 τοῦνομα,
1624 596 1775 640 nam
1823 578 1966 660 quis
2014 576 2170 641 talia
2217 577 2292 643 de
2340 599 2456 644 suo
2502 577 3074 646 comminiscatur?

684 683 945 748 Praeter
992 684 1107 748 has
1155 682 1404 748 scholas
1451 681 1776 759 Platonis,
1817 684 2280 748 vetustissimis
2319 689 2764 770 grammaticis
2803 685 3078 752 Alexan-

684 788 923 865 drinis,·
990 809 1139 853 cum
1202 787 1538 852 Platonem
1597 790 2170 871 interpretarentur
2233 795 2296 854 et
2342 793 2528 874 signa
2573 798 2960 875 apponerent
3003 795 3075 855 in

686 894 980 972 codicum
1039 894 1442 980 marginibus
1503 893 1679 958 haud
1735 914 1914 958 secus
1977 905 2167 978 atque
2228 897 2295 958 in
2350 895 2632 962 Homero
2680 898 2882 962 facere
2931 918 3076 962 con-

684 1005 1057 1076 sueverant,
1121 998 1228 1078 (cf.
1295 997 1487 1084 Diog.
1546 997 1761 1087 ‘Laerta
1812 997 1906 1062 III
1955 997 2063 1074 65,
2114 1001 2275 1063 item
2314 999 2386 1064 L.
2435 999 2636 1068 Cohn.
2685 1001 2762 1066 de
2810 1001 3077 1067 scholiis

684 1106 754 1167 in
822 1102 1161 1168 Platonem
1224 1125 1288 1188 p.
1354 1100 1511 1184 780)
1589 1124 1717 1168 non
1787 1103 2048 1169 deerant
2112 1107 2330 1190 copiae
2399 1113 2475 1170 ut
2545 1107 2848 1173 adderent
2908 1129 3076 1192 quae

688 1228 849 1293 opus
931 1229 1065 1274 esse
1139 1208 1485 1274 videretur.
1572 1207 1740 1273 Sunt
1809 1210 1858 1272 οἱ
1937 1211 2038 1272 τοῦ
2114 1209 2440 1282 Πλάτωνος
2493 1211 3068 1295 ζὺπομνημοοτιςαί,

688 1334 845 1399 quos
916 1313 1299 1380 Eustathius
1361 1313 1711 1399 appellavit
1772 1336 1835 1399 p.
1902 1311 2098 1380 1397.
2189 1315 2313 1381 Sed
2378 1319 2490 1402 qui
2552 1318 2784 1384 harum
2857 1339 3080 1382 rerum

688 1421 922 1484 curiosi
970 1425 1151 1495 sunt,
1208 1420 1398 1485 hodie
1450 1441 1575 1485 non
1627 1423 1918 1484 nesciunt
1971 1440 2278 1506 magnam
2329 1421 2897 1508 interpolationum
2944 1430 3082 1488 tur-

686 1525 837 1589 bam
897 1525 964 1587 in
1027 1524 1317 1590 Platonis
1378 1525 1624 1591 codices
1683 1527 2033 1610 irrepsisse.
2099 1523 2194 1592 Of.
2261 1528 2485 1593 Mnem.
2542 1526 2713 1595 1897
2756 1551 2819 1614 p.
2871 1528 2954 1595 67
3013 1535 3080 1595 et

688 1629 1074 1694 Schanzium
1119 1632 1188 1693 in
1235 1629 1481 1696 Studiis
1528 1629 1880 1696 Platonicis
1925 1653 1987 1715 p.
2040 1629 2144 1696 30.

776 1864 937 1929 Ibid.
988 1862 1073 1928 58
1094 1863 1167 1930 D.
1233 1863 1677 1950 Interrogatus
1741 1863 1997 1930 Phaedo
2059 1869 2281 1929 utrum
2340 1864 2632 1932 Socrates
2681 1867 2856 1932 solus
2900 1855 3080 1931 diem

690 1972 952 2036 obiisset
999 1991 1079 2034 an
1125 1972 1351 2034 amicis
1398 1970 1870 2054 praesentibus,
1921 1971 2316 2054 respondisse
2361 1972 2679 2039 creditur:
2732 1973 3079 2050 Οὐδαμῶς,

692 2077 866 2140 ἀλλὰ
917 2073 1202 2153 παρῆσάν
1250 2098 1443 2152 τινες,
1495 2075 1600 2138 καὶ
1641 2077 1861 2140 πολλοί
1899 2099 2001 2152 γε.
2042 2076 2431 2143 Admonitus
2470 2077 2642 2142 haud
2680 2077 2866 2143 facile
2906 2080 3078 2162 quis-

694 2203 889 2267 quam
936 2184 1303 2267 negaverit,
1346 2180 1705 2246 Phaedonis
1745 2202 1879 2246 esse
1919 2181 2085 2246 illud
2125 2184 2438 2261 οὐδαμῶς,
2479 2189 2623 2247 tum
2661 2183 3078 2248 Echecratem

694 2290 1043 2373 perrexisse
1107 2286 1589 2372 interrogando:
1653 2287 1828 2350 ἀλλὰ
1878 2289 2164 2362 παρῆσάν
2213 2310 2400 2367 τινες
2451 2288 2807 2353 Phaedonis
2855 2296 3079 2353 autem

694 2412 863 2457 esse:
928 2392 1033 2456 καὶ
1097 2391 1319 2455 πολλοί
1366 2416 1465 2469 γε.
1516 2392 1659 2477 Ipse
1707 2391 1902 2456 codex
1949 2392 2334 2458 Bodleianus
2381 2393 2629 2459 duobus
2678 2397 2931 2478 punctis
2975 2393 3081 2458 bis

692 2500 918 2583 positis
965 2519 1108 2562 eam
1156 2498 1584 2582 suspicionem
1632 2497 1984 2562 confirmat.

781 2728 941 2794 Ibid.
992 2726 1185 2795 600:
1252 2729 1459 2803 ἐπειδὴ
1510 2727 1623 2792 ὑπὸ
1686 2733 1792 2792 τοῦ
1856 2728 2079 2804 δεσμοῦ
2147 2731 2207 2793 ἕν
2271 2733 2354 2812 τῷ
2417 2731 2622 2797 σκέλει
2678 2733 2958 2814 πρότερον
3006 2736 3077 2800 τὸ

695 2835 1005 2911 ἀλγεινὸν,
1069 2833 1231 2910 ἥκειν
1295 2833 1364 2906 δὴ
1414 2833 1712 2912 φαείνεται
1764 2835 2370 2900 ἐπακολουθοῦν
2416 2839 2484 2901 τὸ
2537 2838 2665 2913 ἡδύ.
2715 2839 3078 2925 Supplebo:

693 2941 991 3017 φαίνεται
1042 2939 1651 3002 ἐπακολουθοῦν
1701 2943 1885 3018 (νῦν)
1933 2940 2003 3003 τὸ
2056 2939 2163 3015 ἡδύ
2213 2946 2279 3006 et
2324 2943 2706 3008 adverbium
2759 2951 2901 3030 post
2950 2946 3082 3032 syl-

690 3044 904 3109 labam
948 3081 1031 3092 —-
1059 3049 1157 3108 οῦν
1196 3042 1381 3108 facile
1420 3047 1634 3129 potuit
1673 3043 1980 3108 excidere.
2045 3045 2288 3111 Eadem
2327 3047 2557 3114 vocula
2595 3050 2832 3114 excidit
2873 3049 3079 3136 Gorg.

695 3149 935 3219 456A:
984 3145 1131 3213 ὅταν
1180 3146 1404 3228 αἵρεσις
1456 3147 1489 3230 ᾖ
1540 3146 1614 3212 ὧν
1662 3150 1890 3230 (νυν)δῆ
1938 3151 2015 3214 σὺ
2064 3149 2302 3228 ἔλεγες.

783 3401 943 3467 Ibid.
995 3399 1185 3468 610:
1251 3399 1561 3466 κελεύουσι
1628 3401 1757 3489 γὰρ
1803 3367 2248 3476 ’Ἀθηναῖοι
2313 3403 2711 3469 Praeferam:
2762 3405 3073 3472 κελεύουσι

695 3507 817 3586 γὰρ
874 3507 938 3570 οἱ
1000 3503 1322 3585 ἕνδεκα,
1373 3507 1539 3591 quod
1586 3527 1888 3592 reponam
1936 3528 2138 3592 quum
2187 3510 2386 3572 sciam
2433 3532 2494 3594 p.
2547 3508 2704 3574 59E
2751 3510 3077 3576 undecim-

692 3615 867 3677 viros
929 3631 1114 3676 mane
1178 3611 1431 3678 affuisse
1494 3613 1775 3689 Socrati,
1839 3613 1916 3680 cf.
1969 3611 2096 3677 116
2116 3610 2185 3679 O.
2239 3611 2469 3680 Confer
2514 3617 2708 3680 etiam
2755 3617 3074 3700 quomodo

696 3715 973 3784 Cobetus
1019 3720 1362 3782 correxerit
1408 3738 1473 3802 p.
1524 3717 1609 3783 85
1628 3718 1702 3783 Β.

784 3961 943 4026 Ibid.
997 3960 1081 4026 64
1098 3961 1171 4024 B.
1219 3960 1375 4025 Esse
1412 3961 1599 4026 video
1638 3961 1981 4027 nonnullos
2017 3965 2084 4026 in
2128 3984 2200 4027 ea
2240 3965 2533 4047 opinione
2573 3965 2843 4029 verbum
2885 3965 3079 4032 δοκεῖν

680 4066 953 4149 putandi
992 4065 1459 4150 significatione
1499 4065 1782 4132 alienum
1823 4088 1955 4132 esse
1999 4068 2077 4132 ab
2117 4069 2484 4134 Atticorum
2511 4090 2666 4147 usu;
2701 4091 2884 4134 meus
2909 4078 3078 4137 certe

693 4173 849 4236 olim
882 4175 937 4236 is
964 4193 1135 4236 error
1160 4171 1284 4236 fui't
1309 4193 1379 4237 ac
1404 4178 1735 4257 propterea
1759 4179 1832 4236 ut
1857 4193 2009 4238 eum
2033 4195 2312 4238 errorem
2337 4175 2642 4239 radicitus
2667 4177 3076 4259 extirparem,

692 4277 848 4341 olim
896 4297 1071 4342 meos
1120 4279 1186 4340 in
1235 4299 1390 4342 usus
1436 4277 1826 4364 collegeram
1875 4299 2187 4364 magnum
2232 4261 2520 4344 locorum
2568 4301 2945 4360 numerum,
2996 4305 3076 4347 ne

690 4383 921 4447 umbra
966 4381 1384 4449 dubitationis
1430 4403 1758 4467 superesse
1798 4391 2028 4468 posset.
2073 4384 2311 4450 Verum
2350 4386 2418 4450 id
2458 4386 2718 4472 quidem
2757 4393 2853 4452 est
2891 4387 3074 4455 Iones

694 4507 886 4551 suum
952 4487 1131 4552 δοκέω
1191 4487 1545 4554 identidem
1589 4490 1991 4574 interponere
2036 4490 2242 4556 veluti
2290 4493 2356 4555 in
2403 4491 2550 4558 illo:
2600 4491 2778 4557 δοκέω
2825 4494 2958 4572 μὲν,
3009 4495 3070 4567 ἐς
