3392 5384
607 398 740 464 208
1644 416 1960 466 nonnus.

694 583 855 648 Ibid.
906 581 991 649 97
1055 580 1293 648 Verum
1340 604 1421 648 ne
1468 587 1613 668 post
1659 583 1945 650 conferas
1990 583 2246 670 culpam
2292 587 2361 650 in
2410 606 2517 651 me

695 690 857 755 Don.
921 688 1018 769 (3)
1080 688 1274 754 Deest
1323 689 1582 766 ,‚vide''.
1767 688 2003 756 Contra
2050 711 2198 755 eum
2245 690 2344 756 IP
2391 691 2487 772 (4)
2534 694 2590 756 si
2638 693 2800 770 „ne”
2849 715 2992 780 pro-

600 797 883 861 hibentis
944 802 1071 872 est,
1137 794 1303 860 nihil
1348 795 1563 873 deest,
1613 798 1670 860 si
1719 799 2230 881 percunctantis,
2277 799 2477 878 item;
2527 800 2626 862 sin
2677 797 2841 876 „ne”
2892 823 2936 864 n
2957 821 2995 865 e

606 903 863 980 forte,
912 901 1091 967 deest
1138 903 1355 968 timeo.
1453 979 1463 984 ,
2652 902 2717 969 S.
2766 926 2821 970 c.
2855 905 2902 986 ¹)

691 1116 785 1182 III
836 1116 894 1182 1.
925 1116 966 1181 6
1028 1116 1116 1181 Ut
1162 1121 1351 1202 grata
1398 1115 1562 1181 mihi
1608 1120 1760 1180 sunt
1805 1137 1967 1201 quae
2012 1116 2176 1182 facio
2223 1119 2438 1182 omnia

692 1223 788 1304 (1)
849 1221 1085 1288 Gratas
1132 1222 1317 1287 nobis
1363 1226 1477 1287 aut
1521 1243 1620 1287 res
1668 1228 1783 1286 aut
1830 1242 2131 1308 personae
2176 1227 2349 1287 sunt.
2489 1221 2849 1308 Insipidum
2898 1230 3004 1289 est

603 1330 772 1415 quod
818 1329 1112 1394 additur:
1163 1328 1273 1393 sed
1316 1349 1487 1392 nunc
1536 1349 1635 1394 res
1677 1327 1854 1392 dicit.

693 1434 854 1500 Ibid.
908 1433 1109 1516 11(2)
1158 1434 1460 1511 „Habes”
1510 1432 1864 1520 intelligia,
1913 1434 2086 1520 quod
2129 1436 2305 1499 enim
2354 1439 2646 1500 tenemus
2694 1457 3000 1522 corpore,

600 1543 909 1607 habemus
957 1562 1240 1627 quoque;
1288 1544 1449 1606 item
1499 1543 1714 1606 animo
1765 1540 1933 1627 quod
1982 1541 2330 1618 habemus,
2379 1541 2836 1628 intelligimus.

599 1645 694 1729 (3)
761 1647 1062 1726 „Habes”
1126 1668 1238 1733 pro
1300 1647 1616 1733 intelligis
1634 1667 1652 1726 ;
1718 1649 1809 1712 sic
1872 1646 2110 1712 dicitur
2175 1648 2471 1734 „accipe”
2521 1655 2586 1713 et
2635 1648 2824 1726 „da''.

598 1755 693 1836 (4)
720 1753 1045 1846 „Habes”
1093 1753 1160 1818 id
1207 1759 1305 1818 est
1359 1753 1551 1830 dicis,
1617 1759 1693 1818 ut
1739 1752 2085 1819 Sallustius
2131 1753 2584 1832 ·„'I'artessum,
2636 1755 2994 1843 Hispaniae

598 1864 968 1939 civitatem,
1020 1881 1212 1945 quam
1260 1882 1429 1926 nunc
1474 1860 1657 1946 Tyrii
1695 1867 1949 1926 mutato
1987 1863 2244 1926 nomine
2284 1859 2644 1927 Gaddirum
2683 1862 2994 1929 habent.”

688 1967 784 2050 (3)
844 1975 941 2033 est
1002 1967 1266 2045 Donati;
1335 1967 1453 2031 hoc
1512 1966 1609 2030 IP
1670 1966 2014 2052 ampliavit
2068 1966 2462 2033 claudicante
2509 1953 2992 2054 comparatione

598 2079 667 2140 in
713 2075 828 2156 (2).
880 2072 1047 2140 Cum
1093 2071 1189 2154 (4)
1237 2093 1532 2158 compara
1580 2072 1864 2138 Nonium
1907 2072 2211 2155 318.11:
2247 2074 2557 2164 qhabere
2601 2075 2837 2152 dicere,
2872 2075 2998 2140 ubi

599 2185 837 2247 citatur
882 2181 989 2246 hic
1035 2180 1215 2246 locus
1261 2180 1543 2245 Terentii
1590 2181 1747 2260 (vid.
1805 2180 1904 2245 W.
1952 2184 2017 2245 in
2066 2186 2240 2267 app.)
2287 2202 2486 2266 aeque
2531 2180 2690 2246 falso
2737 2203 2807 2246 ac
2852 2179 2998 2246 Sal-

598 2288 782 2353 lustii
842 2285 1234 2372 exemplum.
1304 2286 1641 2352 Habemus
1692 2289 1904 2372 igitur
1949 2293 2199 2372 praeter
2244 2287 2406 2352 Don.
2457 2292 2521 2351 et
2563 2287 2669 2352 1P
2715 2289 2992 2352 tertium

598 2397 990 2482 magistrum
1037 2415 1185 2458 cum
1233 2392 1527 2478 exemplo
1576 2392 1976 2458 scholastico.

598 2551 605 2557 .
688 2501 847 2566 Ibid.
903 2500 984 2565 13
1053 2498 1322 2567 Credere
1370 2520 1627 2564 omnem
1676 2501 2030 2564 exercitum
2078 2497 2360 2564 consilia.
2393 2548 2408 2563 .
2439 2547 2453 2562 .
2484 2548 2499 2565 .
2560 2499 2731 2564 Tum
2777 2500 2996 2564 sicubi

596 2629 746 2694 eum
795 2610 1055 2673 satietas
1103 2607 1445 2671 homiuum
1493 2611 1607 2670 aut
1653 2607 1876 2691 negoti
1923 2608 1978 2670 si
2027 2606 2277 2691 quando
2325 2605 2546 2670 odium
2594 2611 2844 2692 ceperat

688 2714 784 2795 (1)
834 2711 1199 2791 „Consilia”
1248 2711 1528 2786 αὔξησις.
1647 2712 1873 2777 Editor
1913 2711 2160 2777 addidit
2199 2714 2434 2778 otiose:
2477 2711 2626 2797 plus
2665 2719 2762 2778 est
2801 2733 2992 2789 „con-

597 2819 785 2885 silia''
851 2840 1045 2905 quam
1108 2823 1282 2883 totus
1344 2820 1661 2883 exercitus
1723 2817 1827 2898 (cf.
1884 2817 2136 2900 12(1)).
2300 2819 2396 2900 (4)
2456 2818 2639 2904 Reip.
2688 2821 2990 2905 princeps

598 2927 755 2991 duas
822 2947 923 2991 res
986 2927 1265 3010 patitur:
1332 2925 1623 2989 homines
1672 2930 1737 2989 et
1783 2929 2074 3011 negotia,
2127 2946 2425 3011 personas
2470 2932 2535 2990 et
2582 2947 2700 2992 res.
2839 2925 2994 2991 Hoc

597 3053 847 3119 quoque
906 3032 1079 3097 idem
1143 3030 1581 3116 philosophice
1643 3033 2011 3097 exornavit:
2077 3031 2173 3113 (5)
2236 3032 2504 3116 Proprie
2565 3038 2628 3097 et
2690 3031 2996 3097 decenter

601 3139 981 3216 „hominum
1044 3137 1346 3202 satietas'’
1416 3140 1677 3224 „negoti
1741 3137 2043 3218 odium’';
2087 3159 2212 3203 non
2261 3141 2434 3202 enim
2482 3159 2597 3224 par
2643 3144 2779 3204 erat
2821 3141 2992 3224 reip.

595 3247 947 3330 principem
997 3244 1336 3309 hominum
1384 3244 1527 3310 odio
1565 3243 1873 3310 laborare.
2014 3243 2109 3309 De
2147 3243 2291 3309 odio
2316 3269 2395 3295 =
2420 3245 2627 3310 taedio
2665 3245 2742 3310 cf.
2786 3243 2992 3310 Fabia

596 3352 674 3417 ad
721 3351 783 3417 h.
811 3351 854 3416 1.
905 3357 968 3416 et
1012 3351 1180 3416 infra
1229 3349 1280 3415 V
1331 3350 1391 3415 5.
1421 3350 1460 3415 3
1510 3350 1625 3432 (5).

683 3458 848 3524 Ibid.
904 3456 984 3521 18
1050 3457 1337 3543 „Regem
1387 3455 1750 3543 elegantem
1798 3455 2058 3523 narras''
2107 3459 2218 3542 qui
2265 3456 2595 3544 eligere
2640 3458 2820 3546 sciat.
2887 3483 2894 3490 ·

595 3565 699 3631 Sic
759 3564 943 3641 Don.,
1009 3565 1088 3630 cf.
1152 3564 1246 3628 III
1298 3562 1401 3629 14.
1434 3562 1516 3628 18
1583 3568 1949 3649 „spectator
2010 3562 2308 3650 elegans’'
2371 3568 2466 3630 est
2512 3565 2867 3630 cunctantis
2915 3571 2992 3629 et

594 3671 906 3736 fastidiosi
965 3670 1211 3748 iudicii,
1264 3672 1464 3751 (cui)
1517 3691 1643 3735 uon
1691 3671 1846 3756 quid
1896 3668 2104 3756 placet
2152 3669 2358 3736 facile.
2520 3671 2620 3755 IP
2667 3672 2823 3736 satis
2871 3671 2988 3735 ab-

594 3778 782 3843 surde
828 3777 1195 3842 subiunxit:
1246 3782 1360 3841 aut
1407 3779 1519 3862 qui
1562 3780 1701 3862 ipse
1749 3780 1835 3842 sit
1881 3777 2238 3864 eligendae.

602 3935 611 3944 .
682 3883 841 3950 Ibid.
893 3882 981 3949 22
1051 3882 1155 3948 Illi
1201 3883 1486 3948 invidere
1536 3887 1802 3961 misere,
1854 3905 2084 3950 verum
2133 3904 2299 3949 unus
2348 3889 2561 3950 tamen
2598 3887 2888 3971 impense

683 3989 841 4056 Don.
908 3990 1270 4077 longiorem
1328 3990 1802 4055 adnotationem
1873 3989 1968 4071 (3)
2040 3992 2128 4054 sic
2197 3989 2446 4056 finivit:
2519 4038 2536 4055 .
2564 4038 2579 4056 .
2610 4039 2624 4055 .
2696 3996 2760 4055 et
2827 4012 2992 4058 cum

594 4096 912 4175 „misere”
976 4103 1041 4163 et
1104 4097 1473 4182 „impense”
1534 4097 1710 4162 idem
1772 4095 2136 4183 significent
2199 4095 2362 4177 (scil.
2413 4098 2532 4163 hoc
2579 4096 2765 4177 loco),
2823 4118 2986 4163 mox

592 4211 805 4270 tamen
852 4206 987 4268 sine
1035 4203 1170 4268 ullo
1218 4209 1415 4270 auctu
1460 4203 1706 4268 addidit
1754 4224 2026 4280 „verum
2073 4224 2241 4268 unus
2287 4209 2503 4268 tamen
2551 4204 2909 4289 impense’'.

592 4310 842 4396 Nempe
901 4311 1018 4376 hoc
1078 4308 1223 4375 vult
1285 4309 1469 4389 Don.,
1536 4309 1816 4374 militem
1837 4356 1852 4387 ,
1901 4311 2027 4375 nisi
2074 4310 2371 4394 stupidus
2417 4314 2615 4387 esset,
2663 4311 2732 4374 in
2776 4307 2992 4376 altera

656 4557 710 4619 1)
746 4555 854 4604 Huc
888 4570 1033 4619 nsque
1068 4553 1318 4603 Sabbadini
1353 4553 1533 4603 scholia
1560 4554 1727 4605 edidit.
