3392 5384
651 385 740 450 22
806 371 821 386 '
1699 405 2008 454 neurus

749 570 846 634 III
894 569 1068 635 2.18
1115 571 1211 635 Ex
1258 571 1598 656 Aethiopia
1642 577 1740 636 est
1784 592 1986 657 usque
2031 572 2185 636 haec

660 675 834 758 (2)
884 674 1186 761 „”Usque
1235 674 1530 740 additum
1583 681 1709 753 est,
1759 683 1837 742 ut
1877 676 2369 762 longuinquitas
2418 680 2901 754 monstraretur.

646 781 788 847 Hoc
849 803 1022 867 mag.
1088 780 1318 866 aliquis
1380 783 1694 865 excerpsit
1758 803 1791 845 e
1856 781 2125 846 Donato.
2174 780 2307 860 (4):
2372 779 2699 859 Ostendit,
2745 782 2899 868 quid
2946 785 3032 848 sit

651 908 771 964 „ex
809 888 1192 972 Aethiopia'’
1240 887 1523 953 addendo
1572 887 1863 972 „usque”
1870 935 1885 964 ,
1937 895 2011 951 ut
2054 909 2135 952 ex
2179 886 2701 973 longuinquitate
2748 886 3031 973 dignitas

650 994 936 1056 muneris
981 992 1384 1077 ponderetur,
1433 997 1584 1057 cett.

668 1107 675 1113 '
739 1097 900 1161 Ibid.
949 1097 1037 1162 42
1083 1097 1226 1160 Una
1272 1099 1364 1162 ire
1411 1118 1561 1161 cum
1609 1098 1813 1186 amica
1858 1099 2315 1182 imperatorem
2360 1098 2428 1159 in
2477 1099 2585 1161 via

739 1200 835 1281 (2)
881 1201 1156 1267 Mirifice
1208 1201 1567 1279 „amicam”
1617 1201 1784 1265 dixit
1820 1222 1946 1265 non
1990 1201 2501 1278 „meretricem’'.
2638 1201 3033 1287 Excerptum

647 1308 948 1392 magistri
985 1329 1062 1372 ex
1103 1305 1196 1386 (5)
1220 1301 1244 1372 ε’
1281 1307 1452 1372 Bene
1489 1309 1877 1371 immutavit
1916 1309 2177 1371 nomina
2212 1307 2363 1370 hinc
2402 1306 2481 1370 ad
2521 1307 2847 1384 honorem,
2886 1307 3035 1371 hinc

649 1411 729 1476 ad
767 1413 1114 1477 invidiam:
1159 1413 1322 1478 hanc
1361 1434 1488 1477 non
1531 1412 2025 1490 „meretricem”
2067 1412 2174 1476 sed
2218 1412 2580 1490 „amicam”
2632 1412 2830 1492 dixit,
2869 1413 3039 1478 hunc

648 1539 773 1582 non
825 1517 1191 1594 „militem”
1241 1518 1352 1583 sed
1404 1517 1968 1604 „imperatorem'’.

739 1622 863 1702 Qui
924 1623 1161 1687 Donati
1221 1622 1449 1687 stilum
1509 1625 1794 1700 noverit,
1860 1643 2114 1687 mecum
2178 1624 2237 1687 ei
2299 1623 2476 1687 dabit
2529 1623 2715 1690 modo
2764 1625 3031 1687 initium

649 1727 743 1810 (5)
793 1728 1003 1805 „Bene
1053 1777 1067 1792 .
1099 1775 1113 1794 .
1143 1777 1156 1792 .
1204 1728 1587 1793 invidiam”.
1638 1727 1907 1813 Reliqua
1954 1727 2199 1792 addidit
2248 1727 2452 1792 editor
2497 1727 2600 1792 IP
2648 1750 2759 1813 per
2805 1751 2923 1792 non
2949 1765 3033 1777 -

646 1835 768 1911 sed,
832 1839 905 1897 ut
967 1836 1224 1898 centies.
1293 1833 1524 1898 Eidem
1584 1833 1850 1898 debetur
1910 1833 2151 1897 insulsa
2216 1833 2543 1898 adnotatio
2590 1833 2723 1914 (3):
2792 1834 3036 1918 „Impe-

648 1937 968 2003 ratorem”
1017 1959 1294 2024 congrue
1339 1943 1408 2002 in
1454 1938 1769 2017 militem,
1822 1940 2005 2022 quasi
2048 1941 2186 2022 ipse
2235 1941 2319 2002 sit
2366 1939 2486 2002 sub
2536 1961 2659 2023 quo
2706 1937 2831 2004 est!

737 2045 950 2130 Igitur
1011 2047 1080 2108 in
1138 2047 1257 2110 hac
1303 2044 1554 2131 sylloge
1602 2046 1913 2110 habemus
1962 2045 2058 2125 (1)
2105 2043 2269 2109 Don.
2295 2043 2341 2126 1)
2390 2044 2484 2126 (2)
2533 2067 2665 2110 exc.
2714 2066 2887 2131 mag.
2937 2044 3031 2126 (3)

647 2149 767 2214 IP.
823 2148 920 2230 (4)
959 2149 1122 2214 Don.
1172 2148 1267 2228 (5)
1315 2148 1476 2214 Don.
1525 2155 1590 2214 et
1635 2149 1757 2213 IP.
1865 2149 2041 2214 Haec
2090 2153 2309 2214 omnia
2354 2149 2451 2213 IP
2498 2149 2718 2228 ordine
2765 2149 3033 2215 edidisse

648 2255 866 2332 crede,
932 2258 1183 2338 praeter
1245 2255 1363 2334 (2),
1427 2255 1596 2339 quod
1659 2252 2058 2339 Compilator
2102 2257 2371 2319 inseruit
2420 2276 2497 2319 ex
2544 2258 2835 2340 margine
2881 2255 3031 2320 edit.

649 2359 764 2437 IP,
816 2365 929 2423 aut
977 2359 1142 2444 alimus
1189 2360 1486 2425 editionis
1534 2358 1971 2424 Terentianae.

735 2464 823 2528 IV
870 2465 932 2528 3.
961 2464 1048 2530 24
1072 2464 1168 2545 (4)
1231 2465 1303 2530 Si
1368 2463 1678 2543 „verum”
1732 2449 1846 2550 pr'o
1894 2465 2333 2530 coniunctione
2381 2466 2764 2550 accipimus,
2808 2464 3033 2528 subau-

647 2570 948 2634 diendum
997 2573 1117 2634 erit
1160 2571 1265 2635 hic
1308 2578 1668 2647 „amatores
1711 2570 2060 2635 mulierum
2101 2591 2236 2634 esse
2275 2569 2657 2634 maximos'’.
2798 2567 2894 2648 (7)
2918 2575 3033 2634 aut

647 2696 797 2739 non
857 2677 1364 2760 cogitaram,
1430 2681 1544 2739 aut
1588 2696 1744 2739 non
1794 2695 2013 2738 eram
2062 2676 2527 2742 recordata.
2666 2673 3030 2759 Utrumque

645 2786 1017 2865 excerptum
1078 2801 1115 2844 a
1173 2783 1484 2865 magistro
1547 2780 1826 2865 quodam
1871 2801 1906 2844 e
1954 2778 2190 2844 Donati
2236 2781 2433 2846 schol.
2480 2780 2859 2866 longissimo
2908 2779 3027 2860 (3),

644 2908 769 2972 quo
816 2891 1036 2972 postea
1080 2887 1246 2949 mihi
1296 2888 1417 2950 erit
1464 2877 1940 2950 revertendum.

733 2990 822 3056 IV
869 2990 931 3055 4.
959 2991 1046 3056 24
1091 2991 1246 3055 Iube
1294 2991 1460 3054 mihi
1505 2990 1713 3055 denuo
1763 2991 2140 3075 respondeat

733 3095 812 3160 D.
862 3096 956 3177 (2)
1007 3144 1020 3161 .
1051 3145 1064 3161 .
1096 3142 1110 3161 .
1161 3094 1452 3173 „denuo”
1503 3101 1723 3160 autem
1774 3095 1853 3160 ad
1904 3095 2362 3180 „respondeat”
2410 3098 2721 3182 pertinet,
2771 3117 2896 3161 non
2945 3094 3023 3160 ad

646 3201 917 3278 „mihi''.
1099 3201 1493 3288 Excerptum
1554 3202 1703 3265 hinc
1768 3199 1862 3280 (3)
1931 3201 2128 3284 „Iube
2190 3201 2559 3279 <denuo”>,
2624 3223 2751 3268 non
2816 3201 3021 3278 „mihi

644 3307 918 3374 denuo’'.

732 3524 1050 3588 Phorm.
1102 3522 1133 3586 Ι
1183 3523 1242 3586 1.
1271 3522 1312 3587 2
1361 3522 1522 3588 Heri
1565 3526 1747 3588 venit
1793 3522 1871 3589 ad
1915 3543 2057 3588 me:
2106 3529 2243 3588 erat
2288 3525 2349 3588 ei
2395 3524 2470 3588 de
2515 3523 2879 3590 ratiuncula

732 3628 828 3707 (3)
888 3626 1083 3692 Deest
1148 3627 1383 3704 „nam”
1439 3628 1548 3692 sed
1595 3631 1778 3693 mire*
1807 3630 2211 3696 subtractum
2258 3636 2373 3694 est.
2557 3627 3022 3715 Compendium

641 3755 674 3799 e
716 3734 965 3799 Donato
1013 3731 1144 3812 (5):
1193 3731 1530 3798 Moraliter
1573 3733 1803 3797 intulit
1853 3740 2030 3813 „erat
2075 3734 2215 3800 ei'’:
2269 3736 2478 3820 magis
2524 3737 2697 3798 enim
2743 3735 3023 3801 facetum

639 3846 737 3903 est
773 3845 838 3903 et
881 3841 1230 3917 comicum,
1280 3859 1430 3902 cum
1474 3837 1813 3912 ἀσυνδέτους
1861 3839 2155 3917 infertur,
2206 3860 2401 3926 quam
2448 3842 2505 3904 si
2550 3839 2785 3904 diceret
2831 3860 3019 3918 „nam

640 3948 778 4008 erat
824 3941 952 4008 ei’'.

728 4048 1273 4133 Frequentissima
1330 4048 1525 4112 huius
1583 4051 1837 4134 generis
1899 4055 2194 4134 excerpta
2256 4055 2321 4114 et
2366 4050 2741 4133 compendia
2795 4051 3025 4114 brevis-

638 4155 803 4218 sima
859 4174 988 4218 non
1045 4153 1349 4218 exhibent
1409 4155 1690 4238 vestigia
1753 4153 2029 4239 duplicis
2092 4157 2475 4232 commenti,
2539 4153 2647 4219 sed
2691 4156 2907 4240 potius
2950 4156 3021 4218 in

710 4411 762 4471 1)
807 4410 884 4459 Sic
928 4426 978 4460 se
1023 4410 1168 4460 habet
1199 4411 1292 4472 (1).
1329 4409 1450 4458 Vide
1485 4425 1574 4469 προ
1577 4424 1779 4469 παραυ-κ
1748 4425 1833 4458 m
1837 4407 1891 4466 ἦν
1925 4410 2119 4460 futurae
2155 4411 2256 4461 litis
2288 4411 2418 4461 inter
2450 4410 2678 4462 Thaidem
2712 4426 2767 4462 ac
2802 4411 3021 4462 militem.

639 4490 828 4540 Scholia
862 4491 920 4539 de
953 4491 1222 4540 oeconomia
1253 4489 1440 4540 fabulae
1473 4491 1573 4539 fere
1610 4491 1771 4540 omnia
1806 4491 2016 4556 genuina
2048 4497 2177 4542 sunt.
