3392 5384
631 366 762 432 424
1671 387 1983 437 nonnus.

719 553 814 619 III
865 554 923 618 1.
957 553 1040 619 18
1108 553 1286 619 Num
1331 556 1741 620 immemores
1787 554 2087 642 discipuli
2180 569 2189 576 ·
2721 626 2729 634 ‚

719 660 815 742 (3)
888 659 1291 746 „Discipuli”
1358 661 1605 747 Mysis,
1670 661 1900 727 Lesbia
1960 668 2024 726 et
2084 661 2506 748 Pamphilus:
2574 684 2835 740 omnes,
2902 684 3018 749 per

627 789 785 853 quos
832 771 1050 854 agitur
1097 765 1380 848 fallacia,
1431 768 1590 833 bene
1635 789 1790 855 ergo
1841 767 2191 854 discipulos
2237 772 2575 855 imperitos
2623 768 2903 835 ostendit
2951 776 3018 836 et

626 877 1015 961 magistrum
1078 873 1370 952 Davum,
1437 877 1586 960 quia
1631 895 1825 960 supra
1871 875 2036 940 dixit
2087 881 2273 953 „tum
2324 878 2379 941 si
2428 878 2573 961 quis
2618 877 3015 962 magistrum

509 1021 512 1025 -
625 981 794 1066 cepit
832 980 911 1046 ad
950 1001 1092 1045 eam
1131 1002 1268 1046 rem
1305 982 1720 1066 improbum''
1762 980 1820 1061 (Ι
1859 981 1920 1047 2.
1949 967 2082 1064 2'1).
2133 1020 2217 1031 —
2265 977 2401 1046 Alii
2445 983 2549 1048 hic
2588 981 3013 1068 Pamphilum

622 1086 971 1173 significari
1018 1093 1250 1172 putant
1297 1087 1725 1174 discipulum,
1773 1090 1923 1174 quia
1972 1087 2191 1154 Davus
2239 1091 2552 1175 magister
2602 1085 2848 1176 <nam>
2898 1110 3013 1154 no-

624 1214 774 1258 men
812 1198 909 1258 est
948 1192 1026 1258 ad
1064 1191 1308 1278 aliquid
1348 1193 1871 1280 discipulae,
1914 1202 1988 1260 ut
2028 1197 2461 1281 magister.
2602 1194 2697 1276 (4)
2730 1195 2816 1260 Et
2838 1217 3009 1261 nunc

629 1298 1011 1386 „discipuli”
1082 1303 1418 1386 genitivus
1486 1300 1835 1388 singularis
1906 1307 2003 1367 est
2070 1323 2286 1381 casus,
2359 1300 2497 1366 alii·
2536 1304 3010 1367 nominativum

622 1405 942 1492 pluralem
991 1411 1256 1491 putant,
1323 1412 1397 1471 ut
1446 1406 1879 1494 „discipulos”
1927 1408 2162 1473 dixerit
2212 1429 2465 1484 omnes,
2518 1429 2631 1492 per
2676 1429 2835 1492 quos
2881 1411 3015 1494 agi-

623 1520 732 1579 tur
779 1510 1064 1590 fallacia,
1113 1514 1466 1598 secundum
1513 1513 1677 1579 illud
1722 1520 1909 1592 „tum
1948 1516 2003 1579 si
2042 1514 2225 1600 quis''
2267 1517 2388 1580 etc.
2425 1515 2599 1595 (vide
2636 1535 2830 1599 supra
2854 1514 3010 1595 (3)).

718 1620 788 1685 In
837 1619 934 1700 (3)
981 1619 1130 1685 inde
1178 1621 1255 1686 ab
1306 1619 1481 1698 „Alii
1527 1622 1631 1686 hic
1679 1620 2147 1707 Pamphilum”
2198 1620 2500 1686 audimus
2545 1620 2753 1686 denuo
2800 1619 3017 1685 Edito-

625 1747 797 1805 rem;
849 1732 1040 1811 atque
1084 1729 1220 1812 ipse
1268 1732 1365 1792 est
1413 1730 1524 1813 qui
1569 1727 1687 1793 hoc
1734 1730 1990 1794 invenit
2018 1726 2087 1810 1).
2184 1727 2366 1808 Quod
2406 1732 2624 1793 autem
2663 1726 2908 1814 legitur
2943 1728 3012 1791 in

625 1834 719 1914 (4)
757 1835 953 1898 nimis
991 1836 1286 1919 ineptum
1326 1840 1423 1899 est
1459 1836 1763 1920 magistri
1801 1833 2075 1900 alicuius
2113 1839 2591 1911 commentum,
2634 1835 2743 1919 qui
2775 1832 3015 1919 legisse

623 1938 880 2004 videtur
922 1939 1140 2017 „Num
1178 1943 1520 2005 immemor
1556 1961 1622 2005 es
1664 1940 1963 2026 discipuli
1979 1937 2048 2005 ?''
2092 1939 2259 2025 quod
2286 1945 2613 2025 quantum
2640 1941 3015 2005 asententia

625 2046 996 2124 abhorreat,
1047 2067 1234 2112 nemo
1279 2068 1406 2112 non
1455 2049 1681 2124 sentit3
1736 2047 1879 2112 dein
1926 2046 2095 2112 idem
2146 2049 2447 2133 repetivit
2492 2047 2653 2112 Don.
2705 2045 2821 2127 (3).

712 2196 808 2262 III
853 2198 980 2263 2.1
1058 2198 1315 2276 Adhuc,
1371 2198 1696 2286 Archylis,
1905 2202 2093 2284 signa
2140 2200 2218 2265 ad
2265 2197 2545 2264 salutem
2596 2201 2812 2264 omnia
2858 2199 3011 2264 huic

623 2326 759 2371 esse
808 2306 992 2371 video

713 2412 875 2478 Don.
937 2411 1264 2499 eleganter
1323 2411 1455 2492 <2):
1522 2411 1627 2477 Sic
1690 2417 1937 2477 veteres
1982 2413 2344 2478 scribebant
2394 2410 2710 2490 „adhuc'',
2759 2410 3011 2497 quando

621 2523 847 2585 incerti
909 2520 1277 2586 futurarum
1341 2541 1558 2585 rerum
1621 2541 1698 2584 ex
1761 2521 2203 2604 praesentibus
2264 2519 2527 2585 firmum
2587 2519 3009 2596 intimabant,

622 2628 790 2714 quod
839 2634 935 2692 est
978 2649 1184 2714 genus
1232 2629 1637 2692 cautissimae
1687 2629 2131 2711 promissionis
2177 2632 2242 2692 et
2291 2634 2517 2692 certae.

712 2733 890 2799 Idem
954 2734 1115 2798 hanc
1177 2732 1452 2799 aliorum
1513 2734 2105 2818 interpretationem
2172 2739 2666 2799 commemorat:
2717 2732 2811 2814 (4)
2859 2737 3011 2796 sunt

621 2842 732 2926 qui
783 2839 1034 2917 „adhuc
1078 2838 1445 2927 Archylis'',
1509 2841 1976 2924 correptionem
2022 2827 2159 2904 esse
2205 2841 2484 2903 nimium
2532 2837 2844 2903 sollicitae
2891 2857 3011 2900 nu-

619 2949 796 3012 tricis
844 2953 1107 3032 putent,
1158 2945 1325 3032 quod
1372 2967 1492 3031 ego
1541 2945 1762 3026 (Don.)
1808 2967 1933 3010 non
1980 2947 2198 3031 probo.

713 3052 803 3117 Hi
849 3055 1057 3139 igitur
1101 3055 1378 3138 speciose
1425 3054 1514 3118 sic
1555 3050 1926 3138 explebant:
1983 3052 2285 3130 „Adhuc,
2327 3051 2663 3138 Archylis,
2712 3050 3009 3116 lamen-

619 3159 883 3224 taris''
949 3159 1055 3225 vel
1120 3159 1248 3225 tale
1311 3159 1485 3245 quid.
1551 3159 1737 3225 Hanc
1802 3161 2267 3224 enarrationem
2336 3159 2641 3235 editores,
2692 3162 3007 3243 quotquot

618 3264 790 3342 vidi,
842 3285 923 3330 ne
970 3268 1293 3331 mentione
1342 3266 1601 3352 quidem
1649 3265 1911 3352 dignam
1962 3268 2450 3345 existimarunt,
2500 3287 2615 3332 nec
2653 3267 3005 3340 immerito.

616 3371 849 3437 Fuitne
897 3372 1222 3438 distinctio
1269 3373 1462 3438 Probi
1508 3370 1744 3458 Aspri?

707 3478 866 3544 Ibid.
919 3478 1006 3542 30
1075 3479 1345 3544 Prorsus
1407 3499 1443 3544 a
1503 3499 1609 3543 me
1672 3481 2037 3564 opinionem
2099 3479 2259 3544 hanc
2322 3485 2505 3545 tuam
2561 3500 2695 3544 esse
2742 3498 2862 3564 ego
2909 3497 3006 3542 re-

615 3593 859 3652 motam
905 3584 1047 3650 volo

707 3692 801 3772 (2)
867 3688 1189 3777 <Quidam
1254 3687 1602 3776 „prorsus>
1668 3713 1783 3776 pro
1832 3712 2023 3757 vere
2070 3693 2355 3777 positum
2405 3697 2669 3778 putant,
2721 3711 2840 3777 ego
2886 3711 3002 3774 pro

615 3819 687 3863 eo
736 3797 903 3883 quod
952 3803 1050 3862 est
1098 3799 1304 3874 omni;
1349 3804 1500 3861 suut
1541 3799 1651 3882 qui
1691 3799 2203 3862 coniunctionem
2246 3795 2448 3862 velint
2486 3818 2641 3862 esse.
2756 3796 3003 3881 „Ego”,

612 3906 656 3968 i.
684 3924 737 3968 e.
796 3902 1122 3980 Donatus,
1186 3907 1353 3967 recte
1416 3903 1705 3988 putabat.
1770 3902 1845 3967 In
1908 3902 2154 3968 duobus
2216 3901 2491 3967 aliarum
2541 3905 3002 3967 sententiarum

613 4010 981 4074 auctoribus
1028 4009 1310 4094 Asprum
1357 4029 1492 4074 esse
1540 4008 1899 4074 credideris

701 4160 788 4225 IV
837 4160 897 4226 3.
927 4161 965 4224 5
991 4161 1088 4241 (3)
1156 4160 1545 4239 „Dolorem”
1611 4160 1907 4227 distinxit
1969 4162 2216 4227 Probus
2260 4167 2325 4227 et
2372 4167 2516 4248 post
2560 4160 2787 4227 intulit
2830 4183 3009 4248 sepa-

502 4278 506 4282 ’
609 4271 803 4335 ratim
853 4267 1022 4353 quod
1072 4271 1382 4355 sequitur,

678 4437 730 4500 l)
768 4435 841 4485 cf.
875 4435 1076 4484 eundem
1109 4434 1159 4483 in
1195 4434 1220 4482 I
1263 4435 1390 4483 1.10
1427 4435 1534 4499 (4):
1571 4436 1669 4484 Aut
1703 4434 1809 4482 ideo
1848 4432 2031 4483 „mihi”
2068 4434 2312 4495 additum,
2347 4434 2459 4499 quia
2495 4433 2777 4485 libertus
2810 4435 2869 4484 ad
2904 4435 3013 4486 ali..

605 4520 720 4584 quid
752 4518 945 4568 dicitur.
987 4517 1104 4568 Vide
1138 4517 1196 4566 de
1230 4516 1317 4566 hac
1353 4516 1560 4567 formula
1597 4517 1747 4569 Prisc.
1786 4516 1812 4565 1
1854 4517 1932 4567 60.
1970 4517 2157 4568 11218.
