3392 5384
1414 378 1732 431 nonnus.
2647 360 2780 429 227

388 549 647 617 XXXII
709 573 771 635 p.
830 548 963 615 221
998 550 1067 631 ¹),
1133 549 1201 613 in
1263 549 1381 614 hac
1441 547 1770 613 comoedia
1838 548 2037 613 etiam
2088 547 2186 611 bis
2233 544 2320 610 IV
2371 543 2432 611 7.
2463 545 2548 609 10
2575 544 2674 627 (4)
2721 550 2799 611 et·

393 658 450 723 V
500 657 562 722 5.
592 656 633 721 3
660 656 776 738 (5).

485 763 649 829 Ibid.
700 764 782 829 31
859 762 1103 828 Attolle
1150 761 1426 847 pallium

484 870 645 936 Don.
705 869 801 951 (3)
862 870 961 935 Ex
1024 869 1221 933 huius
1269 868 1426 954 (leg.
1476 868 1562 932 Et
1606 864 1776 947 his‘t)
1827 867 2040 931 verbis
2087 864 2448 933 Chremetis
2495 867 2788 932 animum

399 978 864 1043 demonstravit
903 978 1181 1041 nimium
1220 973 1569 1041 liberaliter
1600 973 1820 1058 pavidi
1850 971 2332 1039 adulescentuli.
2425 973 2526 1038 IP
2552 973 2648 1053 (4)
2674 973 2792 1037 Vel

400 1087 553 1169 quia
588 1083 863 1169 simplex
904 1089 1003 1149 est
1039 1082 1143 1148 vel
1183 1084 1331 1167 quia
1372 1082 1584 1147 ebrius
1613 1080 1814 1145 trahit
1838 1078 2115 1164 pallium
2141 1077 2464 1145 Chremes,
2581 1078 2790 1144 Immo

401 1194 493 1256 rei
556 1190 869 1277 gerendae
931 1190 1259 1274 imperitia
1319 1185 1607 1273 neglexit
1669 1184 2037 1250 adulescens
2099 1186 2303 1249 facere
2366 1185 2535 1270 quod
2597 1206 2794 1249 unus-

402 1299 671 1381 quisque
717 1295 793 1360 de
841 1294 1024 1379 plebe
1072 1299 1221 1359 ante
1268 1298 1592 1357 certamen
1640 1291 1846 1356 facere
1895 1290 2056 1356 solet
2085 1289 2156 1371 2).

491 1509 577 1575 IV
628 1508 687 1588 ’7,
718 1510 751 1574 1
828 1509 1119 1575 Hancine
1182 1529 1303 1595 ego
1362 1514 1439 1573 ut
1503 1505 1968 1572 contumeliam
2015 1512 2151 1601 tam
2196 1510 2521 1595 insignem
2569 1512 2636 1573 in
2687 1530 2791 1574 me

405 1618 752 1702 accipiam,
802 1612 1103 1682 Gnatho?

495 1721 591 1805 (3)
642 1720 1204 1800 „Contumeliam”
1254 1722 1508 1806 proprie
1556 1726 1620 1786 et
1667 1725 1742 1785 ut
1783 1718 1991 1785 miles.
2051 1719 2400 1786 Sallustius
2439 1744 2558 1800 „ne
2598 1744 2790 1807 quam

405 1828 864 1895 contumeliam
913 1848 1241 1895 remanere
1287 1829 1356 1890 in
1396 1828 1680 1891 exercitu
1721 1828 2004 1891 victore.
2037 1876 2050 1891 .
2082 1873 2097 1890 .
2123 1828 2331 1892 sinat''
2374 1828 2546 1914 (lug.
2591 1828 2796 1908 585).

406 1934 509 2001 Sic
559 1934 742 2012 Don.,
794 1934 960 2019 quod
1007 1933 1107 1998 IP
1156 1933 1353 1999 stulte
1402 1931 1765 1998 aemulatus
1815 1940 1910 1997 est
1956 1936 2024 1997 in
2075 1933 2204 2014 (5):
2254 1934 2336 1999 Et
2386 1934 2795 2021 „insignem”

408 2047 485 2106 ut
530 2040 719 2107 miles
768 2041 966 2118 dixit,
1016 2042 1168 2125 quia
1212 2042 1295 2103 in
1315 2042 1597 2126 signia
1648 2060 1980 2105 armorum
2030 2039 2213 2105 eunt!

502 2147 664 2213 Ibid.
715 2146 756 2211 2
829 2147 1004 2211 Mori
1052 2167 1157 2211 me
1204 2148 1407 2211 satius
1456 2151 1555 2211 est
2033 2208 2040 2217 ,

502 2253 663 2319 Don.
712 2254 809 2333 (1)
857 2251 1157 2318 Ridicula
1196 2254 1637 2339 praesumptio
1677 2257 2013 2337 tamquam
2053 2252 2358 2318 adversus
2397 2256 2800 2319 meretricem

412 2362 722 2447 (iurgia)
795 2363 1162 2445 numquam
1224 2358 1464 2425 Thraso
1536 2379 1791 2424 sumere
1857 2380 2134 2424 ausurus
2192 2367 2359 2425 esset
2418 2363 2548 2425 nisi
2592 2368 2800 2425 morte

409 2470 732 2554 proposita
746 2487 763 2546 3
832 2488 985 2554 ergo
1051 2465 1233 2531 velut
1278 2468 1509 2530 mortis
1555 2470 1928 2551 contemptu
1978 2475 2137 2550 o'pus
2185 2473 2281 2531 est
2327 2467 2406 2531 ad
2452 2466 2580 2531 tale
2628 2489 2804 2552 proe-

409 2572 596 2638 lium.
759 2573 897 2639 Hoc
960 2576 1205 2637 mirum
1266 2576 1333 2637 in
1404 2572 1672 2638 modum
1736 2572 1835 2636 IP
1901 2574 1990 2637 sic
2052 2575 2362 2639 variavit:
2432 2573 2530 2653 (2)
2597 2576 2804 2651 „mori

408 2701 514 2746 me
560 2702 609 2745 s.
658 2680 781 2757 e.'',
833 2686 1161 2765 tamquam
1213 2678 1401 2744 aliter
1448 2678 1635 2744 miles
1681 2678 1987 2744 adversus
2027 2678 2368 2745 mulierem
2407 2680 2639 2745 audere
2676 2702 2802 2745 non
2892 2708 2898 2712 ·

408 2792 656 2871 posset,
705 2784 811 2851 vel
857 2788 1010 2871 quia
1054 2785 1218 2850 nihil
1261 2784 1367 2851 vel
1408 2788 1559 2871 quia
1601 2791 1869 2850 amator.
1988 2785 2243 2850 Tertius
2283 2785 2517 2872 aliquis
2557 2786 2800 2853 denuo:

410 2890 507 2971 (3)
559 2914 691 2969 „m.
734 2912 821 2956 m.
861 2914 912 2957 s.
954 2892 1055 2957 e.''
1108 2894 1292 2976 quasi
1336 2891 1448 2957 ille
1497 2893 1621 2958 sibi
1667 2892 1839 2957 dicat
1884 2891 1990 2957 vel
2034 2892 2380 2958 molestum
2429 2915 2564 2960 esse
2612 2899 2809 2960 certa-

414 3019 562 3063 men
602 2997 707 3063 vel
752 3000 1021 3063 amicam
1074 3019 1204 3061 non
1250 3020 1386 3063 esse
1434 2998 1832 3064 laedendam.
1973 2999 2189 3063 Etiam
2238 3000 2620 3066 mirabilius.

504 3103 666 3171 Ibid.
718 3102 759 3167 4
830 3103 1013 3168 Thr.
1065 3102 1240 3168 Male
1304 3103 1599 3169 mulcabo
1647 3107 1878 3190 ipsam.
1951 3103 2088 3171 Gn.
2139 3105 2438 3171 Pulchre.
2501 3106 2681 3172 Thr.
2732 3106 2804 3171 In

416 3210 704 3275 medium
750 3210 877 3275 huc
924 3231 1159 3296 agmen
1204 3231 1353 3274 cum
1401 3212 1607 3288 vecti,
1660 3207 1916 3275 Donaxl

507 3315 670 3381 Don.
734 3313 830 3395 (4)
893 3314 1189 3381 Ridicule
1252 3317 1409 3380 satis
1468 3321 1829 3381 armaturas
1876 3314 2052 3381 leves
2099 3337 2223 3380 non
2269 3322 2458 3401 putat
2505 3317 2808 3383 adversus

415 3421 726 3488 Thaidem
790 3421 1048 3487 idoneas
1120 3429 1184 3487 et
1252 3422 1395 3487 ideo
1463 3443 1737 3507 „agmen
1803 3442 1954 3487 cum
2010 3422 2222 3487 vecti’'
2282 3421 2432 3489 vult
2476 3426 2695 3489 venire
2739 3428 2808 3489 in

485 3687 539 3748 1)
589 3683 857 3734 Adhibetur
904 3681 1111 3733 formula
1150 3698 1289 3748 saepe
1334 3683 1391 3732 de
1440 3681 1583 3731 verbo
1629 3682 1859 3732 dicere.
1912 3682 2060 3731 Andr.
2096 3681 2176 3731 111
2210 3683 2256 3731 2.
2279 3683 2432 3745 22(1)
2482 3682 2686 3733 „Dicas”
2719 3701 2806 3749 pro

416 3769 595 3827 credas,
628 3783 723 3817 non
758 3766 885 3815 enim
923 3765 1125 3814 dicimus
1159 3765 1251 3814 nisi
1282 3766 1407 3829 quod
1442 3764 1707 3813 credimus:
1745 3763 1804 3813 ab
1841 3780 1896 3813 eo
1932 3782 1979 3829 q.
2016 3780 2054 3814 s.
2084 3764 2118 3814 i.
2149 3781 2196 3829 q.
2232 3781 2306 3830 pr.
2340 3767 2408 3827 (2)
2446 3766 2620 3829 Figura
2653 3766 2810 3827 μετ-ά-

418 3848 610 3915 amose
660 3865 687 3898 a
738 3847 1083 3914 posterioribus
1128 3852 1187 3896 ad
1231 3847 1412 3912 priora.
1461 3847 1597 3896 Idem
1633 3846 1747 3895 alibi
1780 3847 1947 3908 (immo
1983 3845 2204 3908 Plautus)
2242 3848 2494 3896 ‚audacter
2527 3848 2724 3907 dicito”,
2761 3856 2809 3899 et

415 3932 530 3981 alibi
576 3931 797 3994 (Phorm.
834 3930 915 3979 III
950 3932 997 3981 2.
1018 3932 1072 3992 8)
1127 3958 1169 3980 n.
1191 3965 1204 3979 .
1227 3967 1271 3980 ..
1307 3929 1481 3989 dices”‚
1528 3929 1577 3978 id
1626 3932 1697 3978 est
1743 3929 1923 3987 credes,
1965 3930 2099 3987 scies,
2134 3929 2323 3980 senties.
2373 3931 2461 3979 Ad.
2502 3931 2539 3976 V
2579 3933 2623 3979 3.
2647 3932 2708 3984 37
2729 3934 2809 3994 (2)

423 4013 655 4064 ,1)ἰοοῐο”
704 4018 863 4063 autem
898 4012 1057 4078 posuit
1093 4028 1181 4077 pro
1215 4012 1496 4076 intellegere
1531 4014 1579 4060 et
1614 4012 1752 4070 scire,
1787 4010 1845 4059 ab
1881 4027 1936 4059 eo
1971 4027 2015 4075 q.
2053 4026 2091 4060 s.
2130 4011 2168 4081 i.¹
2198 4027 2244 4075 q.
2277 4028 2342 4076 p.,
2381 4015 2434 4061 ut
2469 4013 2682 4073 (Phorm.
2719 4015 2812 4078 l.l.)

419 4099 468 4145 et
513 4096 622 4158 (Ad.
656 4094 710 4143 II
745 4095 794 4144 2.
812 4096 895 4154 43,
932 4093 1011 4143 ubi
1048 4094 1171 4143 nihil
1208 4095 1483 4155 adnotatur)
1526 4107 1814 4142 ‚memorem
1852 4108 1927 4141 me
1964 4090 2138 4141 dices”.
2176 4092 2332 4141 Aliter
2367 4094 2424 4141 ad
2460 4094 2651 4143 Phorm.
2688 4097 2812 4160 prol.

420 4178 486 4227 20
504 4178 585 4242 (2)
623 4176 927 4227 „certasset”
962 4174 1080 4243 ἀντὶ
1118 4178 1210 4225 τοῦ
1252 4172 1631 4242 ‚provocasset”,
1675 4174 1735 4223 ab
1769 4191 1826 4223 eo
1866 4191 1911 4239 q,
1949 4191 1996 4239 p.
2031 4175 2064 4224 i.
2101 4191 2146 4238 q.
2183 4190 2222 4223 s.
2253 4176 2398 4239 Verg.
2431 4174 2481 4239 (Ι
2518 4177 2637 4240 548)
2682 4179 2812 4227 ‚Nec

418 4266 467 4309 te
502 4263 703 4308 certasse
738 4259 949 4324 priorem
983 4256 1276 4323 paeniteat''.
1314 4258 1410 4307 Hic
1445 4274 1633 4322 quoque
1667 4257 1927 4306 formulam
1965 4257 2152 4306 Editori
2189 4257 2475 4305 reddendam
2513 4274 2626 4318 esse,
2659 4264 2812 4309 osten-

416 4341 487 4391 ‹h't
532 4341 722 4391 diversa
769 4340 895 4389 vocis
937 4339 1223 4389 „certasset”
1260 4340 1595 4405 interpretati9
1631 4338 1681 4387 in
1720 4338 1900 4387 scholio
1934 4340 2054 4388 Don.
2085 4341 2169 4401 (1).
2228 4338 2396 4387 Illisne
2427 4337 2542 4388 locis
2572 4342 2809 4392 Donatum

417 4423 673 4474 audimus?
708 4424 821 4472 Non
857 4438 969 4471 sane
1004 4422 1062 4471 ad
1100 4423 1249 4470 Andr.
1287 4422 1311 4469 I
1348 4423 1391 4471 l.
1430 4423 1495 4470 22
1511 4423 1599 4483 (1),
1633 4437 1720 4469 neo
1755 4422 1814 4471 ad
1851 4422 1974 4470 Eun.
2011 4420 2111 4471 h.l.
2149 4425 2197 4470 et
2232 4436 2342 4471 mox
2374 4420 2444 4470 IV
2479 4421 2627 4475 ’1.1Ο.

487 4508 545 4573 2)
592 4505 829 4555 Fabia:
885 4504 1097 4553 ‚Attolle
1130 4502 1365 4569 pallium”
1399 4504 1532 4552 C’est
1565 4504 1609 4552 le
1641 4508 1772 4567 geste
1807 4504 1866 4553 de
1897 4503 2123 4553 l’homme
2156 4503 2240 4568 qui
2275 4519 2324 4566 se
2359 4505 2544 4570 dispose
2579 4505 2608 4554 ὃ,
2642 4506 2763 4573 agir.
