3392 5384
636 387 767 454 216
1674 406 1986 456 nom-rus.

728 572 827 636 Ex
891 571 1176 637 eiusdem
1241 572 1557 638 formulae
1620 572 2100 638 definitionibus
2166 572 2438 639 diversis
2503 573 2598 654 (2)
2661 580 2725 638 et
2770 572 2865 655 (4)
2911 573 3033 639 hoc

638 679 916 756 Donate,
957 677 1124 743 illud
1164 680 1302 743 eius
1343 678 1601 745 aemulo
1642 679 2111 767 adsignandum
2152 700 2288 745 esse
2328 701 2518 746 nemo
2541 679 2724 746 facile
2746 680 3029 766 negabit.

728 786 787 850 A
854 783 1053 850 schol.
1119 784 1215 866 (3)
1277 792 1495 852 autem
1562 786 1772 851 differt
1837 786 2071 851 Donati
2135 785 2422 851 doctrina
2484 785 2563 850 ad
2608 784 2703 851 1.1.
2755 785 3030 851 Andriae

638 891 916 977 prolata:
982 890 1151 956 Bene
1201 913 1315 968 „ea
1363 893 1441 957 ab
1490 891 1648 957 illo’'
1711 892 1876 958 dixit
1940 893 2300 970 „iniuria’':
2366 894 2794 958 certissimam
2857 895 3032 957 enim

636 1002 887 1065 notavit
956 1020 1323 1084 personam,
1396 1020 1557 1085 quae
1628 1000 1854 1065 debeat
1926 1021 2040 1085 pro
2109 1001 2368 1065 iniuriis
2439 1020 2675 1085 poenas
2743 998 3027 1078 solver03

637 1106 866 1192 quodsi
934 1106 1196 1171 dixisset
1269 1109 1548 1184 „iniuria
1614 1108 1799 1173 eius''
1873 1106 2340 1193 amphiboliam
2402 1107 2693 1184 fecisset,
2763 1112 3025 1172 utrum:

637 1234 831 1299 quam
878 1232 1101 1297 passus
1145 1218 1242 1278 est
1289 1214 1368 1278 ab
1418 1212 1581 1291 alio,
1634 1232 1750 1277 an:
1801 1235 1994 1300 quam
2041 1216 2180 1298 ipse
2225 1212 2369 1278 aliis
2415 1212 2661 1279 intulit.

728 1318 997 1383 Restant
1059 1317 1309 1383 Donato
1370 1318 1466 1400 (1)
1510 1324 1577 1385 et
1624 1318 1740 1400 (4).
1807 1318 1928 1384 His
1977 1318 2202 1385 Editor
2250 1320 2637 1403 interposuit
2687 1317 2782 1399 (2)
2829 1321 2895 1382 et
2935 1316 3031 1398 (3)

638 1428 975 1491 coniuncta
1038 1426 1150 1511 pe'r
1212 1424 1388 1501 sed,
1449 1427 1600 1510 quia
1662 1425 2018 1490 secundum
2071 1424 2168 1505 (2)
2218 1423 2510 1511 vulgaris
2558 1429 2886 1489 structura
2935 1428 3034 1489 est

646 1533 916 1612 „mereri
978 1529 1253 1595 alicuius
1308 1532 1657 1618 gratiam'',
1721 1532 1859 1597 sed
1907 1532 1970 1596 h.
1998 1531 2042 1595 1.
2094 1531 2344 1597 dicatur
2391 1552 2548 1597 mer.
2600 1552 2698 1617 gr.
2749 1531 2842 1596 ab
2893 1529 3034 1595 ali-

641 1660 815 1724 quo.
998 1637 1331 1703 Particula
1398 1639 1702 1717 „autem”
1752 1641 1822 1704 in
1868 1637 1966 1721 (4)
2013 1639 2131 1705 1100
2178 1637 2500 1704 scholium
2547 1640 2615 1703 in
2668 1641 3030 1704 commento

638 1748 935 1812 iunxerat
982 1766 1131 1810 cum
1178 1745 1294 1825 (1).
1903 1730 1906 1733 ⁴

728 1853 890 1919 Ibid.
944 1851 1027 1917 12
1094 1850 1145 1916 Ο
1194 1851 1397 1917 festus
1445 1851 1582 1918 dies
1629 1846 1950 1918 hominis!
1993 1850 2215 1931 Salve,
2266 1853 2472 1918 amice
2519 1848 2646 1915 mi!

731 1959 826 2042 (2)
888 1959 1125 2024 Utrum
1192 1960 1305 2043 qui
1352 1979 1543 2023 causa
1592 1964 1689 2023 est
1736 1958 1884 2024 festi
1930 1978 2002 2023 ac
2047 1956 2204 2025 laeti
2251 1958 2376 2023 diei
2424 1959 2668 2043 anqui
2711 1958 2850 2042 ipse
2896 1960 3028 2023 tan-

641 2072 745 2131 tus
804 2068 889 2131 sit
952 2070 1231 2149 quantus
1293 2070 1387 2129 est
1438 2065 1653 2130 festus
1704 2063 1880 2129 dies?
2018 2064 2116 2146 (3)
2160 2065 2288 2130 Pro
2339 2065 2574 2142 „homo
2623 2064 2771 2129 festi
2818 2062 3023 2140 diei'';

637 2176 726 2238 sic
790 2172 1025 2261 dicitur
1086 2173 1281 2236 etiam
1347 2170 1597 2261 „scelus
1658 2170 1982 2236 hominis'’
2034 2173 2148 2251 (sic
2197 2169 2505 2236 Wessn.
2555 2190 2671 2255 pro
2725 2167 3025 2247 ‚,homo'’,

638 2280 750 2364 qui
813 2286 1028 2345 tamen
1094 2298 1429 2363 perperam
1468 2278 1625 2343 haec
1670 2278 1869 2346 verba
1916 2277 2132 2345 inclin.
2183 2276 2315 2343 litt.
2364 2277 2608 2357 edidit).
2656 2276 2902 2343 Ennius
2950 2297 3030 2354 „o

636 2389 840 2472 pietas
892 2382 1166 2450 animi!'’

728 2492 1016 2558 Donatus
1062 2490 1407 2575 prudenter
1453 2490 1845 2556 locutionem
1893 2490 2205 2576 exemplis
2251 2488 2609 2555 illustravit
2654 2511 2779 2554 non
2813 2489 3030 2554 'hario-

635 2598 874 2664 latione
922 2595 1439 2683 semasiologica,
1490 2603 1566 2661 ut
1614 2596 1714 2660 IP
1741 2597 1836 2678 (2)
1867 2595 1962 2679 1)).

725 2703 888 2769 Ibid.
943 2702 1025 2767 14
1089 2704 1271 2769 Ant.
1320 2702 1524 2769 Narra
1570 2705 1775 2781 istuc,
1825 2723 2094 2788 quaeso,
2146 2702 2302 2788 quid
2347 2704 2451 2768 sit.

1088 2807 1219 2875 Ch.
1312 2807 1523 2873 Immo
1573 2808 1786 2874 hercle
1831 2810 2089 2875 obsecro
2142 2815 2202 2873 te
2255 2815 2328 2874 ut
2377 2808 2597 2874 audias

725 2916 821 2996 (1)
868 2915 1119 2981 Bonum
1167 2914 1654 2999 compendium,
1696 2936 1776 2979 ne
1818 2913 2027 2979 multa
2067 2914 2305 2980 diceret
2343 2914 2422 2979 ad
2459 2912 3028 2980 commendandam

635 3029 711 3087 ut
770 3021 931 3087 solet
992 3022 1425 3087 narrationem
1488 3021 1798 3086 futuram.
1938 3006 2077 3086 Hoc
2141 3027 2274 3086 est:
2340 3019 2620 3087 Chaerea
2667 3019 3026 3087 auditorem

632 3132 890 3222 repente
935 3129 1106 3211 rapit
1152 3128 1219 3190 in
1267 3126 1511 3192 medias
1558 3148 1657 3191 res
1701 3128 1836 3191 sine
1875 3125 2068 3193 solita
2104 3129 2484 3193 narrationis
2522 3128 3021 3212 praeparatione.

634 3233 742 3298 Sic
788 3232 946 3299 Don.
1041 3233 1142 3298 ΙΡ
1190 3232 1364 3298 idem
1414 3232 1633 3298 aliter:
1699 3233 1796 3315 (2)
1858 3233 2028 3298 Bene
2079 3232 2353 3299 contulit
2401 3233 2629 3311 verba,
2677 3238 2753 3297 ut
2801 3254 2878 3298 ex
2923 3232 3024 3297 his

632 3347 934 3425 appareat
997 3340 1154 3425 quid
1217 3338 1445 3420 (Rabb.
1498 3340 1786 3405 Wessn.:
1837 3359 2030 3425 quam
2077 3339 2171 3420 id)
2219 3360 2408 3425 agere
2455 3338 2653 3405 velit:
2701 3338 2814 3404 ille
2863 3338 3024 3403 dixit

637 3446 957 3532 „quaeso”
1004 3446 1110 3510 hic
1158 3446 1525 3522 „obsecro'’.
1667 3445 1768 3511 IP
1815 3452 2166 3532 utrumque
2210 3448 2278 3511 in
2325 3438 2673 3512 editionem
2721 3447 2977 3530 recepit.

724 3552 885 3617 Ibid.
957 3552 1035 3615 15
1079 3553 1174 3632 (1)
1241 3551 1401 3617 Don.
1470 3556 1909 3639 quaestionem
1940 3550 1993 3634 2)
2055 3558 2285 3617 tract-at
2350 3572 2468 3629 „an
2535 3550 2886 3617 verisimile
2939 3552 3022 3616 sit

634 3658 991 3742 Antiphoni
1052 3664 1271 3723 notam
1335 3679 1470 3723 esse
1532 3658 1888 3724 Thaidem''
1952 3663 2018 3725 et
2080 3665 2267 3745 putat
2326 3659 2522 3723 huius
2582 3658 2820 3723 famam
2870 3678 3021 3725 eum

637 3759 796 3845 scire
844 3786 879 3829 6
927 3764 1264 3829 Phaedria.
1405 3764 1830 3850 Interpolator
1877 3773 2129 3831 contra:
2180 3765 2276 3847 (2)
2323 3764 2684 3830 Verisimile
2729 3771 2827 3831 est
2871 3766 3021 3830 haec

634 3874 793 3937 scire
843 3871 1314 3956 Antiphonem,
1381 3873 1491 3956 qui
1540 3871 1693 3937 adeo
1742 3875 1826 3937 sit
1873 3871 2210 3937 familiaris
2261 3870 2598 3939 Chaereae.
2738 3869 2830 3937 At
2879 3892 3020 3937 vero

636 3976 916 4063 Chaerea
961 3977 1024 4042 II
1072 3976 1134 4042 3.
1164 3975 1250 4042 68
1275 3998 1367 4063 sq.
1415 3979 1551 4062 ipse
1600 3978 1842 4044 fatetur
1889 4000 2072 4045 suam
2125 3978 2385 4044 Thaidis
2430 3980 2884 4066 ignorantiam.

705 4301 759 4365 1)
812 4299 1188 4350 Bentleius
1241 4297 1526 4363 reprehensa
1576 4297 1755 4347 Donati
1806 4296 2206 4363 interpretatione
2251 4297 2483 4349 correxit:
2535 4300 2614 4362 ,ηο
2663 4299 2810 4348 festus
2843 4298 2958 4358 dies,
2993 4313 3022 4348 0

636 4399 769 4433 meus
804 4382 997 4442 amicus,
1033 4382 1161 4432 salve
1176 4380 1225 4429 1⁹⁹
2209 4440 2213 4444 ¹

703 4466 757 4527 2)
803 4465 1033 4515 Wessn.
1080 4464 1131 4514 in
1168 4465 1301 4513 Aem.
1340 4464 1493 4529 Aspro
1528 4480 1576 4530 p.
1614 4464 1679 4514 22
1715 4462 1984 4529 suspicatur
2019 4466 2261 4515 Donatum
2295 4463 2569 4515 huiusmodi
2601 4464 2899 4529 quaestiones
2935 4467 3025 4514 ret·

634 4547 803 4600 tulisse
837 4564 862 4598 e
894 4546 1069 4598 Probo.
