3392 5384
1117 1033 1957 1178 PLAToNlcm

1427 1323 1676 1366 SORIPSIT

1265 1507 1329 1572 S.
1380 1507 1457 1572 A.
1505 1506 1816 1572 NABER.

1352 1814 1751 1851 -οοοψθψψ-

1217 2087 1302 2133 Αἱ)
1349 2048 1889 2134 ΒῸΤΗΥΡΗΒΟῇΕΜ.

449 2254 524 2318 P.
567 2253 717 2318 6D:
767 2249 1188 2328 μέμνησαι
1235 2244 1334 2313 οὖν
1372 2248 1463 2314 ὅτι
1507 2252 1568 2315 οὐ
1614 2248 1797 2314 τοῦτό
1835 2273 1923 2314 σοι
1951 2248 2400 2326 διεκελευόμην.
2441 2248 2738 2315 Multum

345 2366 637 2446 praestat
697 2359 1120 2444 imperativus
1183 2356 1491 2434 μέμνησο,
1555 2359 1750 2422 sicuti
1794 2358 2095 2422 continuo
2144 2358 2435 2441 sequitur
2482 2355 2739 2433 δίδαξον.

345 2464 752 2530 Indicativus
796 2462 1109 2544 μέμνησαι
1158 2483 1225 2526 se
1269 2466 1440 2527 recte
1483 2462 1678 2530 habet
1730 2459 1902 2528 150.

451 2682 614 2748 Ibid.
659 2680 799 2749 70:
851 2683 985 2762 περὶ
1031 2685 1137 2746 τοῦ
1179 2681 1542 2760 κουφοτέρου
1581 2681 1984 2762 διακριθεῖμεν
2024 2681 2120 2748 ἄν.
2162 2681 2428 2769 Aliquid
2468 2684 2740 2750 excidit:

353 2790 554 2853 sicuti
612 2809 808 2875 supra
852 2787 1097 2874 legitur
1141 2789 1362 2866 ταχὺ
1416 2789 1798 2864 παυσαίμεθ’
1850 2787 1923 2851 ἂν
1972 2795 2084 2859 τῆς
2131 2787 2457 2869 διαφορᾶς,
2505 2793 2746 2875 pariter

351 2915 529 2959 nunc
566 2896 853 2978 requiro:
894 2894 1098 2976 (ρ’ᾳδί
1115 2900 1233 2972 ως)
1273 2894 1676 2972 διακριθεῖμεν
1718 2892 1813 2971 ἄν,
1856 2894 2028 2978 quod
2068 2893 2445 2960 adverbium
2486 2894 2741 2961 facilius

353 3000 646 3065 excidere
691 3002 908 3085 potuit
954 3020 1148 3084 quam
1191 2999 1259 3064 id
1308 2999 1478 3085 quod
1523 2999 1829 3066 Schanzio
1877 2998 2123 3084 placuit
2170 2999 2367 3079 ταχύ.

452 3219 613 3285 Ibid.
664 3218 809 3287 90:
859 3217 999 3285 τάδε
1045 3217 1111 3284 δέ
1151 3243 1256 3283 σου
1298 3217 1581 3293 ἐνενόησα
1624 3217 1766 3297 ἅμα
1811 3217 2102 3296 λέγοντος
2144 3219 2245 3282 καὶ
2288 3218 2434 3298 πρὸς
2475 3219 2742 3310 ἐμαυτὸν

357 3329 647 3389 σκοπῶ.
696 3324 969 3391 Malim:
1019 3330 1361 3389 σκοπῶν.

450 3544 612 3609 Ibid.
667 3543 746 3608 11
768 3543 854 3608 B:
905 3542 1346 3628 Interrogatus
1391 3541 1776 3628 Euthyphro
1821 3563 1945 3607 non
1991 3541 2158 3608 dixit
2202 3543 2358 3628 quid
2392 3548 2593 3623 esset,
2634 3543 2744 3610 sed

357 3649 517 3737 quid
579 3647 838 3714 πέπονθε
899 3652 1075 3712 τοῦτο
1140 3648 1207 3712 τὸ
1271 3643 1445 3712 ὅσιον.
1508 3647 1807 3734 Languet
1864 3653 2085 3714 autem
2131 3649 2299 3734 quod
2346 3649 2741 3752 adscriptum

357 3762 494 3822 est:
543 3755 858 3854 Φιλεῖσθαι
911 3753 1024 3818 ὑπὸ
1072 3754 1322 3819 πάντων
1369 3755 1530 3818 θεῶν.
1964 3763 1969 3768 ’

449 3973 611 4038 Ibid.
666 3973 742 4038 ll
767 3971 838 4040 G.
886 3972 1028 4038 Hoc
1075 3975 1131 4036 si
1175 3972 1474 4056 equidem
1520 3971 1860 4050 dixissem,
1908 3970 2104 4038 verba
2148 3978 2301 4038 sunt
2346 3973 2623 4040 Socratis
2660 3974 2741 4039 ad

357 4079 936 4165 Euthyphronem‚
995 4077 1137 4149 ἴσως
1191 4077 1268 4141 ἄν
1305 4102 1386 4153 με
1437 4076 1832 4148 ἐπέσκωπτες
1856 4100 1871 4117 ·
1912 4099 2142 4144 verum
2181 4087 2295 4144 tua
2332 4081 2535 4145 oratio
2577 4080 2737 4144 fuit:

360 4185 470 4248 σαὶ
531 4185 656 4263 γὰρ
718 4185 786 4248 αἱ
850 4184 1158 4254 ὑποθέσεις
1225 4183 1410 4247 εἰσίν·
1477 4181 1676 4246 ἄλλου
1740 4184 1810 4258 δή
1876 4208 2028 4254 τινος
2081 4185 2175 4249 δεῖ
2217 4189 2743 4262 σκώμματος.

359 4288 572 4353 Facile
633 4291 946 4354 sentimus
1005 4310 1120 4374 per
1166 4292 1382 4353 totum
1432 4285 1764 4373 dialogum
1812 4288 2139 4354 Socratem
2185 4289 2461 4356 ludibrio
2508 4290 2739 4356 habere

355 4394 933 4481 Euthyphronem‚
998 4395 1107 4460 sed
1169 4415 1340 4460 nunc
1396 4415 1647 4480 quoque
1710 4395 1864 4460 facit
1925 4394 2094 4480 quod
2157 4417 2409 4481 semper
2472 4397 2625 4461 facit
2679 4402 2745 4462 et

359 4499 572 4584 lepide
632 4500 1041 4579 εἰρωνεύεται·
1105 4503 1270 4565 serio
1334 4499 1575 4564 scilicet
1637 4503 1850 4586 pergit
1910 4500 2237 4585 disputare
2295 4509 2359 4566 et
2422 4500 2619 4566 ἄλλου
2669 4504 2739 4578 δή
