3392 5384
701 388 832 459 378
858 382 861 387 ’
1475 410 1580 479 *nn
1623 408 1941 483 1100111010
1985 408 2304 457 0111111100.

1058 578 1243 640 ἀλλ’
1295 573 1628 656 ἡφύσις
1677 574 1814 638 καὶ
1867 572 2227 656 τοῦρθόν·
2278 572 2339 649 ὃς
2388 575 2440 639 δ’
2489 575 2847 660 εὐγλωσσίᾳ

1063 688 1199 765 νικᾷ
1223 730 1239 760 ,
1289 682 1479 763 σοφὸς
1530 682 1663 760 μέν,
1714 684 1863 746 ἀλλ’
1911 682 2032 759 ἐγὼ
2082 682 2164 746 τὰ
2214 683 2573 762 πράγματος

1066 790 1318 868 κρείσσω
1367 788 1584 869 νομίζω
1635 794 1751 852 τῶν
1800 788 2002 866 λόγων
2050 789 2152 853 οὲεί
2200 813 2369 853 ποτε.

787 894 862 959 111
909 896 1027 960 1100
1075 898 1390 961 sententia
1435 896 1510 961 de
1558 896 1828 961 humani
1876 898 2077 960 animi
2121 895 2337 961 indole
2384 898 2594 981 magis
2633 894 2818 961 firma
2857 897 3099 981 magis-

696 1022 820 1086 que
881 1000 1003 1067 fide
1063 1000 1258 1088 digna
1328 1024 1519 1088 quam
1583 1004 1720 1067 sive
1782 1001 1959 1088 leges
2006 1008 2157 1066 sunt
2204 1004 2341 1068 sive
2390 1005 2737 1082 0101101100,
2786 1003 2917 1084 fere
2966 1003 3097 1067 sibi

697 1113 947 1174 constat
1010 1116 1217 1194 poeta.
1282 1108 1406 1175 Sed
1469 1111 1739 1195 gravius
1787 1108 1995 1174 multo
2044 1115 2177 1174 erat
2226 1108 2302 1175 de
2348 1112 2487 1194 ipsa
2530 1114 2758 1174 natura
2804 1109 3093 1174 humana

697 1213 1016 1281 iudicium
1076 1214 1239 1280 ferre
1301 1215 1469 1300 quod
1533 1220 1701 1279 stare
1762 1222 1995 1300 posset.
2062 1214 2231 1295 Quid
2292 1218 2464 1279 enim
2509 1215 2788 1281 hominis
2833 1214 2945 1279 ille
2993 1219 3094 1280 est

699 1324 940 1403 τρόπος,
991 1321 1097 1387 vel
1150 1318 1384 1401 cpv‘caq?
1445 1318 1795 1386 Innataue?
1842 1320 1928 1397 Et
1975 1323 2029 1385 si
2076 1323 2331 1399 innata,
2383 1343 2541 1386 num
2587 1320 2905 1386 eiusmodi
2951 1322 3093 1385 eius

699 1434 798 1494 001
853 1427 1098 1493 indoles
1162 1431 1233 1492 ut
1300 1448 1551 1513 semper
1612 1449 1726 1515 per
1787 1426 2021 1493 nobilis
2083 1430 2337 1513 generis
2400 1430 2628 1493 seriem
2656 1432 2770 1493 ‘ex
2831 1432 3096 1513 parente

694 1535 967 1601 nobilior
1042 1534 1563 1619 emendatiorque
1628 1534 1919 1599 tradatur
1982 1531 2176 1599 filiis?
2247 1536 2348 1598 An
2410 1533 2666 1619 qualem
2729 1536 3095 1619 accepimus

699 1662 842 1708 eam
887 1663 924 1707 a
969 1646 1149 1727 patre
1199 1639 1428 1705 talisne
1475 1636 1850 1725 permanet?
1898 1638 2294 1705 Educatione
2334 1641 2666 1706 informari
2704 1636 2953 1727 potest?
2992 1639 3097 1704 Ex

696 1749 961 1814 honesto
1003 1747 1250 1825 mulne,
1301 1768 1377 1811 ex
1419 1747 1713 1831 improbo
1754 1746 2060 1811 honestus
2098 1749 2380 1811 nascitur
2413 1745 2741 1832 unquam?
2783 1785 2867 1795 —
2910 1745 3097 1812 Talia

699 1857 776 1921 ab
819 1854 1147 1940 Euripidis
1191 1852 1560 1938 aequalibus
1603 1852 1920 1939 singulari
1960 1874 2109 1918 cura
2149 1859 2212 1918 et
2250 1860 2385 1919 arte
2428 1854 2743 1940 disputari
2786 1852 3098 1919 solebant.

693 1961 838 2027 Non
902 1963 1146 2025 mirum
1211 1962 1428 2045 itaque
1491 1962 1547 2024 si
1613 1966 1800 2045 poeta
1858 1962 2143 2038 scenicus
2192 1962 2693 2027 controversiam
2738 1963 2808 2025 111
2854 1959 3097 2027 scholis

701 2066 1141 2153 sophistarum
1203 2066 1602 2132 decantatam
1624 2116 1647 2151 ,p
1706 2089 1820 2132 nec
1883 2060 2169 2152 unquam
2228 2070 2297 2131 in
2357 2066 2693 2133 Socraticis
2758 2065 3097 2152 colloquiis

699 2173 1100 2261 neglectam,
1151 2194 1366 2239 coram
1413 2172 1652 2260 populo
1691 2176 1760 2239 in
1800 2174 2087 2253 theatro,
2131 2174 2381 2240 diverso
2419 2174 2691 2252 iudicio,
2734 2176 2801 2237 in
2844 2174 3096 2239 diversa

702 2281 1180 2366 disputantibus
1242 2280 1542 2345 heroibus
1604 2286 1668 2345 et
1729 2280 2044 2358 heroinis,
2108 2282 2431 2346 tractavit.
2496 2280 2566 2345 Si
2620 2285 2875 2366 poetam
2923 2278 3096 2365 quod

701 2389 770 2452 in
832 2387 948 2452 hac
1014 2408 1081 2451 re
1145 2408 1375 2472 parum
1437 2388 1560 2453 sibi
1622 2392 1909 2452 constare
1977 2386 2270 2453 videatur
2331 2406 2624 2465 accusas,
2690 2385 3098 2473 respondebit

701 2495 957 2578 opinor:
1022 2494 1126 2557 οὐκ
1191 2493 1336 2570 ἐμὸς
1404 2492 1430 2557 ὃ
1481 2494 1706 2571 μῦθος,
1756 2514 1907 2557 110111
1954 2495 2451 2559 controversiam
2497 2495 2706 2578 ipsam
2751 2494 3097 2579 depingere

699 2601 957 2667 mavult
1002 2620 1197 2684 quam
1246 2600 1401 2687 quid
1448 2621 1674 2667 verum
1724 2602 1808 2665 sit
1858 2599 2209 2666 decernere.
2260 2599 2385 2665 Sed
2433 2606 2647 2665 tamen
2694 2601 2799 2665 hic
2845 2620 3099 2686 quoque

699 2728 824 2772 non
871 2728 1128 2792 prorsus
1175 2705 1371 2785 latet,
1424 2728 1703 2792 quonam
1750 2706 2024 2772 declinet
2067 2709 2271 2792 ipsius
2319 2706 2644 2792 Euripidis
2694 2708 2929 2793 opinio.

794 2813 960 2879 Raro
1027 2814 1403 2892 „innatam”
1462 2812 1647 2878 illam
1697 2814 1774 2878 de
1823 2834 1947 2899 qua
1995 2814 2161 2878 dixit
2209 2813 2743 2879 Wilamowitzius
2809 2815 3101 2899 „ingenii

697 2918 1022 2984 indolem’'
1072 2941 1232 3005 quae
1281 2922 1524 2984 mutari
1569 2941 1696 2984 non
1745 2922 1980 3006 possit,
2031 2920 2350 3005 professus
2398 2942 2531 2986 esse
2578 2919 2853 2987 videtur.

785 3025 1034 3110 Nempe
1096 3048 1220 3091 non
1282 3024 1569 3091 multum
1635 3025 1900 3094 valebit,
1936 3026 2015 3091 ad
2079 3029 2343 3092 intimas
2390 3025 2719 3112 Euripidis
2769 3027 3102 3112 opiniones

696 3131 1188 3217 pernoscendae,
1247 3134 1447 3218 siquis
1494 3131 1713 3198 afferat
1757 3131 1923 3197 illud
1965 3153 2041 3197 ex
2081 3133 2313 3220 Dictys
2353 3134 2429 3199 fr.
2472 3132 2603 3199 333
2654 3172 2738 3182 —
2788 3133 2901 3198 ubi
2951 3152 3103 3210 „ve-

738 3259 814 3303 us
861 3239 1318 3323 proverbium'’
1370 3238 1691 3324 quoddam
1738 3238 2072 3304 laudatur:

1061 3350 1186 3425 φεῦ
1234 3350 1394 3425 φεῦ,
1429 3328 1715 3415 ’παλαιὸς
1768 3340 1925 3417 αἶνος
1976 3348 2051 3417 ὥς
2104 3352 2305 3417 καλῶς
2358 3343 2530 3425 ἔχει·

1062 3452 1169 3516 οὐκ
1220 3450 1295 3517 ἂν
1346 3452 1581 3530 γένοιτο
1627 3450 1899 3533 χρηστὸς
1952 3453 2018 3516 ἐκ
2069 3456 2257 3516 κακοῦ
2307 3451 2575 3534 πατρός,

691 3560 834 3623 11111
882 3557 1148 3623 chorum
1199 3557 1382 3623 edere
1426 3565 1649 3643 poetae
1693 3560 2041 3623 sententias
2090 3557 2339 3624 docebis
2384 3580 2531 3623 cum
2572 3558 2791 3623 audies
2828 3560 2895 3621 in
2934 3555 3096 3623 Hec.

703 3661 832 3731 379
878 3667 972 3729 ita
1019 3664 1355 3729 choreutas
1405 3663 1776 3751 Polyxenen
1821 3663 2153 3729 laudantes

1063 3758 1246 3843 δὲινὸς
1299 3772 1627 3851 χαρακτὴρ
1677 3771 2036 3849 :canianum
2086 3771 2145 3834 ἐν
2193 3770 2432 3861 βροτοῖς

1063 3876 1287 3940 ἐσθλῶν
1337 3877 1662 3956 γενέσθαι,

699 3985 944 4048 mirum
981 3985 1154 4048 enim
1195 3989 1360 4049 esset
1401 3986 1456 4048 01
1494 4005 1618 4049 11011
1663 3986 1757 4049 ita
1794 3982 2151 4049 iudicarent
2194 3984 2413 4049 heroes
2452 3986 2577 4070 ipsi
2622 3984 2822 4050 nobili
2861 4006 3101 4072 genere

695 4092 1014 4175 prognati.
1079 4090 1344 4155 Paratos
1408 4092 1701 4156 invenias
1769 4089 1918 4155 illos
1979 4091 2269 4157 homines
2317 4090 2395 4156 ad
2440 4092 2798 4157 iterandam
2844 4112 3102 4179 semper

703 4195 886 4260 illam
934 4218 1011 4261 ex
1060 4196 1409 4262 Alcmeone
1459 4199 1824 4281 opinionem
1875 4197 1977 4278 (fr.
2032 4197 2143 4278 75)

1959 4304 2035 4376 ὥς
2089 4304 2314 4377 ἀληθὲς
2368 4298 2432 4377 ἦν
2481 4300 2636 4384 ἄρα·

1059 4408 1286 4473 ἐσθλῶν
1333 4408 1449 4472 ἀπ’
1502 4409 1722 4489 ἀνδρῶν
1773 4408 1963 4474 ἐσθλὰ
2014 4408 2306 4488 γίγνεται
2357 4410 2581 4486 τέκνα,

1054 4520 1253 4583 κακῶν
1300 4514 1350 4582 δ’
1396 4511 1578 4595 ὅμοιοι
1625 4525 1702 4599 τῇ
1752 4517 1941 4601 <ptine
1995 4526 2069 4603 τῇ
2121 4521 2227 4587 τοῦ
2278 4516 2531 4603 πατρός.
