3392 5384
670 394 802 462 426
1710 377 2023 460 nonanus.

758 580 982 665 Itaque
1028 581 1426 665 repperimus

757 686 1112 751 Probum
1161 686 1258 750 bis
1299 684 1387 750 IV
1440 684 1500 750 3.
1529 683 1568 748 5
1617 684 1976 766 (diuma),
2025 683 2080 749 V
2133 682 2193 748 3.
2226 683 2265 746 4
2308 684 2618 768 (quaerit).
2668 683 2903 761 Locos,
2944 683 3061 748 ubi

662 793 1144 877 Probus-Asper
1193 791 1460 857 indicati
1509 812 1642 856 esse
1691 796 1992 876 possunt:
2058 789 2228 856 Prol.
2283 789 2387 868 17,
2438 787 2607 855 252*
2638 787 2689 869 ¹)
2738 789 2769 854 I
2820 787 3056 856 1.17*.

666 897 752 962 58
808 897 1147 978 (delio-abst,
1215 896 1369 977 4.1‚
1433 896 1588 962 ibid.
1641 896 1702 963 7.
1768 896 1830 961 ΙΙ
1883 896 2077 962 1.24.
2127 895 2189 961 II
2239 895 2300 961 3.
2332 894 2481 973 6?*‚
2532 896 2639 962 22.
2704 895 2768 960 II
2815 893 3053 973 2.1?*,

665 1003 813 1068 30⁴⁸.
861 1003 948 1068 IV
996 1004 1058 1067 4.
1090 1002 1233 1081 15⁴³,
1286 1002 1347 1082 5,
1379 1002 1482 1068 13.
1534 1002 1587 1067 V
1638 1003 1701 1068 4.
1730 1001 1814 1067 25
1839 1001 1908 1068 Ῡ*

751 1109 974 1175 Editor
1013 1115 1218 1176 semet
1256 1112 1393 1195 ipse
1433 1109 1745 1175 indicasse
1772 1109 2029 1176 videtur
2053 1131 2167 1195 per
2192 1110 2348 1174 alios
2382 1108 2445 1174 11
2487 1109 2547 1175 5.
2581 1109 2685 1189 19,
2727 1109 2820 1174 III
2856 1110 2914 1175 1.
2947 1108 3079 1174 18:

753 1215 824 1280 In
873 1214 904 1278 I
959 1216 1015 1281 1.
1045 1215 1132 1281 28
1179 1223 1359 1294 errat,
1407 1218 1544 1301 qui:
1599 1216 1888 1282 Donatus
1935 1222 2066 1292 est,
2117 1217 2432 1282 refutatus
2480 1237 2516 1282 a
2565 1219 2895 1303 mag-istm.

755 1320 984 1387 Plures
1052 1323 1255 1388 fontes
1318 1321 1744 1410 designantur
1804 1322 1975 1388 Prol.
2044 1323 2147 1401 17,
2216 1322 2310 1388 ΙΙΙ
2356 1322 2417 1389 2.
2447 1321 2571 1402 30;
2636 1343 2715 1387 ex
2777 1322 2883 1386 his
2926 1321 3056 1387 duo

663 1427 770 1494 vel
831 1449 999 1495 unus
1060 1431 1358 1516 magistri
1423 1429 1719 1507 fuerunt,
1786 1429 2047 1515 perinde
2098 1435 2291 1515 atque
2336 1429 2601 1514 quidam,
2652 1435 2793 1492 sunt
2839 1428 2944 1512 qui
2988 1430 3059 1492 in

663 1534 695 1600 I
745 1534 806 1600 5.
836 1534 942 1614 65,
994 1535 1055 1602 H
1105 1535 1302 1615 3.21,
1354 1534 1551 1601 5.18.

1615 1763 2096 1830 Eunuchus

753 1965 784 2030 I
838 1967 892 2031 1.
924 1964 957 2028 1
1033 1964 1172 2030 Non
1224 1984 1366 2029 eam
1412 1985 1490 2029 ne
1538 1984 1708 2028 nunc
1756 1962 2016 2048 quidem

753 2069 848 2152 (7)
913 2071 1100 2149 „Non
1147 2072 1332 2135 eam''
1397 2070 1643 2135 Probus
1693 2069 2076 2156 distinguit,
2128 2072 2411 2156 iungunt
2457 2066 2757 2154 (AsperY)
2803 2071 2915 2160 qui
2963 2089 3057 2133 se·
3176 2063 3183 2068 ’

663 2177 947 2244 cundum
994 2176 1334 2242 Menandri
1381 2176 1753 2261 exemplum
1800 2174 2049 2263 legunt.
2102 2170 2257 2241 Vide
2312 2175 2550 2242 Wessn.
2600 2197 2662 2262 p.
2713 2173 2796 2239 21
2826 2196 2957 2260 sqq.

752 2284 783 2349 I
832 2284 894 2349 2.
924 2284 962 2347 5
1034 2276 1187 2349 Ιειή
1220 2282 1488 2349 calesces
1535 2280 1682 2369 plus
1732 2285 1887 2348 satis
2270 2289 2280 2297 ”

757 2390 852 2472 (4)
921 2389 1060 2456 Hoc
1123 2390 1384 2476 quidam
1447 2395 1713 2474 putant,
1780 2395 1846 2454 at
1907 2389 2072 2454 mihi
2135 2389 2415 2466 videtur,
2476 2394 2626 2454 cett.
2715 2385 2809 2455 Cf.
2860 2408 3056 2472 supra

660 2495 866 2573 locos,
930 2497 1044 2562 ubi
1105 2497 1391 2562 vidimus
1438 2496 1767 2561 Donatum
1818 2516 1985 2574 esse,
2037 2497 2150 2581 qui
2197 2495 2436 2560 refutat
2480 2497 2898 2580 interpretem
2947 2515 3055 2558 an-

658 2605 995 2680 teriorem,
1045 2603 1306 2668 fortasse
1353 2602 1638 2667 Probum
1688 2603 2006 2687 Asprum;
2057 2609 2199 2666 tum
2248 2602 2317 2666 hi
2365 2599 2571 2666 denuo
2620 2611 2930 2666 errarunt.

751 2707 914 2772 Ibid.
966 2707 1004 2772 6
1077 2707 1276 2788 „Quis
1338 2709 1442 2772 hic
1503 2707 1792 2792 legitur''
1857 2729 1978 2772 non
2029 2709 2327 2793 imperite
2375 2706 2802 2793 intellegunt,
2852 2728 3052 2772 mere-

663 2817 888 2880 tricem
936 2817 1132 2880 etiam
1178 2814 1296 2878 hoc
1343 2812 1682 2896 simulare,
1736 2817 1882 2878 cett.

750 2920 990 2985 Probat
1052 2919 1343 2985 Donatus
1404 2923 1769 3005 opinionem
1834 2927 1978 2985 ante
2042 2920 2393 3006 prolatam,
2445 2922 2711 2987 fortasse
2761 2942 2797 2987 a
2841 2921 3051 2987 Probo

660 3028 888 3112 Aspr0.

624 3160 640 3178 ’
748 3132 910 3200 Ibid.
965 3132 1047 3197 10
1073 3132 1167 3215 (3)
1233 3134 1476 3212 „Missa
1537 3136 1735 3200 istaec
1801 3134 1975 3200 face''
2045 3135 2168 3200 alia
2232 3134 2667 3201 dissimulatio
2712 3140 2777 3200 et
2824 3135 3050 3201 durior

655 3247 796 3326 post
843 3239 1346 3308 admonitiones:
1397 3240 1493 3322 (4)
1541 3241 1651 3326 sed
1701 3242 1859 3307 bene
1906 3241 2263 3328 intellegit,
2316 3245 2427 3328 qui
2472 3243 2591 3308 hoc
2640 3263 2676 3307 a
2715 3243 3049 3307 meretrice

654 3347 898 3413 ridente
947 3346 1229 3412 molliter
1275 3354 1339 3412 et
1387 3347 1681 3412 osculum
1732 3350 2103 3434 porrigente
2151 3348 2276 3412 dici
2324 3350 2575 3434 accipit.

746 3453 965 3518 Unum
1015 3455 1394 3518 continuum
1436 3453 1711 3531 Donati,
1752 3455 2079 3538 probantis
2119 3453 2421 3519 lectorem
2463 3452 2570 3520 vel
2605 3456 3044 3539 interpretem,

657 3563 767 3646 qui
816 3561 1008 3625 verba
1060 3563 1150 3624 sic
1198 3562 1460 3644 accepit.
1533 3559 1773 3645 Scripsi
1818 3582 1968 3625 cum
2016 3560 2151 3626 cod.
2200 3559 2252 3624 Τ
2303 3560 2856 3638 „admonitiones”
2906 3559 3046 3647 plu-

655 3665 776 3730 rali
838 3687 1141 3744 numer0,
1209 3687 1356 3730 cum
1405 3665 1878 3753 intelligantur,
1930 3688 2089 3752 quae
2138 3666 2331 3731 Thais
2379 3668 2545 3732 dixit
2592 3689 2687 3734 vs,
2740 3664 2777 3732 ⁸7
2832 3666 3043 3748 „Quid

656 3769 910 3837 stabas?
957 3770 1088 3838 Gur
1136 3794 1262 3837 non
1310 3775 1480 3836 intro
1526 3769 1749 3837 ibas?''
1799 3778 1863 3838 et
1910 3795 2004 3838 vs,
2058 3773 2099 3838 8
2154 3773 2359 3858 „Quid
2409 3771 2661 3838 taces?’'

747 3877 780 3941 1
825 3877 886 3942 2.
915 3877 1001 3944 87
1030 3877 1125 3958 (4)
1195 3878 1542 3943 Eunuchos
1607 3900 1641 3943 a
1690 3879 1905 3944 Persis
1950 3883 2285 3945 institutos
2332 3886 2561 3965 putant
2610 3903 2688 3946 ex
2736 3883 3040 3967 captivis3

654 4005 689 4048 a
737 3983 1176 4070 Babylonibus
1226 3987 1399 4050 enim
1449 3984 1825 4051 Hellanicus
1876 3994 2096 4051 auctor
2142 3992 2353 4051 exstat
2400 3987 2467 4050 id
2517 3987 2835 4053 habuisse.
2906 3983 2913 3990 ’

744 4089 1069 4155 Hellanici
1131 4094 1524 4157 mentionem
1590 4113 1703 4178 per
1753 4093 2033 4178 Asprum
2083 4093 2188 4160 vel
2233 4093 2519 4159 Probum
2570 4094 2648 4159 ad
2696 4093 3040 4159 Varronem

582 4225 592 4232 ·
652 4197 857 4263 redire
906 4197 1162 4263 dixeris.

717 4457 771 4520 1)
824 4456 1023 4520 Signum
1069 4456 1463 4520 interrogationis
1511 4456 1727 4521 designat
1774 4457 2113 4510 auctoritatem
2150 4459 2297 4510 Probi
2337 4459 2481 4528 Aspri
2516 4459 2653 4511 valde
2686 4458 2877 4510 dubiam
2912 4473 3038 4519 ess03

647 4538 897 4589 asteriscus
931 4542 1104 4600 autem,
1143 4540 1296 4590 fontes
1333 4554 1528 4590 errasse.
