3392 5384
1379 380 1695 449 nonnus.
2600 365 2738 432 285

347 551 474 620 111·-
511 551 570 616 1.
597 549 638 614 4
709 549 972 634 Semper
1045 547 1240 627 ;,sed'’
1274 571 1283 578 ·
1313 549 1670 630 contrariae
1738 548 2093 612 sententiae
2161 547 2545 634 significatio
2614 553 2739 615 est.

350 659 595 725 Phorm
655 656 686 721 I
733 655 795 722 2.
827 653 986 740 7(2)
1037 654 1203 732 „Sed
1251 656 1363 740 qui
1414 659 1487 719 tu
1533 675 1600 720 es
1646 651 1941 719 tristis?’'
1991 659 2092 736 (ut
2138 653 2303 736 h..l.)
2358 656 2551 734 „sed”
2586 677 2743 741 par-

350 764 552 831 ticula
622 765 966 830 transitum
1029 760 1350 848 significat
1413 761 1492 827 ad
1554 763 1950 826 mentionem
2013 759 2277 825 alterius
2338 764 2451 827 rei.
2544 762 2740 848 quue
2835 751 2841 756 ’

335 872 678 957 repetivit·
721 868 972 934 Editor*
1006 867 1084 933 ad
1143 866 1180 931 ·I
1243 866 1304 932 4.
1335 865 1418 934 37
1447 867 1542 949 (l)
1612 866 1779 946 „Sed
1840 869 1986 952 quis
2050 867 2153 932 hic
2215 873 2310 933 est
2371 889 2561 934 senex
2592 919 2605 935 .
2635 866 2739 934 .?'’

355 977 587 1059 ,‚Sed’',
626 981 700 1042 ut
739 976 1022 1041 diximus
1056 974 1122 1055 ¹),
1175 975 1525 1039 transitum
1573 973 1893 1060 significat
1938 973 2017 1039 ad
2065 973 2337 1040 alteram
2375 997 2511 1040 rem
2553 977 2631 1042 ab
2671 996 2745 1042 ea

354 1105 516 1172 quae
565 1083 897 1170 agebatur.
2446 1107 2449 1110 -

444 1191 659 1278 Igitur
703 1196 1054 1274 utrumque
1102 1186 1421 1254 scholium
1469 1207 1505 1252 a
1546 1186 1795 1253 Donato
1834 1185 2139 1252 alienum.
2191 1186 2401 1265 „Sed”
2445 1209 2558 1275 pro
2593 1209 2747 1275 ergo
2844 1196 2851 1202 ’

352 1301 420 1365 in
484 1297 579 1380 (1)
642 1318 755 1383 per
816 1317 882 1362 se
948 1293 1188 1361 falsum
1255 1299 1396 1372 est,·
1454 1300 1520 1359 et
1581 1293 1677 1375 (2)
1719 1299 1969 1380 pugnat
2013 1315 2163 1359 cum
2209 1292 2373 1360 Don.
2424 1294 2748 1360 ad’Andr.

351 1404 417 1470 II
486 1404 554 1469 1.-
580 1403 682 1481 10,
745 1403 914 1468 unde
980 1410 1189 1467 tamen
1259 1399 1486 1485 Editor
1548 1398 1923 1486 exemplum
1986 1405 2323 1466 mutuatus
2385 1407 2501 1466 est.
2566 1398 2753 1468 Gom-

357 1516 654 1576 mentum
714 1509 984 1574 vacabat
1047 1508 1124 1574 de
1191 1506 1413 1586 ,‚sed''‚
1480 1512 1545 1571 et
1608 1505 1686 1570 ad
1735 1505 1907 1571 hunc
1955 1527 2215 1572 versum
2264 1506 2427 1571 nihil
2477 1507 2753 1573 habebat

341 1622 610 1706 praeter
653 1617 920 1681 initium
970 1613 1195 1681 scholii
1240 1613 1358 1696 (3),
1410 1615 1596 1679 cuius
1642 1618 1967 1702 postrema
2014 1633 2161 1698 pars
2226 1615 2480 1691 „omnis
2533 1613 2748 1680 eni-m’'

361 1718 520 1790 cett.=
561 1729 695 1788 tam
740 1720 901 1786 falsa
947 1725 1044 1787 est
1093 1741 1288 1807 quam
1335 1717 1634 1805 insipida.

387 1855 396 1862 ·
453 1827 692 1915 Aliqua
755 1827 1096 1893 difficultas
1157 1831 1375 1892 manet
1438 1825 1890 1922 in'particula
1940 1826 2345 1915 ,‚an’',·quae
2393 1827 2489 1910 (2)
2532 1830 2756 1916 iungit

265 1933 272 1940 ’
363 1956 515 2001 cum
577 1934 693 2016 (1).
764 1934 941 2000 Num
1008 1935 1219 2020 igitur
1278 1932 1505 1997 Editor
1567 1953 1691 1998 non
1752 1931 1991 1999 Donati
2052 1934 2163 1999 sed
2223 1934 2391 2001 alius
2452 1938 2754 2022 magistri

361 2040 605 2108 scholio
644 2041 741 2123 (1)
789 2062 980 2106 suum
1030 2041 1126 2122 (2)
1173 2034 1425 2117 adfixit,‘
1460 2060 1539 2105 an
1586 2047 1940 2125 utrumque
1988 2041 2065 2106 ab
2105 2061 2179 2108 eo
2219 2041 2577 2126 profectum
2617 2039 2757 2107 est?

364 2147 540 2214 Illud
600 2150 731 2214 vix.
775 2147 1115 2226 credibile,
1174 2169 1325 2212 nam
1387 2168 1537 2212 eum
1583 2167 1837 2233 semper
1882 2147 2089 2213 adhuc
2137 2147 2217 2212 ad
2263 2150 2545 2234 genuina
2591 2169 2760 2214 com-

349 2256 570 2320 ·menti
615 2253 857 2320 scholia
903 2275 968 2318 se
1011 2252 1358 2340 applicasse
1407 2253 1716 2333 vidimus,
1761 2255 1979 2339 itaque
2024 2256 2240 2340 potius
2286 2255 2383 2336 (1)
2432 2261 2497 2320 et
2543 2254 2638 2336 (2)
2678 2254 2759 2320 ad

339 2360 636 2430 eundem
683 2361 971 2426 redeunt.
2802 2357 2809 2360 ’

348 2541 354 2546 .
457 2467 618 2532 Ibid.
673 2464 754 2532 1¹7
823 2467 922 2532 Ibi
965 2465 1326 2552 plurimum
1375 2470 1472 2531 est

458 2574 556 2657 (5)
617 2573 877 2640 Scilicet
947 2581 1207 2661 propter
1267 2594 1550 2639 amorem
1613 2575 1835 2639 uxoris
1880 2593 2051 2639 suae.
2146 2574 2466 2660 Ineptum,
2516 2576 2754 2640 etenim

368 2682 725 2748 affirmatur
768 2682 890 2747 hoc
935 2702 1060 2747 non
1110 2681 1185 2747 de
1233 2701 1401 2760 sene,
1452 2680 1564 2746 sed
1611 2680 1688 2746 de
1736 2679 2159 2748 adulescente.

344 2859 356 2883 ς
459 2788 621 2854 Ibid.
671 2787 780 2852 24.
849 2787 1047 2854 Nulla
1093 2793 1190 2854 est
1237 2789 1401 2853 mihi
1445 2789 1582 2853 vita
1630 2787 1983 2873 expetenda
2028 2790 2193 2868 (sine
2242 2789 2516 2870 Phanio)

461 2897 557 2978 (1)
607 2893 846 2974 „Nulla
884 2915 997 2981 pro
1038 2917 1186 2960 non.
1305 2896 1400 2976 (2)
1441 2896 1541 2960 An
1581 2893 1826 2960 nullius
1866 2895 2289 2975 condicionis,
2334 2897 2517 2981 quasi
2556 2894 2755 2962 dicat:

367 3023 447 3068 ne
512 3003 774 3068 deorum
831 3004 968 3068 vita
1015 3001 1277 3086 quidem
1322 3001 1488 3066 mihi
1533 3000 1739 3067 dulcis
1788 3008 1885 3067 est
1929 3004 2065 3067 sine
2113 2999 2216 3067 te?
2354 3001 2451 3084 (3)
2498 3001 2759 3086 Scilicet

368 3107 551 3174 nulla
597 3111 735 3176 vita
778 3110 867 3173 sit
911 3107 1267 3194 expetenda
1312 3109 1446 3172 sine
1492 3107 1764 3173 Phanio.

349 3277 354 3282 .
461 3215 588 3280 Hic
646 3214 932 3280 Donatus
994 3219 1092 3279 est
1151 3215 1264 3298 qui
1325 3212 1501 3278 dedit
1562 3215 1659 3292 (l)
1723 3220 1789 3278 et
1849 3213 1945 3295 (2)
2009 3217 2085 3278 ut
2132 3235 2328 3279 unam
2376 3217 2758 3280 sententiam

369 3323 905 3408 interrogativam
943 3321 1019 3401 ²).
1107 3318 1281 3385 Illud
1367 3318 1463 3399 (3)
1549 3318 1923 3405 magistello
1956 3381 1965 3388 ,
2001 3319 2259 3386 cuidam
2330 3320 2757 3387 tribuendam.

373 3429 653 3509 „Nullus
713 3449 829 3514 pro
893 3425 1089 3493 non”
1159 3426 1457 3513 frequens
1517 3430 1615 3491 est
1675 3427 1742 3489 in
1798 3426 1899 3492 his
1960 3425 2225 3492 scholiis
2288 3426 2364 3492 de
2423 3448 2549 3513 quo
2611 3426 2758 3493 vide

350 3535 619 3614 ‘Wessm
667 3538 734 3600 in
785 3555 930 3622 app.
977 3533 1057 3600 ad
1102 3534 1260 3600 Hec.
1308 3532 1339 3598 I
1386 3533 1448 3598 2.
1471 3534 1541 3598 4.

352 3625 362 3721 ζ
462 3642 624 3710 Ibid.
676 3640 762 3706 30
834 3641 974 3706 Hoc
1021 3639 1185 3705 nihil
1231 3644 1329 3705 est
1371 3639 1719 3706 Phaedria:
1764 3639 1945 3706 nicet

464 3748 625 3814 Don.
673 3754 841 3813 recte
889 3748 986 3829 (2)
1038 3746 1264 3827 „Hoc”
1313 3745 1662 3813 relativum
1704 3751 1809 3827 (=
1832 3747 1991 3826 hoc,
2033 3745 2202 3833 quod
2243 3746 2448 3827 dicis).
2496 3745 2759 3814 Idemne

371 3857 652 3942 perrexit
696 3875 777 3919 an
822 3853 1049 3919 Editor
1094 3856 1313 3940 potius
1358 3855 1423 3917 in
1476 3851 1604 3933 (3):
1654 3853 1755 3917 An
1797 3851 2003 3932 „hoc”
2046 3874 2196 3918 cum
2234 3858 2609 3941 contemptu
2646 3876 2759 3940 pro

375 3963 522 4042 „hic
569 3962 853 4047 Antipho
899 3960 1063 4025 nihil
1108 3959 1270 4026 est”.
1335 3959 1440 4025 Sic
1488 3957 1710 4025 Cicero
1750 3961 1819 4024 in
1861 3959 2141 4024 Verrinis
2184 3962 2350 4037 „etsi
2389 3960 2505 4026 hoc
2546 3962 2758 4026 nescio

371 4069 528 4156 quid
572 4074 957 4155 nugatorem
1004 4065 1324 4133 sciebam’'
1373 4065 1484 4156 (IV
1527 4065 1633 4144 33,
1676 4066 1791 4130 ubi
1828 4065 2020 4132 hodie
2058 4064 2187 4152 leg.
2226 4067 2760 4153 ‚‚nugatorium'')

373 4197 486 4262 pro
534 4175 815 4254 ‚‚hunc’'.
2064 4205 2069 4209 ·
2730 4225 2739 4239 .

465 4280 560 4347 De
629 4280 728 4366 (4)
799 4300 1094 4368 „semper
1155 4277 1438 4370 ’vili⁰⁰¹?”.
1481 4278 1676 4345 finem
1739 4281 1832 4344 rei
1891 4278 2277 4368 significat’',
2316 4281 2449 4345 iam
2497 4278 2635 4343 dixi
2680 4275 2761 4344 ad

447 4453 496 4515 1)
536 4453 603 4498 De
640 4447 846 4497 formula
879 4451 934 4496 ut
967 4446 1174 4496 diaeae'mus
1207 4445 1334 4496 infra
1368 4461 1521 4513 agam.

439 4535 496 4600 2)
533 4532 605 4581 cf.
644 4529 772 4580 infra
803 4529 856 4579 ΙΙ
892 4531 938 4590 1,
958 4529 1109 4591 5¹10)
1141 4527 1301 4580 initio.
