3392 5384
1570 1000 2066 1091 ADDITAM
2079 1001 2353 1091 ΕΝΤΑ

1911 1180 2000 1227 AD

1130 1319 1505 1410 COBE'H
1564 1320 2003 1412 OPERUM
2060 1322 2778 1413 CONSPEGTUM.

1834 1529 2083 1571 SORIPSI'I'

1670 1682 1736 1747 S.
1787 1684 1863 1748 A.
1912 1683 2223 1750 NABER.

1362 1821 1503 1907 (Cf.
1559 1821 1842 1887 Mnemos.
1897 1820 2070 1887 1906
2105 1845 2178 1905 p.
2229 1820 2361 1887 430
2385 1828 2538 1907 sqq.)

1753 2046 2153 2084 -οοοφαωοο-

846 2238 1233 2303 Admonitus
1293 2240 1665 2323 praesertim
1718 2238 1796 2302 ab
1844 2238 2253 2302 amicissimis
2300 2240 2456 2303 viris
2478 2286 2494 2315 ,
2545 2236 2899 2303 clarissimo
2949 2236 3140 2302 Hart-

755 2366 991 2411 manno
1052 2351 1141 2425 et,
1178 2344 1550 2410 doctissimo
1594 2344 1861 2411 Scatone
1909 2343 1986 2409 de
2035 2344 2231 2424 VrieS,
2279 2348 2380 2409 uti
2427 2351 2491 2411 et
2537 2346 2615 2411 ab
2663 2345 3141 2411 consultissimo

648 2500 669 2511 -
756 2453 899 2517 viro
936 2452 1013 2515 A.
1057 2471 1181 2516 van
1226 2450 1510 2516 Wessem
1560 2450 1811 2530 Pilano,
1851 2453 2136 2536 primum
2178 2452 2565 2517 enumerabo
2606 2472 2769 2536 quae
2816 2446 3140 2536 superiore

755 2566 941 2622 anno‘
963 2578 1068 2621 me
1115 2556 1457 2643 fugerunt:

844 2741 1285 2826 Protrepticus
1349 2740 1428 2803 ad
1488 2738 1721 2803 Studia
1766 2739 2217 2805 Humanitatis
2265 2762 2389 2825 quo
2436 2739 2738 2806 lectiones
2783 2740 2878 2806 de*
2905 2739 3140 2808 litteris

755 2844 1018 2912 Graecis
1066 2853 1130 2910 et
1177 2844 1253 2911 de
1300 2846 1818 2929 Antiquitatibus
1862 2844 2168 2910 Romanis
2215 2866 2270 2910 a.
2323 2845 2631 2935 1854-5
2679 2846 2997 2911 habendas
3038 2845 3141 2911 die

760 2950 842 3015 19
891 2972 980 3016 m.
1028 2950 1204 3035 Sept.
1253 2952 1621 3034 auspicatus
1667 2955 1766 3015 est
1815 2947 1887 3017 G.
1938 2948 2018 3016 G.
2067 2948 2138 3016 O.

844 3177 919 3242 In
978 3180 1366 3244 Memoriam
1422 3178 1561 3243 Iani
1621 3178 1699 3246 G.
1751 3180 2105 3245 Hulleman
2166 3180 2471 3247 allocutio
2533 3181 2613 3245 ad
2667 3180 3138 3247 commilitones

752 3307 946 3372 quam
994 3285 1054 3352 d.
1106 3284 1146 3349 4
1194 3307 1281 3352 m.
1333 3285 1505 3351 Iunii
1556 3286 1732 3351 1862
1779 3287 2009 3352 habuit
2054 3286 2124 3355 G.
2175 3286 2256 3354 G.
2306 3286 2376 3356 G.

841 3518 1058 3597 Quum
1122 3516 1365 3583 Bakius
1430 3517 1506 3583 de
1570 3518 1870 3583 cathedra
1931 3518 2262 3584 decederet
2322 3519 2382 3584 d.
2445 3518 2531 3583 25
2580 3541 2668 3584 m.
2719 3519 2883 3585 Maii
2935 3518 3135 3599 1857,

752 3624 984 3707 quibus
1032 3624 1246 3690 verbis
1292 3644 1442 3689 eum
1491 3622 1810 3689 allocutus
1857 3629 1954 3688 est
2002 3621 2072 3691 G.
2124 3622 2203 3691 G.
2255 3622 2326 3691 C.

841 3851 1085 3917 Advies
1146 3872 1271 3916 van
1335 3851 1456 3917 den
1520 3852 1670 3917 beer
1735 3850 1806 3919 C.
1859 3849 1940 3917 G.
1992 3850 2064 3919 O.
2130 3874 2283 3918 over
2342 3854 2454 3918 het
2498 3852 2757 3940 verslag
2806 3854 2920 3919 der
2963 3876 3139 3919 com-

750 3960 971 4024 missis
1039 3979 1292 4043 wegens
1358 3959 1470 4023 het
1534 3959 1690 4024 door
1748 3959 1902 4024 hem
1960 3958 2341 4046 ingediende
2405 3959 2680 4026 voorstel
2741 3966 2996 4046 (nempe
3059 3962 3141 4026 de

750 4064 1138 4150 profectibus
1200 4086 1418 4130 eorum
1485 4067 1597 4150 qui
1656 4065 2068 4131 Academicas
2128 4065 2434 4131 lectiones
2483 4066 2656 4132 obire
2701 4069 2970 4153 cupiunt
3017 4088 3141 4152 pu-

751 4170 916 4236 blica
962 4172 1345 4236 auctoritate
1393 4170 1842 4257 explorandis).
2165 4210 2174 4216 ·

1021 4275 1143 4357 (Of.
1204 4276 1263 4341 V
1256 4278 1567 4361 erslaqen
1574 4300 1645 4341 en
1695 4279 2185 4359 Mededeebinqen
2232 4280 2341 4342 der
2389 4278 2780 4365 Koninklv'jke
2815 4279 3144 4344 Academia

1110 4405 1229 4446 van
1282 4382 1783 4467 Wetemchappen
1835 4382 2009 4448 1855
2057 4406 2120 4469 p.
2169 4382 2546 4450 134—152.
2597 4384 2739 4449 Vid.
2789 4385 2932 4449 Vier
2970 4384 3142 4471 md-

1103 4497 1391 4572 qenooten
1436 4512 1498 4575 p.
1545 4489 1726 4571 342).
