3392 5384
1368 437 1682 486 nonnus.
2594 418 2726 487 205

429 605 590 671 Ibid.
643 601 729 671 74
793 601 888 671 cf.
939 624 1133 688 supra
1179 602 1258 668 ad
1305 603 1335 667 I
1386 602 1626 668 1.112.
2064 687 2069 691 ἡ

430 711 592 777 Ibid.
643 710 728 776 Ι76
793 709 1084 788 Videbit,
1133 707 1556 808 colloquetur,
1607 708 1813 774 aderit
1859 729 1988 773 una
2031 711 2101 773 in
2148 711 2295 774 unis
2342 710 2640 788 aedibuS‚

796 814 1032 883 Cibum
1069 836 1556 902 nonnumquam
1584 817 1794 901 capiet
1818 837 1969 880 cum
1993 837 2097 894 ea,
2121 815 2448 882 interdum
2475 824 2735 902 propter

2392 923 2667 988 dormiet

431 1030 528 1113 (1)
577 1032 907 1096 Amatoris
953 1032 1150 1095 nimis
1197 1032 1478 1116 quinque
1522 1029 1725 1095 lineas
1764 1031 2000 1096 amoris
2036 926 2387 1095 exsecutus}
2417 1035 2534 1110 est,
2578 1028 2735 1097 adeo

339 1137 702 1223 diligenter,
751 1143 829 1201 ut
875 1139 1074 1202 etiam
1122 1137 1411 1202 ordinem
1460 1137 1827 1201 custodiret.
2012 1136 2313 1216 Falsum,
2354 1159 2503 1202 nam
2548 1140 2743 1203 omit-.

339 1250 569 1309 tuntur
612 1243 804 1309 tertia
851 1249 1062 1308 tactus
1109 1250 1174 1308 et
1220 1249 1446 1329 quarta
1493 1242 1698 1309 osculi
1735 1243 1925 1324 (Don.
1969 1244 2048 1308 ad
2088 1243 2172 1307 IV
2216 1243 2277 1310 2.
2312 1243 2393 1309 12
2426 1243 2508 1324 ¹);
2552 1250 2739 1330 putes

339 1373 454 1437 pro
503 1349 868 1437 „quinque”
919 1350 1371 1436 corrigendum
1419 1371 1554 1426 esse
1608 1349 1848 1429 „tres’',
1899 1355 2053 1415 tunc
2092 1349 2290 1415 schol.
2332 1371 2562 1415 verum
2605 1355 2737 1428 est,

342 1463 786 1524 verumtamen
840 1477 876 1522 a
923 1457 1172 1522 Donato
1212 1456 1532 1541 alienum,
1575 1460 1688 1543 qui
1731 1460 1799 1521 in
1848 1457 1944 1539 (3)
1992 1478 2130 1522 rem
2179 1457 2367 1522 aliter
2406 1459 2739 1542 expressit.

342 1564 430 1629 Et
495 1564 642 1630 vide
706 1585 858 1628 mox
920 1563 999 1628 ad
1064 1563 1146 1628 81
1177 1563 1292 1645 (1).
1433 1564 1530 1645 (2)
1577 1548 2047 1631 Μὶιῖθαωαὺοι·
2094 1586 2224 1630 non
2272 1563 2472 1630 semel
2520 1564 2743 1629 effudit

317 1670 465 1757 ‘hoc
514 1671 791 1747 bonum,
839 1671 948 1735 sed
986 1669 1424 1756 particulatim
1469 1671 1776 1757 digessit,
1819 1677 1895 1736 ut
1933 1674 2141 1737 maior
2180 1671 2481 1757 voluptas
2523 1672 2744 1736 futura

345 1798 477 1841 esse
538 1783 858 1842 noscatur.
1042 1777 1331 1843 Imitatio
1393 1777 1596 1844 libera
1643 1800 1903 1857 eorum,
1953 1800 2112 1866 quae
2166 1779 2325 1847 Don.
2378 1779 2453 1843 de
2500 1777 2629 1844 alia
2674 1799 2742 1843 re

347 1884 423 1948 ad
487 1906 583 1950 vs.
636 1884 720 1950 79
747 1885 844 1966 (2)
908 1885 1274 1951 observasse
1325 1885 1719 1965 videbimus,
1770 1894 1835 1952 et
1882 1887 1959 1952 cf.
2012 1887 2206 1951 etiam
2257 1886 2332 1950 ad
2390 1885 2473 1950 60
2522 1891 2585 1950 et
2634 1884 2740 1950 61.
2849 1924 2855 1928 -

348 1991 522 2057 Haec
559 1993 768 2078 igitur
805 1991 1032 2058 Sabb.
1076 1996 1218 2058 iure
1259 1995 1664 2079 proscripsit,
1706 1997 1945 2058 iniuria
1988 2015 2138 2059 vero
2168 1994 2288 2075 (3),
2339 1993 2507 2079 quod
2531 1995 2747 2058 rectis-

347 2100 586 2162 simum
649 2106 779 2163 est:
827 2101 989 2164 istae
1036 2103 1210 2164 enim
1259 2107 1411 2166 sunt
1458 2103 1696 2166 amoris
1743 2099 1985 2178 lineae,
2035 2103 2155 2164 etsi
2203 2121 2307 2165 eas
2356 2122 2480 2164 non
2527 2119 2745 2164 omnes

348 2211 445 2269 est
489 2211 880 2290 persecutus.
999 2205 1156 2271 Vide
1205 2228 1364 2292 quae
1412 2207 1714 2272 adnotavi
1762 2206 1841 2271 ad
1886 2205 1972 2270 IV
2024 2206 2085 2271 2.
2117 2205 2201 2271 12
2249 2229 2311 2291 p.
2364 2205 2469 2270 14.

438 2309 600 2375 Ibid.
646 2309 730 2377 ’79
756 2333 889 2397 sqq.
941 2309 1169 2396 Capias
1210 2320 1284 2377 tu
1322 2313 1505 2378 illius
1549 2317 1887 2378 vestem...
1932 2313 2055 2376 Pro
2096 2311 2212 2377 illo
2239 2317 2300 2376 te
2327 2311 2657 2376 deducam.
2682 2359 2695 2375 .
2722 2356 2741 2376 .

349 2413 438 2480 'Pe
486 2437 619 2481 esse
663 2416 854 2481 illum
903 2417 1171 2482 dicam..
1210 2466 1224 2483 .
1274 2418 1371 2482 'I'u
1417 2418 1552 2483 illis
1599 2419 1811 2482 fruare
1860 2417 2254 2496 commodis,
2304 2438 2357 2482 e.
2392 2438 2449 2502 q.
2478 2439 2527 2482 s.

443 2523 638 2588 Don.:
701 2524 797 2605 (2)
846 2524 990 2589 Non
1040 2524 1240 2592 semel
1289 2525 1645 2589 ostenditur
1693 2524 1848 2609 quid
1894 2525 2190 2588 futurum
2240 2526 2358 2600 sit,
2411 2525 2562 2609 quia
2607 2544 2746 2608 par-

349 2629 672 2694 ticulatim
721 2637 933 2716 potest
981 2633 1176 2696 etiam
1224 2631 1391 2717 quod
1443 2638 1630 2716 turpe
1677 2639 1776 2696 est
1822 2637 2038 2696 tamen
2084 2633 2333 2694 inmitti
2372 2629 2451 2694 ad
2492 2649 2745 2716 persua·

348 2740 627 2815 sionem,
669 2737 870 2803 semel
911 2741 1237 2824 ingestum
1276 2741 1620 2824 respuitur.
1764 2737 2141 2802 Observatio
2182 2744 2316 2801 tam
2348 2739 2521 2801 iusta
2547 2757 2743 2822 quam

349 2843 675 2930 eleganter
721 2850 994 2910 exarata.
1055 2845 1238 2910 Hanc
1285 2852 1502 2910 autem
1543 2845 1638 2909 IP
1680 2848 1771 2910 sie
1809 2844 2192 2910 illustravit:
2248 2843 2346 2924 (3)
2396 2843 2569 2930 Ergo
2616 2865 2743 2908 non

351 2949 514 3014 dixit
579 2952 745 3028 „ibis
808 2972 923 3035 pro
983 2951 1341 3029 eunucho’'‚
1391 2952 1501 3017 sed
1547 2954 1759 3038 primo
1811 2973 1985 3037 „cap.
2035 2954 2079 3016 i.
2122 2950 2271 3030 v.'';
2323 2957 2467 3016 tum
2517 2951 2741 3016 deinde

351 3057 522 3135 (vide
584 3079 775 3143 supra
840 3056 924 3124 67
951 3058 1069 3138 (2))
1133 3059 1253 3122 hoc
1313 3061 1528 3143 ipsum
1595 3080 1723 3124 non
1785 3064 2159 3145 aspernante
2220 3058 2481 3123 domino
2527 3059 2743 3142 pergit

349 3183 571 3228 servus
619 3163 698 3228 ad
747 3169 987 3240 cetera,
1039 3185 1200 3249 quae
1247 3164 1582 3229 audaciora
1630 3170 1801 3228 sunt.
2476 3163 2541 3228 S.
2591 3184 2644 3227 c.

439 3270 602 3335 Ibid.
645 3269 725 3335 81
780 3268 912 3337 Ch.
955 3270 1273 3335 Audio...
1314 3269 1640 3354 IntelligO.
1758 3269 1890 3334 IP:
1935 3270 2230 3348 „Audio”
2258 3276 2323 3335 et
2351 3268 2738 3354 „intelligo”

349 3379 484 3442 vim
534 3376 722 3441 modo
769 3398 895 3441 non
934 3379 1242 3441 usitatam
1284 3379 1688 3460 exprimunt,
1734 3375 1979 3440 scilicet
2020 3379 2473 3441 consentientis
2512 3378 2743 3439 immo-

350 3482 568 3548 dicum
630 3482 948 3548 affectum.
1091 3481 1252 3546 Don.
1303 3480 1391 3547 80
1415 3481 1511 3562 (2)
1561 3481 1943 3567 simpliciter
2005 3483 2370 3547 adnotavit:
2440 3481 2737 3560 „Audio”

348 3590 469 3654 hoc
517 3596 614 3654 est
663 3590 936 3656 admitto
984 3595 1047 3654 et
1093 3591 1453 3667 consentio,
1501 3595 1579 3654 ut
1627 3592 1694 3654 in
1741 3588 2004 3654 Phorm.
2056 3588 2145 3670 (ῙΙ
2196 3591 2253 3654 l.
2283 3589 2349 3666 6)
2403 3588 2636 3667 „audio
2675 3593 2740 3653 et

349 3701 414 3761 et
460 3695 728 3774 fateor’',
777 3704 842 3762 et
889 3702 1107 3762 eontra
1155 3695 1277 3776 (ΙΙΙ
1323 3695 1387 3760 2.
1418 3695 1482 3778 1)
1533 3718 1701 3774 „non
1748 3696 2005 3761 audio”.
2475 3694 2540 3761 S.
2590 3717 2645 3763 c.

437 3801 597 3867 Ibid.
663 3801 749 3867 82
813 3801 908 3883 (l)
976 3800 1256 3880 „Cibum
1320 3823 1446 3867 una
1496 3802 1752 3889 capias''
1804 3803 1958 3868 bene
2007 3824 2231 3868 servus
2278 3803 2739 3868 interturbavit

348 3930 542 3994 supra
587 3909 787 3974 dictas
835 3910 1092 3975 amandi
1137 3908 1336 3974 lineas
1384 3914 1450 3974 et
1496 3909 1787 3974 ordinem
1838 3909 2289 3995 voluptatum,
2340 3911 2576 3995 quippe
2625 3910 2737 3995 qui

347 4036 560 4080 amare
606 4037 730 4080 non
778 4019 1048 4081 noverit..
1189 4016 1330 4082 Hoc
1369 4019 1561 4081 nimis
1603 4014 1987 4106 ridiculum,
2030 4014 2319 4082 servulos
2359 4036 2573 4080 amare
2612 4036 2736 4080 non

345 4119 574 4187 nosse!
622 4119 712 4186 At
760 4121 935 4187 dedit
981 4123 1098 4188 hoc
1144 4122 1244 4188 IP
1293 4126 1475 4209 quasi
1520 4122 2045 4210 supplementum
2098 4122 2323 4188 scholii
2363 4125 2466 4188 sui
2507 4121 2590 4189 ’76
2618 4121 2735 4203 (1),

348 4236 421 4294 ut
459 4227 806 4294 declararet
846 4250 959 4294 eur
1001 4232 1194 4294 tertia
1232 4236 1297 4294 et
1338 4234 1565 4316 quarta
1599 4226 1772 4294 linea
1811 4232 2046 4294 amoris
2087 4229 2396 4294 abessent.
2520 4227 2586 4294 S.
2636 4249 2689 4293 c.

441 4334 600 4400 Ibid.
650 4333 738 4399 83
800 4335 1073 4401 Illarum
1125 4385 1139 4402 .
1171 4385 1185 4403 .
1217 4385 1230 4402 .
1281 4339 1622 4423 quisquam

414 4582 468 4642 1)
509 4580 704 4630 ‚Prima
737 4578 881 4641 visus,
913 4581 1116 4629 secunda
1152 4579 1348 4645 alloqui,
1385 4579 1530 4629 tertia
1562 4581 1733 4638 tactus,
1771 4582 1944 4644 quarta
1980 4578 2146 4638 osculi,
2180 4561 2350 4643 quinta
2382 4577 2587 4630 coitus''.
