3392 5384
653 393 788 459 308
1697 410 2011 459 nom-rus.

743 575 798 642 V
845 575 908 642 8.
937 575 1024 641 28
1071 575 1194 641 Sed
1239 577 1445 645 ,transi
1498 575 1680 641 sodes
1726 575 1806 640 ad
1855 548 2067 641 forum
2115 580 2305 661 atque
2350 574 2519 640 illud
2565 576 2726 640 mihi

1066 683 1431 769 Argentum
1476 702 1740 747 rursum
1786 683 1935 747 iube
1985 682 2280 760 rescribi,
2331 682 2659 747 Phormio·

881 788 1013 854 Ph.
1063 789 1244 869 Quod
1293 810 1412 876 ego
1459 790 1758 875 rescripsi
1806 810 1993 875 porro
2039 786 2170 854 illis
2216 790 2449 874 quibus
2498 786 2729 854 debui?

745 896 842 976 (l)
884 895 1260 974 „Rescribi”
1300 895 1514 975 reddi,
1557 894 1804 961 scilicet
1843 917 1955 981 per
1986 916 2241 961 mensae
2265 898 2671 982 scripturam.
2768 896 2866 977 (2)
2890 895 3047 976 Quo·

651 1005 829 1068 niam
888 1002 1484 1068 adnumerationem
1529 1004 1836 1088 pecuniae
1883 1002 2715 1088 anteceditscriptura,
2764 1005 3049 1067 rescri-

654 1109 838 1176 bere
911 1108 1205 1175 dicebant
1273 1129 1388 1194 pro
1459 1110 2011 1187 remuneratione,
2084 1113 2149 1172 et
2216 1111 2305 1173 sic
2374 1109 2569 1174 infert
2644 1109 2858 1194 „quod
2928 1130 3046 1195 ego

652 1216 948 1300 rescripsi
1007 1236 1192 1301 porro
1243 1213 1380 1280 illis
1438 1215 1673 1300 quibus
1732 1213 1987 1279 debui''.
2060 1213 2236 1279 Haec
2294 1220 2392 1280 est
2454 1236 2608 1301 ergo
2670 1214 2915 1301 figura,
2977 1217 3043 1278 in

655 1342 782 1407 qua
840 1320 1116 1387 secunda
1169 1320 1246 1386 de
1306 1321 1534 1406 primis
1595 1321 2037 1407 significatum
2098 1326 2385 1386 sumunt.
2526 1320 2622 1403 (3)
2677 1320 3045 1398 „Rescribi”

653 1448 767 1513 per
827 1429 1246 1513 scripturam,
1309 1425 1376 1491 id
1438 1430 1534 1492 est
1598 1425 1673 1493 de
1739 1447 1996 1493 mensae
2059 1430 2378 1513 scriptura
2422 1426 2558 1493 dari
2573 1448 2591 1507 ;
2641 1427 2812 1492 unde
2858 1410 3065 1493 hodie

659 1534 921 1600 additur
965 1533 1410 1620 chirographis
1461 1533 1694 1612 „domo
1745 1556 1824 1599 ex
1871 1555 2012 1599 arca
2061 1536 2197 1619 sine
2246 1555 2502 1599 mensae
2550 1533 2936 1619 scriptura”.

748 1640 836 1705 30
859 1640 958 1724 (l)
1024 1640 1246 1721 „Quod
1313 1662 1436 1727 ego
1502 1662 1553 1705 r.
1601 1640 1692 1705 i.''
1757 1662 1870 1727 per
1930 1643 2315 1728 scripturam
2363 1640 2633 1705 reddidi.
2774 1639 2869 1719 (2)
2914 1637 3055 1704 11110

655 1747 818 1831 dedi,
862 1753 938 1812 nt
977 1748 1147 1833 apud
1186 1744 1550 1833 Vergilium
1595 1746 1896 1825 „deditur
1933 1748 2039 1812 hic
2080 1748 2295 1813 subito
2332 1746 2605 1813 Troiana
2641 1768 2756 1832 per
2792 1748 3057 1833 agmina

660 1856 922 1920 rumor”
974 1854 1120 1935 (vn
1170 1834 1349 1934 1445.

749 1959 1170 2026 Illustrantur
1215 1959 1370 2026 haec
1412 1960 1654 2026 scholia
1693 1960 1795 2025 his
1836 1964 2132 2026 veterum
2170 1958 2328 2025 locis
2361 1959 2443 2040 ¹):
2487 1959 2604 2025 Ad.
2646 1958 2709 2024 II
2752 1959 2813 2026 4.
2844 1959 2926 2024 13
2953 1958 3053 2040 (1)

664 2068 845 2155 „Ego
905 2068 982 2133 ad
1030 2069 1241 2133 forum
1289 2066 1439 2132 ibo”
1490 2073 1634 2134 tum
1680 2070 1851 2133 enim
1903 2070 1969 2131 in
2018 2068 2154 2133 foro
2202 2074 2266 2133 et
2312 2066 2389 2131 de
2437 2087 2691 2133 mensae
2739 2069 3058 2152 scriptura

658 2175 764 2255 (cf.
815 2195 1007 2259 supra
1053 2172 1192 2255 (3))
1238 2176 1450 2260 magis
1500 2194 1694 2259 quam
1743 2195 1821 2239 ex
1869 2194 2011 2239 arca
2059 2174 2375 2259 domoque
2425 2173 2529 2240 vel
2575 2176 2735 2239 cista
2783 2175 3061 2259 pecunia

659 2280 1186 2346 numerabatur’'.
1325 2279 1536 2345 801101.
1598 2280 1743 2345 Ter.
1806 2280 1904 2345 ed.
1970 2278 2194 2345 Schlee
2258 2302 2320 2365 p.
2389 2278 2539 2358 139,
2587 2278 2670 2344 14
2732 2279 2811 2345 ad
2873 2281 2939 2346 h.
2968 2278 3054 2345 1.:

664 2386 884 2467 „reddi
946 2408 1061 2473 per
1119 2385 1548 2472 scripturam”
1690 2386 1797 2452 Ps.
1863 2387 2073 2451 Acron
2137 2386 2214 2451 ad
2261 2385 2422 2464 Hor.
2471 2385 2677 2451 Serm.
2726 2385 2789 2450 II
2838 2386 2898 2450 3.
2931 2383 3055 2451 74:

663 2494 1046 2573 „rescribere
1107 2500 1204 2558 est
1270 2496 1444 2558 enim
1505 2493 1797 2559 debitum
1845 2490 2124 2570 solvere,
2173 2493 2294 2557 hoc
2340 2497 2438 2558 est
2486 2494 2802 2578 scriptum
2850 2492 3059 2557 debiti

658 2600 951 2665 liberare.
1000 2598 1338 2678 Terentius
1389 2646 1450 2677 „.
1589 2600 1739 2665 iube
1778 2599 2079 2664 rescribi’'
2121 2599 2242 2663 hoc
2282 2605 2377 2663 est
2416 2597 2593 2663 reddi
2633 2619 2746 2684 per
2784 2600 3061 2684 scriptu-

659 2704 867 2781 ram”.
907 2704 1086 2771 Serv.
1129 2704 1208 2770 ad
1249 2706 1406 2770 Aen.
1433 2704 1711 2771 V11422
1742 2703 2090 2782 „rescribi”
2118 2726 2268 2770 vero
2292 2704 2503 2770 reddi:
2546 2704 2857 2770 Horatius
2882 2703 3056 2785 (1.l.).

752 2809 844 2875 Hi
890 2810 1017 2876 loci
1064 2833 1188 2876 non
1234 2810 1521 2877 multum
1571 2811 1737 2876 lucis
1785 2811 1863 2875 ad
1912 2810 2305 2877 scholiorum
2351 2817 2713 2876 nostrorum
2762 2817 3060 2875 auctores

659 2915 1128 3004 cognoscendos
1175 2918 1465 2982 afferunt.
1517 2916 1611 2983 De
1648 2918 1753 2982 his
1794 2926 2012 2983 autem
2052 2920 2142 2982 010
2179 2918 2594 2983 iudicandum
2636 2938 2772 2982 esse
2809 2938 3056 2983 censeo·

749 3021 960 3088 Schol.
1025 3022 1122 3105 (2)
1185 3026 1572 3089 concinnum.
1632 3045 1893 3109 prorsus
1957 3026 2111 3089 satis
2174 3024 2329 3089 facit
2386 3024 2464 3088 ad
2513 3024 2693 3089 verbi
2741 3023 2911 3109 quod
2958 3029 3060 3089 est

664 3128 1010 3205 „rescribi”
1074 3132 1312 3194 iustam
1360 3129 1742 3216 plenamque
1790 3128 2314 3215 intelligentiam.
2364 3130 2505 3195 Hoc
2553 3132 2761 3216 igitur
2807 3129 3058 3196 Donato

661 3231 999 3319 debemus,
1049 3238 1161 3322 qui
1206 3236 1415 3316 idem,
1464 3244 1539 3301 ut
1586 3243 1777 3323 puto,
1828 3237 2159 3322 praemisit
2198 3256 2274 3300 ex
2316 3236 2445 3316 (1):
2493 3236 2836 3314 „rescribi”
2878 3236 3061 3302 reddi

663 3379 748 3391 -
795 3341 962 3407 nihil
1021 3341 1319 3429 amplius.
1390 3343 1719 3409 Praeterea
1783 3346 1977 3407 etiam
2045 3364 2158 3428 pro
2204 3342 2641 3408 additamento
2688 3342 3059 3408 habendum

661 3454 792 3525 est,
842 3447 1012 3533 quod
1056 3448 1300 3536 legitur
1345 3452 1412 3513 in
1460 3448 1582 3514 fine
1629 3448 1827 3515 schol.
1878 3448 1974 3530 (l)
2026 3448 2243 3526 „Haec
2284 3454 2383 3514 est
2421 3470 2576 3534 ergo
2612 3447 2864 3535 figura''
2906 3455 3059 3515 cett.

660 3552 823 3620 Don.
889 3553 1130 3641 figuras
1192 3558 1537 3642 separatim
1601 3556 1796 3621 refert
1857 3562 1921 3620 et
1977 3553 2289 3621 vocabulo
2355 3552 2596 3621 Graeco
2661 3554 2765 3621 vel
2825 3554 3054 3621 saltem

661 3663 930 3727 certiore
969 3660 1283 3739 formula,
1326 3683 1522 3749 quam
1559 3662 1715 3727 haec
1758 3666 1889 3741 est,
1931 3682 2092 3748 quae
2129 3660 2374 3727 redolet
2396 3661 2679 3727 Editoris
2704 3661 3053 3727 formulam

659 3787 844 3852 saepe
892 3773 1268 3853 usurpatam
1321 3769 1440 3846 „ab
1489 3790 1561 3834 eo
1608 3768 1775 3855 quod
1820 3768 2163 3853 praecedit,
2210 3770 2277 3833 id
2327 3768 2495 3853 quod
2544 3768 2900 3854 sequitur”.

662 3871 874 3937 Schol.
917 3872 1012 3954 (3)
1051 3872 1304 3940 Editori
1342 3875 1588 3951 tribu0,
1630 3876 1743 3959 qui
1782 3894 1882 3939 res
1932 3875 2212 3959 sumpsit
2250 3894 2283 3937 e
2326 3872 2485 3938 Don.
2526 3873 2606 3938 ad
2645 3873 2915 3958 Adelph.
2957 3871 3050 3938 1.1.

660 3978 769 4044 sed
831 3982 966 4044 suis
1014 3982 1225 4046 verbis
1273 4001 1376 4047 eas
1427 3982 1710 4048 vestivit.
1852 3980 2062 4046 801101.
2116 3979 2202 4045 30
2226 3981 2345 4063 (l),
2394 3983 2493 4046 uti
2542 3980 3053 4047 additamentum

663 4083 871 4167 29<1>
923 4086 1209 4164 „scilicet
1256 4110 1318 4174 p.
1366 4109 1454 4153 m.
1505 4087 1693 4165 scr.’',
1754 4090 2083 4153 continent
2129 4086 2470 4173 vulgarem
2520 4087 2702 4153 verbi
2749 4086 3059 4152 definitio-

662 4213 839 4270 nem,
882 4199 959 4258 ut
996 4194 1342 4260 ostendunt
1377 4194 1502 4260 loci
1541 4198 1981 4281 supra'citati,
2017 4216 2213 4281 quam
2235 4197 2303 4259 in
2330 4195 2732 4281 marginibus
2756 4194 3057 4260 exhibue-

733 4452 787 4515 1)
835 4450 936 4500 Hos
982 4432 1109 4501 locos
1151 4455 1316 4517 gratus
1361 4451 1503 4501 debeo
1541 4453 1600 4499 W
1620 4467 1686 4502 es
1707 4467 1822 4502 sne
1841 4451 1901 4501 ri
1936 4451 2198 4501 industriae
2233 4452 2282 4501 in
2319 4451 2588 4517 Appendice
2620 4452 2941 4517 componendo
2976 4452 3061 4501 ad-

668 4529 867 4582 hibitae.
