3392 5384
1359 436 1708 483 nonnius.
2627 424 2713 487 51

609 602 784 664 ταῦθ’
833 598 1353 680 ὑπερηφανέοντες
1401 600 1630 663 Ἐπειοὶ
1677 599 2156 679 χαλκοχίτωνες

431 702 562 770 695
614 703 814 781 ἡμέας
863 702 1207 784 ὑβρίζοντες
1253 702 1593 768 ἀτάσθαλα
1643 703 2086 782 ’μηχανῶοντα

337 809 465 889 Qui
510 822 737 875 versus
781 813 918 874 sive
964 830 1184 875 omnes
1230 809 1566 893 postmodo
1611 816 1763 873 sunt
1804 811 2031 874 inserti
2076 812 2211 875 sive
2256 812 2511 877 adaucti
2548 818 2719 889 sunt,

339 916 501 982 olim
547 922 764 982 autem
810 910 966 981 h'aec
1011 916 1147 981 sola
1191 916 1403 981 fuere:

611 1024 691 1093 ὡς
739 1021 1260 1100 ὑπερηφανέοντες
1307 1019 1536 1084 Ἐπειοὶ
1586 1022 2060 1101 χαλκοχίτωνες

614 1127 818 1201 ἡμέας
863 1126 1212 1207 ὑβρίζοντες
1259 1127 1597 1190 ἀτάσθαλα
1643 1125 2100 1206 ’μηχαναοντο,

340 1230 412 1296 id
470 1231 733 1315 quidem
771 1237 970 1316 .patet
988 1279 1005 1308 ,
1056 1252 1093 1295 a
1137 1232 1494 1295 narratione
1516 1279 1533 1309 ‚
1582 1250 1743 1315 quae
1792 1231 2065 1296 Neleum
2113 1232 2375 1299 haberet
2418 1238 2723 1318 supersti-

342 1342 507 1413 tem,
546 1335 821 1401 alienam
861 1357 996 1401 esse
1036 1338 1428 1401 mentionem
1469 1337 1648 1400 urbis
1686 1326 1841 1421 Pyli
1878 1338 1957 1401 ab
1983 1336 2263 1403 Hercule
2289 1346 2718 1426 expugnatam

341 1443 455 1526 qui
517 1462 660 1505 cum
723 1444 978 1506 necavit
1037 1438 1198 1506 ὅσσοι
1247 1438 1513 1520 ἄριστοι,
1561 1462 1690 1506 non
1736 1441 1905 1507 filios
1952 1443 2118 1509 solos
2161 1444 2345 1509 Nelei
2391 1448 2724 1511 interemit

341 1546 641 1611 undecim
660 1595 677 1625 ‚
739 1546 848 1610 sed
909 1550 973 1611 et
1032 1549 1250 1631 ipsum
1313 1553 1467 1611 tunc
1525 1546 1586 1611 Ν
1589 1546 1804 1611 eleum
1866 1549 1944 1612 ab
2006 1569 2079 1613 eo
2142 1550 2536 1615 trucidatum
2557 1600 2574 1629 ,
2645 1558 2724 1616 ut

340 1651 678 1716 Eetionem
739 1652 818 1715 ab
880 1650 1132 1715 Achille
1185 1651 1292 1717 vel
1335 1652 1670 1716 Priamum
1716 1673 1756 1717 a
1799 1654 2053 1739 Pyrrho
2070 1702 2087 1732 ‚
2138 1675 2286 1719 cum
2332 1658 2496 1721 ratio
2543 1657 2726 1722 docet

347 1794 434 1807 —
481 1777 633 1821 nam
695 1757 903 1829 νήπιος
967 1748 1315 1828 ὃςπαῒδας
1364 1759 1604 1823 κτείνων
1653 1757 1931 1838 πατέρας
1980 1760 2393 1825 καταλείπειῐ
2444 1801 2530 1811 —
2577 1769 2720 1827 tum

345 1862 558 1927 dixere
605 1864 718 1946 qui
763 1862 970 1926 fusius
1015 1861 1199 1927 illam
1239 1862 1523 1927 fabulam
1561 1871 1936 1929 enarrarunt
1964 1865 2033 1943 ¹).
2082 1865 2263 1930 Unus
2302 1871 2454 1931 tunc
2492 1867 2728 1934 Nestor

341 1964 570 2040 ἄλυξεν
617 1969 675 2029 ἐν
725 1968 1073 2039 ἀνθεμόεντι
1123 1968 1350 2045 Γερῆνῳ
1376 1967 1450 2046 ²),
1498 1969 1612 2033 ubi
1657 1969 2047 2033 educabatur
2092 1990 2272 2054 puer.

234 2063 252 2075 ³
438 2071 662 2156 Itaque
709 2074 926 2136 versui
971 2084 1031 2135 A
1058 2071 1210 2151 683,
1259 2074 1372 2137 ubi
1415 2072 1654 2138 Neleus
1697 2094 1768 2138 re
1812 2094 1849 2138 a
1893 2074 2027 2139 filio
2074 2080 2329 2141 strenue
2374 2084 2559 2163 gesta
2602 2078 2724 2144 lae-

346 2181 522 2241 tatus
567 2198 703 2242 esse
748 2177 1003 2256 dicitur,
1053 2177 1268 2262 diplen
1314 2180 1606 2262 appinxit
1650 2180 2058 2244 Aristarchus
2076 2228 2093 2257 ,
2144 2178 2279 2258 »ὅτι
2326 2184 2725 2261 διαφωνοῦσιν

344 2282 398 2345 οἱ
463 2281 757 2358 νεώτεροι,
822 2283 924 2345 τὸν
987 2283 1209 2356 Νηλέα
1253 2285 1547 2358 λέγοντες
1592 2286 1915 2364 α’νηρῆσθαι
1966 2286 2075 2360 ὑφ’
2121 2287 2559 2367 Ἡρακλέους”,
2612 2310 2727 2354 suo

344 2389 555 2472 igitur
620 2389 762 2451 iure
829 2393 1138 2453 annotans
1197 2386 1447 2452 fabulas
1506 2388 1582 2452 de
1641 2388 1704 2452 N
1706 2387 1843 2453 eleo
1902 2395 2188 2453 narratas
2245 2393 2415 2455 inter
2473 2414 2539 2457 se
2600 2415 2725 2458 non

345 2494 706 2569 concinere3
773 2492 882 2557 sed
942 2514 1148 2577 neque
1193 2495 1412 2577 ipsum
1457 2493 1834 2561 Homerum.
1865 2494 1985 2558 hoc
2029 2493 2169 2559 loco
2218 2498 2371 2560 satis
2419 2498 2542 2562 sibi
2588 2519 2728 2564 con-

259 2662 264 2667 ,
344 2602 544 2673 stare,
581 2597 650 2661 id
689 2618 840 2662 eum
880 2598 1075 2682 fug-it.
1117 2597 1443 2661 Duodecim
1480 2604 1698 2661 autem
1740 2619 1889 2663 cum
1928 2607 2511 2666 commemorantur
2541 2602 2728 2668 Nelei

346 2701 470 2767 filii
488 2750 505 2780 ‚
553 2704 690 2787 ipse
734 2702 850 2767 ille
896 2724 1202 2767 numerus
1247 2704 1334 2767 ab·
1373 2702 1569 2767 Iliade
1618 2701 1887 2769 alienior
1930 2707 2361 2789 suspicionem
2405 2714 2625 2772 movet
2654 2708 2725 2788 3),

345 2814 413 2872 et
457 2810 670 2892 mag-is
716 2810 911 2871 etiam
959 2815 1328 2891 suspectum
1375 2807 1448 2870 fit
1491 2807 1655 2872 illud
1702 2808 2030 2874 numerale
2076 2810 2311 2876 collato
2349 2831 2539 2876 versu
2580 2834 2729 2896 quo-

346 2912 497 2976 dam
544 2910 864 2997 Odysseae
879 2961 896 2991 ,
946 2914 1062 2987 ubi
1107 2915 1489 2977 nominatim
1533 2923 1940 2979 recensentur
1984 2914 2172 2979 liberi
2214 2914 2431 2981 Nelei:

623 3017 871 3096 Νέστωρ
918 3042 988 3081 τε
1038 3020 1293 3096 Χρομίος
1339 3042 1408 3082 τε
1458 3019 1908 3098 Περικλύμενὸς
1956 3022 2015 3082 τ’
2062 3022 2419 3103 ἀγέρωχος,
2532 3002 2541 3013 ’

573 3114 582 3123 ’
624 3130 777 3187 τοῖσι
827 3122 878 3186 δ’
928 3123 1025 3187 ἐπ’
1073 3123 1295 3200 ἰφθίμη
1345 3124 1519 3201 Πηρώ
1547 3123 1620 3203 4).

351 3226 574 3311 Neque
614 3231 787 3292 enim
825 3232 983 3293 natu
1020 3231 1332 3293 minimus
1370 3228 1555 3294 Nelei
1585 3228 1763 3297 filius
1800 3228 1937 3293 illic
1975 3229 2230 3293 videtur
2265 3230 2497 3295 Nestor
2524 3254 2729 3318 neque

349 3333 786 3399 duodecimus.

443 3545 543 3608 Ab
611 3544 894 3609 Homero
955 3543 1160 3609 aliena
1212 3565 1346 3620 esse
1407 3566 1567 3629 quae
1628 3544 1800 3629 apud
1861 3549 2238 3621 recentiores
2297 3549 2593 3614 feruntur
2652 3552 2729 3617 de

347 3648 619 3729 Nestore
663 3648 820 3713 belli
866 3648 1122 3713 Troiani
1165 3656 1454 3735 tempore
1498 3652 1990 3733 nonagesimum
2038 3652 2169 3716 fere
2216 3656 2443 3718 aetatis
2489 3676 2730 3719 annum

347 3762 582 3837 agente
640 3753 750 3819 vel
811 3756 1010 3819 etiam
1072 3761 1230 3818 natu
1287 3757 1529 3820 maiore
1545 3803 1562 3833 ‚
1625 3753 1988 3820 luculenter
2044 3760 2374 3841 apparuit,
2434 3780 2549 3823 nec
2605 3763 2731 3824 nisi

351 3878 482 3923 uno
544 3858 682 3923 loco
699 3906 716 3936 ‚
781 3862 895 3943 qui
942 3864 1040 3923 est
1083 3861 1326 3949 circum
1371 3858 1590 3924 Iliadis
1633 3862 1899 3924 initium
1920 3908 1937 3937 ,
1986 3881 2131 3955 eam
2176 3864 2298 3925 niti
2345 3864 2726 3946 opinionem.

421 4096 478 4161 1)
506 4096 785 4161 Apollodor.
815 4096 872 4145 11
902 4096 948 4156 ’1,
968 4097 1000 4144 2
1029 4098 1118 4158 58.
1155 4095 1376 4145 Concinit
1405 4100 1566 4146 autem
1595 4096 1757 4145 fabula
1782 4096 2041 4161 antiquior,
2070 4113 2191 4160 qnae
2220 4097 2472 4163 respicitur
2500 4099 2552 4147 in
2577 4098 2730 4150 Iliade

346 4180 408 4239 (E
425 4177 560 4239 8⁹7),
607 4177 689 4227 ubi
735 4178 971 4226 Hercules
1019 4178 1191 4227 Orcum
1225 4177 1400 4241 sagitta
1434 4178 1545 4241 Pyli
1579 4178 1763 4227 feriisse
1796 4177 1991 4237 dicitur,
2024 4178 2255 4242 siquidem
2292 4179 2470 4229 Neleus
2503 4181 2730 4252 primitus

350 4258 446 4307 fuit
479 4258 740 4308 inferorum
777 4274 860 4306 rex
890 4256 1222 4307 *Inexorabilim
1984 4285 1989 4289 ·

417 4340 476 4402 2)
511 4339 708 4388 Hesiod.
741 4339 800 4387 fr.
842 4340 920 4388 16.

421 4422 475 4478 8)
509 4419 586 4467 Cf.
623 4420 805 4467 Mnem.
846 4420 974 4467 1906
1011 4436 1057 4482 p.
1093 4419 1276 4483 898011.

420 4501 476 4559 4)
511 4506 546 4546 λ
572 4499 672 4547 286
696 4514 766 4561 sq.
