3392 5384
741 403 870 468 168
1746 421 2121 470 rna-remoti.

733 606 890 674 gam
950 585 1175 650 attulit
1235 587 1750 652 coniecturarum
1812 589 2041 654 seriem
2105 589 2343 674 quibus
2402 590 2533 655 viri
2598 589 2767 656 docti
2808 590 3135 656 laboranti

735 695 1086 778 scripturae
1145 693 1491 759 subvenire
1551 696 1769 758 conati
1815 701 2003 759 sunt:
2050 696 2220 780 quod
2264 698 2402 780 ipse
2449 693 2725 782 protulit
2770 698 2885 762 ἐὰν
2931 697 3011 762 νά
3028 724 3074 775 μ
3095 723 3134 762 ι-

734 823 786 877 μ
803 823 830 863 ο
848 824 878 860 ν
923 797 1065 880 δόξῃ
1081 847 1099 877 ,
1163 796 1336 864 ultro
1382 802 1803 864 concesserim
1848 799 2170 886 plerisque
2216 800 2362 866 aliis
2416 804 2897 889 suspicionibus
2946 802 3133 891 longe

735 912 1056 993 praestare
1074 956 1090 984 ,
1155 927 1272 971 nec
1333 911 1552 970 tamen
1614 907 1843 972 abiicio
1904 907 2073 993 quod
2120 909 2285 972 mihi
2332 914 2479 973 ante
2526 907 2768 975 multos
2814 931 3027 976 annos
3070 913 3133 975 in

735 1017 1018 1078 mentem
1069 1015 1270 1080 venit.
1319 1011 1668 1078 Videamus
1714 1013 1870 1099 qnid
1916 1016 2012 1078 rei
2056 1017 2162 1079 sit.

825 1119 1011 1185 Nihil
1071 1119 1328 1205 prodest
1373 1140 1674 1205 quaerere
1723 1119 1879 1206 quid
1924 1119 2178 1206 puellae
2225 1120 2568 1207 aliqnando
2614 1121 3021 1208 deliquerint
3064 1129 3132 1188 ut

735 1226 994 1313 culpam
1052 1223 1565 1303 dissimularent,
1633 1225 1744 1291 sed
1805 1226 1960 1312 quid
2020 1227 2395 1293 obstetrices
2440 1229 2708 1294 fecerint
2755 1229 2954 1305 μάλα
3005 1255 3134 1308 γεν-

735 1334 908 1397 ναῒαί
967 1357 1034 1396 τε
1099 1330 1204 1396 καὶ
1266 1330 1574 1408 βλοσυραί
1635 1337 1711 1396 ut
1759 1353 1949 1418 opem
1995 1332 2235 1398 ferrent
2280 1335 2528 1399 civium
2573 1336 2927 1414 uxoribus,
2980 1356 3135 1420 quae

735 1444 918 1503 utero
978 1437 1359 1503 laborarent.
1423 1437 1617 1502 Haud
1662 1437 1851 1503 facile
1897 1438 2154 1505 credam
2200 1438 2531 1506 Socratem
2580 1441 2658 1506 de
2707 1447 2921 1510 matre
2970 1463 3138 1529 prae-

735 1545 942 1610 dicare
1003 1544 1284 1610 voluisse
1300 1594 1318 1624 ,
1383 1565 1525 1609 eam
1589 1565 1787 1609 unam
1848 1545 2047 1611 fuisse
2106 1567 2186 1611 ex
2248 1548 2333 1611 iis
2395 1568 2558 1633 quae
2577 1596 2594 1627 ,
2642 1550 2697 1612 si
2746 1549 2909 1635 quid
2961 1555 3138 1614 extra

731 1650 1109 1738 legitimum
1158 1653 1649 1716 matrimonium
1697 1657 2077 1738 conceptum
2114 1658 2314 1729 esset,
2363 1655 2631 1740 impune
2678 1653 2745 1721 'et
2786 1657 3002 1742 impie
3039 1677 3136 1720 ne-

735 1764 969 1824 carent.
1033 1756 1161 1822 Sed
1217 1758 1565 1824 utebantur
1621 1759 2008 1837 Φοιρμακίοις
2060 1765 2123 1823 et
2176 1759 2439 1837 ἐπῳδαῖς
2464 1781 2480 1796 ·
2530 1763 2588 1824 si
2634 1762 2851 1826 nescio
2902 1761 3137 1847 quibus

735 1865 982 1930 artibus
1057 1870 1121 1929 et
1197 1866 1664 1950 suspicionibus
1726 1867 1887 1930 scire
1949 1865 2076 1930 sibi
2137 1865 2524 1932 videbantur
2583 1875 2696 1931 aut
2763 1873 3131 1934 monstrum

735 1971 826 2036 ali
872 1978 986 2036 aut
1033 1976 1292 2056 partum
1340 1974 1536 2036 matri
1580 1970 1847 2039 letalem
1894 1972 2027 2037 fore
2075 1977 2189 2037 aut
2236 1973 2481 2038 foetum
2530 1975 2849 2039 tabescere
2900 1981 2971 2063 et
3017 1975 3130 2038 mi-

735 2099 941 2143 seram
999 2083 1275 2143 matrem
1335 2077 1574 2142 frustra
1636 2081 1907 2145 cruciari
1924 2127 1941 2156 ,
1988 2078 2521 2145 commendabant
2568 2086 2634 2144 et
2678 2081 3131 2166 perpetrabant

734 2184 1049 2250 abortum.
1115 2183 1541 2270 Experiamur
1600 2186 2007 2270 possimusne
2059 2184 2193 2251 leni
2240 2188 2599 2251 mutatione
2646 2187 2896 2253 efficere
2946 2193 3019 2253 ut
3064 2185 3125 2251 id

733 2290 905 2376 quod
950 2289 1129 2355 locus
1176 2293 1482 2376 requirit,
1531 2311 1565 2356 e
1612 2294 1933 2376 corruptis
1980 2290 2289 2358 Codicum
2337 2295 2635 2378 vestigiis
2680 2299 2999 2381 emergat.

823 2397 1112 2463 Pumilio
1180 2397 1418 2463 dicitnr
1485 2400 1597 2484 qui
1668 2403 1768 2463 est
1835 2419 2033 2483 parva
2094 2403 2375 2477 statura,
2441 2401 2649 2484 capite
2711 2399 3125 2487 praegrandi,

735 2505 1028 2569 cruribus
1089 2504 1413 2568 brevibus.
1482 2503 1678 2569 Hunc
1727 2501 1959 2569 Graeci
2008 2509 2241 2569 νᾶνον
2284 2505 2634 2583 vocabant,
2684 2506 2852 2572 unde
2904 2511 3126 2572 natum

732 2610 1041 2675 Latinum
1102 2610 1487 2676 vocabulum
1551 2634 1767 2688 nanus,
1831 2611 1909 2676 de
1972 2633 2097 2696 quo
2153 2611 2298 2676 vide
2355 2608 2641 2676 Gellium
2691 2613 3122 2698 disputantem

732 2719 802 2780 in
871 2715 1182 2781 Noctibus
1252 2717 1487 2781 Atticis
1553 2715 1715 2781 XIX
1782 2715 1888 2781 13.
1964 2717 2341 2782 Aristoteles
2412 2717 2801 2784 vocabulum
2870 2721 3125 2804 saepius

733 2827 1003 2908 usurpat
1063 2827 1128 2885 et
1187 2824 1668 2906 interpretatur.
1734 2822 1829 2888 De
1897 2824 2075 2888 Part.
2126 2824 2340 2889 Anim.
2390 2823 2477 2889 IV
2524 2823 2648 2888 1οε
2697 2824 2957 2896 νοινῶδές
3008 2826 3121 2891 ἐςιν

733 2925 802 2993 οὗ
863 2929 930 2991 τὸ
995 2926 1115 2990 ἄνω
1181 2928 1294 3003 μὲν
1349 2929 1565 3005 μέγα,
1615 2929 1682 2992 τὸ
1731 2929 1793 2993 δὲ
1842 2929 2024 3008 φέρον
2072 2928 2141 2993 τὸ
2192 2930 2383 3010 βάρος
2436 2929 2540 2994 καὶ
2592 2932 2843 3012 πεζεῦον
2895 2929 3118 3009 μικρόν.

731 3033 904 3098 Hinc
966 3033 1119 3098 alibi
1166 3033 1322 3097 dicit
1370 3054 1590 3099 omnes
1636 3034 1913 3100 infantes
1958 3034 2164 3105 νάνους
2216 3057 2383 3113 esse;
2436 3038 2701 3114 προϊοῦσι
2751 3038 2812 3102 δὲ
2859 3036 3117 3115 αὔξεται

732 3141 814 3203 τὰ
857 3140 1148 3205 κάτωθεν.
1177 3139 1429 3205 Eadem
1470 3139 1937 3227 significatione
1975 3143 2387 3226 proverbium
2412 3149 2509 3207 est
2534 3142 2703 3228 apud
2727 3143 3113 3209 Lucianum:

731 3251 838 3312 τοῦ
914 3245 1148 3313 Ῥοδίων
1221 3251 1510 3330 κολοσσοῦ
1582 3250 1690 3321 τὴν
1755 3249 2041 3327 κεφαλὴν
2109 3249 2349 3313 νανώδει
2415 3250 2659 3322 σώματι
2723 3251 3115 3315 ἐπιτίθεσθαι.

730 3355 917 3419 Nunc
980 3355 1196 3420 confer
1230 3335 1333 3418 'de
1381 3352 1610 3420 Gener.
1662 3354 1880 3420 Anim.
1933 3354 1997 3420 II
2045 3354 2123 3420 8:
2176 3355 2242 3418 ἐκ
2291 3360 2397 3420 τοῦ
2447 3352 2635 3420 ἵππου
2688 3356 2789 3420 xx>
2838 3363 2947 3422 τοῦ
2996 3354 3115 3420 ὄνου

730 3463 1005 3539 γίνονται
1052 3462 1273 3539 γίννοι,
1319 3457 1470 3526 ὅταν
1517 3462 1737 3542 νοσήσῃ
1786 3462 1855 3525 τὸ
1904 3463 2113 3539 κύημα
2166 3463 2226 3525 ἐν
2275 3472 2350 3543 τῇ
2402 3460 2619 3546 ὑςέρᾳ·
2674 3463 2763 3530 ἔςὶ
2813 3463 2875 3528 δὲ
2925 3466 2953 3530 ὁ
2994 3463 3116 3540 γίν-

731 3592 824 3638 νος
873 3564 1072 3645 ὥσπερ
1121 3569 1204 3635 τὰ
1250 3568 1603 3647 μετάχοιροῑ
1657 3569 1719 3632 ἐν
1766 3568 1890 3638 vok
1939 3569 2187 3647 χοίροις.
2238 3568 2357 3633 Καὶ
2407 3571 2532 3649 γὰρ
2582 3569 2711 3634 ἐκεῖ
2746 3573 2815 3635 τὸ
2856 3568 3112 3650 πηρωθὲν

732 3673 794 3738 ἓν
842 3682 919 3753 τῇ
971 3672 1154 3755 ὑςέρςι
1203 3681 1492 3737 καλεῖται
1544 3670 1936 3749 μετοὶχοιρον.
1988 3710 2073 3720 -
2122 3673 2389 3750 Ὁμοίως
2442 3675 2502 3740 δὲ
2552 3677 2829 3754 γίνονται
2870 3678 2922 3741 οἱ
2962 3697 3111 3750 τυγ-

730 3787 940 3859 μοιῒοι·
1005 3780 1108 3843 καὶ
1173 3780 1298 3857 γὰρ
1363 3776 1521 3845 οὗτοι
1587 3783 1919 3856 πηροῦντοιι
1985 3781 2069 3845 τὰ
2135 3782 2286 3861 μέρη
2354 3782 2457 3846 καὶ
2508 3781 2580 3846 τὸ
2627 3781 2898 3872 μέγεθος.
2934 3785 2993 3847 ἕν
3039 3788 3107 3858 τῇ

731 3886 940 3960 κυήσει
991 3885 1094 3949 aa>
1143 3885 1293 3950 εἰσὶν
1338 3884 1536 3962 ὥσπερ
1587 3883 1947 3966 μετοὶχοιροι
2000 3886 2100 3948 καὶ
2144 3888 2352 3964 γίννοι.
2404 3887 2575 3968 Quos
2613 3889 2718 3954 hic
2760 3890 3104 3966 πνγμοιίους

731 3993 920 4070 dicit,
983 4014 1088 4058 eos
1152 3991 1304 4057 alibi
1357 3992 1563 4062 νοίνους
1614 3996 1837 4069 vocat,
1886 3991 2059 4056 Hist.
2111 3995 2327 4072 Anim.
2377 3991 2464 4058 VI
2512 3994 2636 4059 24:
2686 3996 2739 4059 οι·
2788 3995 2849 4059 δὲ
2896 3991 3107 4059 καλού-

731 4122 896 4176 μενοι
944 4101 1131 4176 γίννοι
1179 4099 1503 4175 γίγνονται
1553 4098 1621 4176 ἐξ
1670 4095 1881 4181 ἵππου,
1933 4097 2080 4164 ὅταν
2129 4102 2348 4181 νοσήσῃ
2396 4103 2456 4163 ἐν
2504 4111 2578 4179 τῇ
2629 4103 2873 4180 κυήσει,
2920 4099 3103 4173 ὥσπερ

732 4205 790 4269 ἐν
853 4205 968 4282 μὲν
1027 4212 1151 4274 τοῖς
1203 4204 1524 4282 ἀνθρώποις
1575 4205 1627 4269 οἱ
1677 4209 1866 4282 νᾶνοι,
1919 4207 1977 4268 ἕν
2028 4207 2091 4271 δὲ
2139 4215 2265 4277 τοῖς
2313 4207 2535 4286 χοίροις
2585 4207 2668 4269 τὰ
2722 4207 3101 4288 μετάχοιροι·

732 4309 836 4375 καὶ
888 4308 1055 4390 ἴσχει
1105 4310 1167 4374 δὲ
1214 4307 1411 4388 ὥσπερ
1461 4311 1510 4374 οἱ
1561 4314 1760 4389 νᾶνοι,
1809 4311 1836 4375 ὃ
1884 4312 2083 4389 γίννος
2136 4311 2204 4376 τὸ
2253 4313 2471 4378 αἰδοῖον
2521 4314 2721 4390 μέγα.
2772 4313 2991 4379 Libros
3036 4310 3103 4374 de

731 4416 1022 4481 Historia
1093 4416 1494 4481 Animalium
1565 4419 1878 4502 excerpsit
1949 4419 2410 4504 Aristophanes
2473 4409 2859 4506 Byzantius,
2924 4438 3101 4506 quem

731 4543 932 4608 quum
977 4521 1090 4586 alii
1131 4526 1544 4609 grammatici
1581 4524 1875 4611 deinceps
1915 4529 2363 4610 excerpserint,
2404 4547 2523 4590 non
2567 4527 2901 4591 miraberis
2932 4523 3104 4592 vesti·
3213 4540 3222 4548 ·
