3392 5384
667 418 799 485 392
1137 397 1142 405 ⁸
1535 438 2182 487 onssuu'rmncunm

665 603 938 669 secunda
984 607 1149 671 actio
1196 626 1316 669 nou
1365 609 1540 670 tenet
1587 602 1762 685 (Gai.
1813 603 1900 668 IV
1940 604 2181 690 5108),
2224 606 2369 673 ideo
2408 614 2882 673 sacramentum
2920 612 3063 676 eius

663 712 981 775 iniustum
1043 712 1561 797 pronuntiabitur
1591 712 1660 793 ¹),
1723 732 1837 777 nec
1899 714 2203 791 interest,
2252 715 2418 778 sitne
2462 716 2530 779 in
2578 735 2715 780 rem
2764 717 2930 780 actio
2978 738 3060 780 an

663 819 728 881 in
794 838 1129 902 personam
1153 817 1225 900 ²).
1289 818 1471 884 Idem
1529 819 1600 882 in
1664 839 1737 883 eo
1797 825 2046 896 statuo,
2111 821 2223 906 qui
2269 822 2336 884 in
2384 841 2573 886 causa
2618 843 2744 886 non
2795 827 3061 908 excepta

665 945 856 1011 agere
905 923 1064 991 velit
1109 924 1314 990 alieno
1362 927 1662 1002 nomine,
1712 927 1863 1009 quia
1909 948 2071 990 nemo
2118 925 2316 990 alieno
2362 927 2595 991 nomine
2641 948 2789 993 cum
2828 927 3059 994 effectu

663 1031 792 1112 leffe
853 1053 1028 1113 aqere
1079 1038 1284 1113 potest
1310 1028 1381 1112 ³).
1443 1030 1587 1095 Erit
1649 1032 1857 1116 igitur
1914 1033 1979 1096 et
2040 1033 2107 1095 in
2163 1032 2360 1097 huius
2406 1053 2673 1118 persona
2719 1032 3056 1119 denegatio

664 1157 1134 1222 supervacanea
1195 1139 1260 1202 et
1321 1139 1388 1201 in
1438 1137 1796 1222 peregrini,
1848 1158 1923 1201 ex
1971 1136 2202 1222 quibus
2248 1141 2456 1203 causis
2502 1141 2838 1225 peregrino
2886 1142 3055 1205 actio

663 1263 786 1308 non
849 1245 1189 1328 competit3
1256 1262 1648 1328 quamquam
1710 1244 1777 1307 in
1836 1247 2107 1328 utroque
2154 1247 2423 1330 requirit
2469 1265 2607 1311 eam
2660 1244 2954 1310 Karlowa
2980 1245 3053 1327 4),

665 1370 855 1434 quem
905 1371 1028 1415 non
1075 1349 1271 1415 latuit
1319 1349 1625 1415 adversus
1674 1347 1822 1434 plus
1870 1354 2197 1436 petentem
2243 1372 2377 1417 esse
2418 1372 2954 1437 supervacaneam
2982 1352 3055 1434 ⁵).

1705 1806 1996 1876 XCVIII.

1315 2009 1613 2069 ououono
1660 2008 2035 2059 sArrsmfflo
2080 2009 2414 2058 nvrrnrua.

753 2172 1132 2252 SatisdatiO,
1197 2194 1358 2258 quae
1420 2175 1710 2260 exigitur
1772 2195 1807 2238 a
1869 2172 2193 2239 defensore
2258 2174 2576 2253 absentis,
2629 2197 2753 2240 non
2800 2196 3056 2260 semper

665 2282 896 2346 evitari
941 2286 1183 2364 potest3
1234 2300 1416 2364 posse
1461 2279 1739 2358 videtur,
1789 2301 1991 2364 quum
2039 2279 2117 2344 ab
2163 2281 2665 2366 interrogatione
2712 2302 2812 2346 res
2853 2285 3060 2347 exori·
3116 2351 3128 2363 ‚

663 2394 790 2466 tur,
840 2386 1050 2453 veluti
1096 2387 1152 2450 si
1197 2384 1580 2452 hereditario
1626 2387 1882 2450 nomine
1930 2384 2165 2470 aliquis
2210 2389 2605 2464 convenitur,
2656 2390 2929 2472 quinon
2970 2391 3059 2453 sit

664 2494 880 2572 heres,
938 2495 1342 2578 propositum
1407 2498 1620 2557 tamen
1681 2492 1915 2558 habeat
1976 2491 2272 2562 heredem
2330 2492 2723 2558 defendendi.
2770 2492 2833 2559 Is
2879 2496 3056 2559 enim

661 2604 1098 2686 interrogatus
1153 2621 1232 2664 an
1281 2602 1366 2664 sit
1411 2599 1627 2677 heres,
1677 2598 1908 2663 callide
1952 2599 2252 2664 heredem
2300 2621 2365 2664 se
2410 2600 2852 2685 respondebit,
2900 2622 3055 2666 nam

663 2709 753 2771 sic
798 2706 1016 2772 eludet
1061 2704 1494 2771 satisdationis
1541 2708 2009 2771 necessitatem.
2072 2705 2253 2771 Idem
2298 2709 2457 2785 erit,
2507 2709 2557 2772 si
2610 2708 2753 2792 quis
2797 2709 2864 2770 in
2911 2709 3055 2771 iure

660 2811 1054 2897 responderit
1114 2811 1414 2876 occidisse
1477 2832 1543 2875 se
1605 2810 1712 2875 vel
1765 2811 2137 2876 vulnerasse
2159 2859 2175 2888 ,
2220 2811 2613 2877 homicidam
2660 2812 2903 2878 scilicet
2949 2813 3058 2879 vel

662 2917 947 2983 vulneris
1009 2924 1332 2982 auctorem
1382 2917 1779 2982 defensurus.
1845 2917 1981 2998 Quo
2030 2939 2178 2983 casu
2222 2926 2397 2983 actor
2440 2939 2575 2984 rem
2624 2921 2691 2982 in
2736 2918 3053 2985 iudicium

664 3025 952 3102 deducit,
993 3023 1139 3108 quia
1177 3026 1462 3087 adversus
1499 3024 1874 3109 defensorem
1917 3071 1930 3088 .
1960 3073 1973 3088 .
2005 3072 2019 3089 .
2064 3025 2243 3107 (emit
2269 3023 2340 3105 ὓ),
2382 3025 2574 3090 modo
2616 3027 2701 3090 sit
2740 3025 3050 3104 defensor,

663 3133 774 3216 qui
819 3137 1187 3212 spontanea.
1219 3177 1232 3194 .
1264 3178 1278 3194 .
1305 3129 1612 3196 voluntate
1657 3129 1935 3195 alienam
1975 3133 2291 3196 actionem
2330 3131 2685 3214 susefipiat)
2716 3130 2785 3213 7),
2827 3153 3050 3217 quam-

663 3236 879 3301 obrem
924 3241 1146 3322 postea
1192 3258 1344 3302 cum
1387 3238 1527 3322 ipso
1575 3258 1682 3303 reo
1722 3241 1897 3302 actor
1936 3237 2181 3324 agendo
2219 3236 2565 3323 repelletur
2601 3240 2693 3303 rei
2729 3237 3048 3304 iudicatae

661 3342 766 3409 vel
830 3345 897 3407 in
965 3343 1282 3408 iudicium
1351 3342 1656 3409 deductae
1726 3345 2096 3428 exceptione
2124 3342 2193 3425 ⁸).
2279 3343 2539 3430 Itaque,
2611 3367 2689 3410 ne
2752 3347 3043 3431 capia-tur

732 3590 784 3653 1)
821 3589 895 3638 Cf.
932 3588 1170 3646 Karlmn,
1206 3603 1282 3653 op.
1317 3586 1400 3636 cit.
1433 3602 1482 3652 p.
1520 3587 1585 3635 80
1619 3588 1722 3637 not.
1760 3588 1805 3636 1.

730 3669 788 3736 2)
822 3671 1058 3719 Interesse
1091 3672 1230 3734 putat
1263 3669 1426 3728 Lenel,
1468 3669 1640 3734 Urspr.
1677 3670 1779 3718 und
1819 3669 1969 3718 Wirk.
1988 3670 2090 3720 Λᾶν
2121 3671 2438 3734 Evceptionen
2474 3671 2647 3735 (1876)
2678 3687 2727 3737 p.
2759 3673 2840 3754 41.

731 3753 784 3818 3)
820 3752 1131 3818 Η1ρ.1.123
1159 3767 1233 3816 pr.
1270 3753 1328 3802 D.
1367 3750 1528 3804 50.17
1566 3751 1649 3812 (cf.
1687 3753 1849 3800 tamen
1884 3752 1988 3804 Gai.
2025 3751 2094 3801 IV
2134 3754 2241 3816 982
2274 3753 2336 3802 ia.
2374 3753 2480 3819 29).

727 3835 785 3900 4)
831 3837 924 3900 Op.
967 3835 1048 3884 cit.
1083 3850 1130 3899 p.
1166 3835 1281 3884 345.
1315 3833 1508 3883 Scilicet
1541 3849 1636 3882 non
1673 3833 1840 3883 scribit
1873 3838 2145 3899 praetorem
2179 3835 2231 3884 in
2266 3835 2356 3884 tali
2391 3851 2442 3885 re
2478 3836 2776 3900 denegavisse
2810 3835 3045 3886 actionem

660 3917 742 3966 sed
777 3917 852 3980 agi
888 3931 1075 3980 passum
1110 3931 1205 3964 non
1241 3931 1354 3966 esse.
1391 3917 1451 3964 Et
1487 3919 1624 3980 putat
1660 3915 1730 3980 (p.
1770 3917 1891 3980 343)
1928 3917 2134 3966 multum
2170 3915 2412 3966 interesse.
2830 3947 2839 3954 ·

731 3999 783 4063 5)
832 4000 923 4063 Op.
971 3999 1054 4047 cit.
1090 4015 1136 4063 p.
1170 3998 1293 4047 346.
1345 3999 1457 4047 ‚der
1493 3997 1669 4062 chir'qer
1704 4001 1847 4062 (war)
1883 3999 1975 4048 den
2013 3999 2264 4062 Gefahren
2298 4001 2385 4049 der
2418 3998 2697 4066 pluspetitio
2728 3999 3047 4064 ausqesetzt’'.

661 4082 734 4130 Cf.
769 4080 882 4130 ibid.
919 4098 964 4146 p.
1003 4082 1099 4128 343
1119 4096 1184 4145 sq.
1224 4081 1306 4143 (ad
1345 4080 1444 4129 Cic.
1481 4080 1538 4128 de
1573 4082 1714 4130 Orat.
1750 4081 1777 4129 I
1813 4082 1876 4130 36
1914 4081 2087 4143 9167).
2230 4091 2259 4101 “

727 4164 781 4228 3)
817 4165 870 4212 L.
911 4164 972 4212 11
1010 4163 1081 4226 97
1121 4165 1180 4214 D.
1215 4165 1295 4211 44.
1319 4162 1366 4212 2.

727 4245 782 4311 7)
828 4262 866 4294 c.
901 4245 932 4294 2
976 4247 1028 4294 C.
1065 4246 1110 4293 2.
1135 4247 1178 4294 3.
1225 4245 1367 4309 Ergo,
1406 4245 1446 4294 si
1479 4247 1668 4294 coactus
1704 4245 1885 4304 fecerit,
1919 4247 2122 4311 frustra
2158 4246 2219 4295 lis
2252 4249 2519 4296 contestata
2552 4246 2647 4296 erit
2685 4247 2743 4310 (1.
2780 4245 2841 4298 57
2879 4249 2946 4309 91
2987 4249 3045 4297 D.

660 4329 738 4377 12.
761 4328 813 4387 ὃς
853 4328 886 4377 l.
925 4329 987 4376 36
1022 4330 1080 4376 D.
1121 4328 1271 4387 10.2;
1311 4344 1351 4376 c.
1389 4330 1419 4378 2
1456 4329 1510 4377 C.
1545 4330 1592 4376 4.
1617 4329 1717 4387 39),
1753 4328 1844 4378 nisi
1879 4329 2146 4393 cognitorio
2183 4329 2376 4379 nomine
2412 4345 2467 4379 ex
2504 4329 2660 4379 edicto
2686 4337 2944 4379 conventus
2972 4330 3051 4390 sit,

659 4411 786 4474 quod
821 4410 1029 4459 edictum
1063 4413 1278 4476 superest
1310 4410 1343 4459 1.
1384 4411 1415 4460 8
1449 4411 1520 4473 93
1554 4412 1613 4460 D.
1651 4413 1694 4460 3.
1720 4413 1749 4458 3
1784 4410 1967 4472 (Leuel,
2007 4411 2152 4477 927).

728 4491 786 4556 8)
837 4493 994 4541 Taciti
1022 4492 1166 4557 pacti
1199 4493 1522 4558 exceptionem
1551 4492 1616 4556 (c.
1652 4493 1683 4542 2
1722 4493 1776 4542 C.
1813 4493 1859 4542 2.
1880 4495 1935 4557 3)
1972 4492 2271 4544 substituisse
2308 4495 2501 4544 videtur
2536 4493 2865 4545 Tribonianus.
2905 4497 3043 4561 Quae

656 4574 860 4639 suspicio
907 4575 1217 4625 confirmatur
1256 4572 1385 4635 ideo,
1431 4573 1545 4640 quia
1588 4591 1629 4624 c.
1665 4575 1696 4622 2
1735 4575 1800 4625 ss.
1840 4575 1887 4626 2.
1908 4577 1938 4624 3
1973 4591 2069 4626 non
2104 4576 2263 4642 potuit
2296 4577 2533 4642 explicare
2568 4577 2847 4638 Gaudemet,
2880 4579 3038 4628 Etude
