3392 5384
1451 387 1764 439 nonnus.
1888 471 1901 483 ⁸
2663 369 2793 440 427

498 558 560 623 11
609 557 672 624 2.
704 557 736 622 1
812 555 1028 621 Homo
1077 557 1322 621 homiui
1369 555 1522 640 quid
1570 552 1895 640 praestat?
1942 553 2159 620 stulto
2207 553 2591 641 intellegens
2640 555 2793 641 quid

401 662 707 729 interest?
1980 652 1995 666 ⁵

491 769 588 851 (5)
656 769 788 834 Alii
848 768 1296 854 distinguunt:
1352 768 1548 853 „quid
1596 774 1877 854 praestat
1928 767 2132 833 stulto
2180 766 2633 854 intellegens'',
2684 768 2794 834 alii

405 876 646 954 „stulto
709 874 1090 961 intellegens
1140 875 1294 960 quid
1340 877 1605 939 interest
1624 872 1691 938 ?''
1744 871 1893 959 quia
1941 877 2029 939 sic
2075 880 2323 940 veteres
2369 873 2793 960 loquebantur

398 981 561 1064 (scil.
612 986 880 1047 interest
927 1003 1076 1047 cum
1113 983 1515 1047 nominativo
1556 986 1621 1046 et
1661 981 1929 1062 dativo).
2023 981 2347 1046 Posterior
2384 1002 2583 1066 eaque
2620 983 2789 1047 iusta

397 1089 726 1154 distinctio
790 1088 955 1153 redit
1015 1089 1283 1153 sortasse
1337 1088 1410 1152 ad
1464 1088 1774 1152 Probum.
1825 1086 2149 1164 Donatus,
2202 1095 2275 1152 ut
2321 1086 2517 1164 solet,
2568 1089 2789 1172 proba-

397 1196 506 1260 bat
566 1198 844 1281 priorem
909 1194 1326 1272 divisionem,
1376 1195 1523 1258 hinc
1573 1194 1652 1258 ad
1703 1216 1797 1259 vs.
1848 1194 1889 1258 2
1943 1193 2152 1274 „Quid
2198 1191 2547 1259 interest?”
2599 1194 2787 1260 adno-

400 1304 597 1367 tavit:
648 1301 788 1366 Hoc
836 1301 1211 1366 admirantis
1258 1297 1451 1389 (est)
1502 1306 1568 1366 et
1612 1300 1755 1365 ideo
1806 1302 1897 1365 sic
1947 1300 2513 1386 pronuntiandum.

489 1407 552 1472 II
601 1408 662 1473 2.
692 1407 775 1472 25
803 1407 901 1488 (2)
966 1406 1468 1493 „Cuppedinarii
1531 1406 1793 1472 omnes'’
1846 1405 2044 1472 Varro
2093 1407 2521 1471 humanarum
2570 1429 2788 1472 rerum

404 1515 831 1594 „Numerius‚
871 1514 1207 1599 Equitius,
1251 1510 1540 1600 Cuppae,
1591 1515 1840 1598 inquit,
1890 1519 1956 1579 et
2000 1513 2260 1578 Manius
2308 1512 2619 1578 Macellus
2668 1516 2791 1578 sin-

396 1621 612 1710 gulari
673 1621 1005 1686 latrocinio
1066 1619 1276 1685 multa
1339 1618 1477 1685 loca
1524 1619 1887 1685 habuerunt
1930 1619 2205 1684 infesta”
2257 1640 2308 1684 6.
2338 1640 2395 1704 q.
2423 1640 2470 1683 e.
2523 1619 2783 1705 (fragm.

397 1728 442 1793 1.
490 1728 633 1809 IX).

485 1834 547 1899 Π
595 1833 766 1901 3.21
802 1833 899 1916 (6)
960 1832 1086 1899 Sed
1138 1831 1372 1897 melius
1419 1831 1680 1918 legunt,
1734 1834 1844 1917 qui
1891 1833 2011 1897 hoc
2060 1838 2272 1898 totum
2320 1832 2400 1897 ad
2448 1853 2783 1917 personam

396 1939 716 2028 applicant
778 1938 1112 2007 Chaereae.
1207 1937 1277 2004 Si
1338 1939 1456 2003 hoc
1518 1959 1771 2024 quoque
1822 1939 1899 2003 ad
1946 1939 2233 2005 Probum
2283 1940 2562 2026 Asprum
2611 1960 2786 2005 revo-

395 2049 668 2113 candum
731 2053 863 2124 est,
927 2054 1198 2132 egerunt
1245 2047 1442 2110 etiam
1493 2045 1568 2110 de
1617 2066 2031 2130 personarum
2080 2045 2414 2112 divisione.
2478 2044 2781 2112 Ceterum

394 2154 469 2219 de
511 2154 611 2218 his
647 2154 907 2219 scholiis
947 2153 1092 2220 vide
1129 2174 1320 2237 supra
1356 2154 1422 2216 in
1464 2154 1671 2237 capite
1714 2151 1790 2216 de
1828 2151 2433 2238 interpolationibus
2458 2152 2776 2218 Eunuchi.

485 2259 578 2325 111
624 2259 684 2325 2.
715 2259 753 2324 5
819 2259 1000 2324 Thr.
1052 2259 1103 2324 O
1149 2257 1344 2323 Thais
1391 2279 1534 2323 mea
1585 2306 1641 2322 ..
1675 2307 1688 2322 .
1741 2259 1968 2344 ecquid
2018 2281 2131 2324 nos
2178 2279 2354 2324 amas
2403 2259 2478 2324 de
2524 2259 2779 2324 fidicina

824 2365 957 2431 Th.
1006 2366 1379 2431 Plurimum
1429 2367 1660 2430 merito
1711 2370 1821 2430 tuo
2552 2363 2781 2448 [istac?

485 2473 774 2539 Donatus
822 2495 949 2539 uno
999 2480 1216 2538 tenore
1259 2472 1415 2538 haec
1465 2473 1832 2538 adnotavit:

485 2579 564 2660 (1)
613 2580 840 2645 Facete
888 2581 1193 2644 meretrix
1243 2598 1526 2644 amorem
1575 2600 1767 2643 suum
1814 2601 1941 2644 non
1990 2581 2067 2644 ad
2115 2581 2455 2647 avaritiam
2504 2578 2779 2658 rettulit,

393 2684 501 2750 sed
561 2685 639 2750 ad
703 2686 1019 2763 officium,
1085 2691 1148 2750 et
1195 2706 1342 2750 cum
1392 2685 1512 2762 „de
1559 2684 1879 2764 fidicina'’,
1927 2688 2172 2772 inquit,
2226 2693 2287 2750 te
2335 2707 2546 2752 amem
2594 2691 2779 2768 (corr.

390 2812 532 2857 amo
552 2789 603 2873 ?)
668 2798 808 2857 tum
863 2795 1199 2879 praecipue
1250 2793 1525 2869 „merito
1575 2790 1755 2858 tuo”.
1805 2792 1900 2874 (2)
1952 2792 2086 2858 Alii
2132 2794 2221 2858 sic
2266 2792 2641 2878 respondere
2686 2794 2781 2856 in·

387 2897 744 2985 tellegunt,
794 2905 870 2963 ut
913 2901 1053 2985 ipsa
1100 2899 1176 2963 de
1223 2899 1476 2964 fidicina
1515 2902 1757 2985 gratias
1799 2907 1984 2986 agat:
2028 2921 2175 2965 nam
2218 2921 2368 2965 cum
2405 2899 2521 2965 ille
2546 2899 2779 2964 dixerit

394 3004 662 3090 „ecquid
723 3025 836 3069 nos
900 3025 1076 3069 amas
1094 3001 1162 3068 ?''
1229 3003 1346 3068 illa
1407 3005 1732 3089 respondit
1800 3005 2270 3090 „Plurimum’',
2336 3006 2504 3093 quod
2552 3011 2773 3071 autem

393 3110 509 3188 „de
556 3109 850 3176 fidicina'’
899 3110 1065 3174 dixit
1110 3108 1257 3187 ille,
1305 3109 1460 3174 haec
1505 3110 1781 3175 subiecit
1831 3114 2104 3187 „merito
2153 3113 2337 3190 tuo'',
2385 3112 2452 3176 id
2492 3117 2587 3176 est
2628 3133 2777 3197 quo-

389 3221 564 3284 niam
627 3219 890 3282 mereris
953 3215 1366 3300 dandoneam.
1439 3214 1535 3296 (3)
1583 3215 1709 3280 Sed
1756 3215 1991 3281 melius
2039 3222 2169 3294 est,
2223 3225 2296 3282 ut
2342 3223 2591 3303 praeter
2638 3239 2778 3282 mu-

386 3345 506 3388 nus
547 3322 780 3389 dixerit
821 3326 1164 3402 meritum;
1211 3343 1602 3408 quamquam
1643 3321 1839 3387 multi
1883 3325 2277 3388 meritum
2317 3344 2555 3387 munus
2593 3321 2778 3386 intel·

384 3429 614 3516 legunt
683 3431 931 3517 ipsum,
1016 3434 1090 3493 ut
1159 3435 1256 3494 est
1331 3431 1613 3514 „quique
1685 3432 1790 3493 sui
1859 3449 2180 3494 memores
2252 3428 2503 3514 aliquos
2573 3429 2776 3494 secere

387 3535 731 3601 merendo'’
772 3537 956 3615 (Aen.
998 3535 1085 3600 VI
1125 3534 1306 3615 664),
1349 3534 1415 3598 1(1
1463 3542 1559 3600 est
1598 3542 1820 3621 gratos
1861 3535 1984 3600 sibi
2010 3535 2337 3600 reddidere
2361 3535 2773 3600 munerando.

479 3641 719 3720 „Alii'’,
785 3640 1088 3719 „multi”‚
1151 3644 1218 3706 in
1282 3641 1385 3706 his
1441 3641 1666 3726 procul
1717 3642 1910 3707 dubio
1963 3643 2165 3728 Asper
2214 3642 2374 3717 fuit,
2425 3644 2529 3706 6111
2576 3639 2777 3706 altera

384 3751 600 3832 opinio
649 3747 964 3813 reddenda
1011 3750 1134 3813 erit
1180 3769 1293 3812 nec
1341 3769 1463 3812 non
1512 3769 1672 3834 quae
1712 3747 1956 3834 legitur
1991 3751 2060 3813 in
2101 3748 2195 3831 (3)
2237 3751 2584 3835 posteriore
2625 3768 2773 3812 cum

384 3853 680 3938 exemplo
742 3853 1132 3940 Vergiliano.
1196 3855 1338 3938 Ego
1402 3876 1548 3918 cum
1598 3855 1851 3920 Fabia
1899 3854 2134 3920 Donati
2177 3857 2770 3941 interpretationem

386 3960 689 4045 praeferO.
753 3959 1334 4048 Eugraphius:
1399 3963 1634 4026 Astuta
1696 3964 2036 4038 meretrix,
2082 3983 2179 4026 ne
2226 3964 2513 4027 muneris
2560 3963 2771 4046 gratia

385 4065 621 4131 diceret
667 4087 734 4132 se
780 4086 993 4132 amare
1033 4066 1347 4147 militem,
1390 4066 1751 4152 respondit:
1803 4088 1991 4145 „amo
2032 4073 2126 4147 te,
2169 4068 2278 4132 sed
2317 4070 2549 4132 merito
2589 4066 2768 4132 tuo”.

382 4173 497 4239 Ille
560 4176 868 4239 astutiam
928 4177 997 4240 in
1059 4195 1132 4240 eo
1197 4177 1472 4260 positam
1538 4177 1821 4253 censuit,
1887 4176 2134 4258 opinor,
2186 4173 2352 4259 quod
2402 4172 2766 4239 dissimulat

379 4281 742 4346 avaritiam.

471 4385 558 4451 IV
607 4386 667 4452 2.
697 4385 737 4450 9
808 4385 944 4451 Soli
989 4386 1126 4449 sine
1170 4384 1286 4450 illa
2660 4446 2668 4456 ,

462 4493 557 4577 (4)
621 4492 791 4559 Sunt
853 4502 1072 4558 autem
1133 4494 1246 4578 qui
1291 4491 1464 4558 idem
1510 4498 1743 4579 putent
1789 4513 1922 4559 esse
1974 4491 2179 4571 „soli”
2231 4493 2409 4570 „sine
2453 4489 2634 4570 illa'’,
2685 4500 2762 4559 ut
