3392 5384
1360 441 1689 492 numme.
2586 422 2715 489 113

423 611 739 698 Equidem
781 609 1089 697 refingere
1130 589 1364 676 velim:
1404 611 1795 674 instructum
1838 607 2065 674 teletae
2105 629 2403 694 comparo
2444 609 2715 691 laryiter,

335 741 416 784 ex
454 718 666 784 studio
707 719 965 803 pietatis
1007 719 1216 802 magis
1255 737 1447 800 quam
1490 736 1790 780 mensura
1820 736 2034 780 rerum
2065 715 2415 797 (napibus)
2444 714 2715 782 collatis.

429 824 566 890 Vox
625 824 809 906 stipis
867 843 1052 908 saepe
1107 825 1175 887 in
1223 843 1288 887 re
1335 842 1510 888 sacra
1554 824 1816 907 ponitur
1864 842 1977 906 pro
2025 823 2295 907 pecunia
2341 821 2420 885 cf.
2470 821 2611 887 Liv.
2663 820 2717 885 V

336 930 447 1008 25,
478 930 518 994 2
579 928 744 994 nihil
806 930 882 994 de
944 928 1300 994 conlatione
1347 928 1552 994 dicere
1599 929 1820 1012 stipis;
1868 926 2135 1003 XXVII,
2186 924 2270 993 37
2318 928 2719 1014 prodigium-

336 1057 462 1122 que
530 1036 596 1099 id
669 1035 747 1099 ad
816 1041 1137 1099 matronas
1203 1036 1519 1120 pertinere
1587 1033 1956 1117 haruspices
2026 1053 2174 1096 eum
2249 1032 2721 1119 respondissent

338 1143 628 1227 donoque
675 1141 890 1205 divam
944 1139 1311 1226 placandam
1358 1160 1492 1205 esse
1543 1187 1739 1205 .....
1786 1141 1962 1224 ipsae
2009 1140 2176 1203 iuter
2223 1159 2289 1204 se
2336 1142 2617 1223 quinque
2658 1142 2723 1204 et

340 1249 582 1334 viginti
628 1246 1037 1332 delegerunt,
1085 1245 1164 1311 ad
1212 1265 1367 1330 quas
1415 1266 1494 1309 ex
1542 1245 1799 1310 dotibus
1836 1230 2071 1329 stipem
2110 1245 2482 1310 conferrent.
2534 1245 2725 1330 Apud

340 1352 694 1440 Apuleium
739 1355 1070 1440 invenitur
1122 1351 1271 1429 183,
1299 1351 1384 1415 30
1433 1350 1766 1416 eonlaticia
1814 1353 1979 1437 stipe
2027 1357 2133 1432 (=
2173 1353 2497 1416 Ammian.
2548 1353 2723 1417 Mar-

338 1458 482 1525 cell.
517 1460 564 1540 ¹)
629 1457 779 1522 XIV
834 1460 888 1535 1,
919 1457 1020 1538 4);
1086 1464 1410 1542 praeterea
1470 1477 1657 1544 saepe
1720 1454 1990 1542 pluralis
2051 1457 2397 1522 adhibetur
2459 1456 2568 1537 31,
2596 1457 2720 1535 223

342 1565 453 1643 32,
483 1564 558 1644 63
613 1564 763 1643 131,
795 1563 912 1641 123
964 1560 1118 1644 237,
1151 1561 1232 1630 17
1281 1569 1400 1629 cet.

410 1733 608 1794 276,17
659 1727 762 1785 sta-53
807 1734 890 1798 (ι-
929 1734 1184 1799 sacerdoti)
1221 1735 1324 1796 ΕΦ.
1389 1735 1453 1784 19
1488 1735 1576 1784 εἰσ*
1613 1734 1652 1783 F
1685 1735 1771 1783 άσἸ
1806 1738 1845 1795 Φ
1880 1733 1962 1799 (=
2004 1734 2204 1798 decem).
2257 1737 2320 1785 19
2355 1736 2566 1800 spontali
2598 1737 2637 1786 F
2674 1740 2725 1786 st

339 1823 396 1867 ta
431 1833 528 1866 non
562 1821 633 1865 est
667 1817 908 1880 integrum
946 1818 1092 1877 (eorr.
1127 1816 1326 1866 fortasse
1361 1830 1417 1864 ex
1451 1817 1544 1880 at).

409 1899 522 1958 276,
542 1897 607 1947 20
640 1914 699 1947 ex
731 1899 768 1946 F
802 1914 828 1947 e
861 1901 915 1958 Φ.
967 1897 1031 1946 23
1065 1902 1240 1966 acqua.
1291 1898 1356 1947 26
1393 1901 1440 1945 et
1477 1897 1529 1957 F,
1565 1897 1644 1946 sed
1678 1901 1701 1945 t
1735 1897 2060 1962 redintegrata
2094 1900 2182 1947 est.
2244 1898 2307 1947 28
2326 1914 2370 1956 83
2406 1899 2533 1964 (sed)
2568 1905 2623 1962 Φ.

408 1986 522 2045 277,
545 1986 570 2033 1
608 1987 734 2051 faro
781 1985 819 2032 F
856 1986 980 2050 foro
1023 1987 1111 2046 Φῑ,
1163 1987 1212 2034 st
1247 2000 1371 2034 πων.
1407 1984 1600 2051 scripsit
1629 2001 1664 2034 a
1696 2001 1842 2051 supra
1876 1985 2089 2051 priorem
2123 2003 2152 2036 0
2184 1989 2483 2051 expunctum.
2550 1989 2581 2036 2
2618 1988 2731 2037 esti-

340 2067 566 2117 mescere7
603 2072 658 2128 Φ.

438 2209 593 2290 277,
622 2211 664 2276 2
732 2233 848 2277 nee
908 2214 1388 2277 extimescerem
1451 2209 1909 2277 maliuolorum
1972 2213 2520 2280 disseminationes
2569 2237 2728 2299 quas

343 2318 712 2383 studiorum
757 2338 1048 2383 meorum
1093 2317 1405 2382 laboriosa
1453 2316 1739 2383 doctrina
1782 2318 1872 2382 ibi
1919 2319 2267 2384 demerebat.
2309 2341 2380 2384 ac
2416 2341 2497 2386 ne
2535 2315 2729 2387 saei-is

342 2426 478 2489 suis
524 2426 714 2510 gregi
761 2429 968 2500 cetero
1013 2426 1372 2509 permixtus
1413 2422 1803 2489 deseruirem
1850 2445 1904 2489 e.
1934 2445 1993 2508 q.
2022 2447 2071 2490 s.

434 2529 665 2594 Editor
709 2531 978 2595 coniecit
1014 2530 1344 2594 demerebat
1390 2551 1504 2615 pro
1550 2530 1939 2608 deseruiebat,
1990 2531 2158 2614 quod
2204 2529 2505 2598 librarius
2555 2533 2730 2599 dedit

341 2636 675 2702 evidenter
736 2635 1036 2721 deeeptus
1097 2656 1250 2703 voce
1299 2657 1450 2702 mox
1495 2642 1799 2722 sequente
1846 2636 2224 2703 deseruirem.
2275 2636 2347 2702 Si
2390 2640 2597 2726 igitur
2642 2645 2733 2706 at-

340 2741 668 2806 tendimus

1251 2847 1339 2910 ibi
1384 2847 1752 2911 deserbiebat
1797 2853 1862 2912 et

1251 2952 1418 3018 ibide
1460 2953 1698 3017 subibat

345 3079 473 3122 non
520 3056 808 3122 multum
854 3060 1024 3122 inter
1067 3079 1135 3124 se
1182 3058 1466 3135 differre,
1518 3059 1785 3124 fortasse
1831 3062 2094 3146 propius
2140 3060 2220 3126 ad
2259 3064 2598 3127 veritatem
2636 3084 2735 3129 ae-

347 3163 636 3229 cedimus
691 3165 1079 3248 reponendo:
1131 3185 1288 3249 quas
1334 3164 1697 3231 studiorum
1746 3187 2039 3231 meorum
2086 3164 2400 3233 laboriosa
2445 3167 2733 3234 doctrina

346 3268 566 3332 ibidem
608 3269 861 3334 subiba-t.

439 3375 670 3439 Ibidem
713 3374 958 3461 legitur
998 3375 1059 3452 4,
1089 3375 1165 3455 83
1212 3375 1272 3454 6,
1300 3376 1374 3454 4;
1419 3374 1723 3464 237,,13;
1768 3375 1922 3456 264,
1955 3374 2029 3456 7;
2074 3374 2229 3456 271,
2257 3377 2337 3443 24
2370 3385 2490 3444 cet.
2532 3378 2732 3444 subire

350 3487 568 3546 autem
622 3479 728 3558 79,
761 3481 875 3560 11;
927 3480 1080 3560 268,
1114 3481 1232 3568 12;
1284 3479 1552 3566 276,18
1599 3488 1720 3548 eet.

415 3647 532 3706 277,
555 3647 582 3695 5
612 3648 874 3712 pastoforia
909 3645 949 3695 F
973 3649 1220 3713 pastofou
1255 3654 1311 3710 Φ.
1380 3651 1409 3697 8
1444 3649 1567 3715 sylle
1597 3649 1636 3698 F
1668 3648 1806 3714 (sille
1837 3655 1876 3711 Φ
1911 3653 1966 3700 ut
2001 3653 2127 3701 recte
2161 3651 2367 3702 Gnteoha
2402 3651 2663 3718 observat).

1273 3763 1873 3876 (Coretinuabuntur).
1972 3863 1977 3868 ,

416 4052 471 4116 1)
505 4050 581 4100 cf.
619 4050 850 4112 Weyman
885 4049 918 4098 1.
939 4065 980 4098 e.
1013 4064 1093 4113 με.
1130 4049 1245 4097 861.
