3392 5384
1396 428 1712 479 nonnus.
2607 411 2740 478 209

350 598 666 663 sententia
726 595 1108 662 adverbium
1154 598 1396 661 maiore
1444 600 1675 672 auctu,
1725 595 1932 660 veluti
1982 595 2427 672 „miserrime”
2480 617 2542 661 v.
2570 601 2618 660 t.
2644 616 2705 680 q.
2728 643 2743 672 ,

356 708 819 789 usurpaturum
880 702 1094 768 fuisse.
1295 701 1395 766 IP
1459 701 1699 767 denuo:
1763 700 1859 783 (4)
1909 703 2043 767 Aut
2088 701 2234 787 plus
2280 708 2378 768 est
2428 702 2743 783 „misere”

358 831 551 896 quam
604 809 997 895 „impense’'.

445 916 607 984 Ibid.
658 916 765 982 23.
837 916 1233 1011 Elephantis·
1259 937 1452 1001 quem
1500 915 1736 981 Indicis
1786 916 2172 1002 praefecerat

450 1024 649 1089 Don.:
707 1024 804 1105 (l)
853 1024 939 1089 Et
987 1024 1105 1090 hoc
1152 1022 1386 1102 stulte,
1436 1044 1585 1089 cum
1632 1024 1752 1089 hoc
1782 1024 1829 1104 ¹)
1878 1023 1957 1088 ad
2002 1024 2388 1110 dignitatem
2438 1025 2642 1089 sumit
2689 1030 2754 1088 et

364 1133 454 1196 sic
499 1132 909 1217 pronuntiat,
958 1137 1035 1195 ut
1081 1152 1322 1217 magna
1366 1152 1502 1199 esse
1550 1130 1945 1216 praefectura
1991 1131 2287 1196 videatur
2334 1130 2489 1195 haec
2535 1132 2723 1224 ipsa..

455 1236 556 1301 IP
618 1236 893 1312 addidit:
959 1236 1054 1319 (2)
1116 1237 1201 1302 Et
1263 1237 1384 1303 hoc
1446 1258 1483 1303 a
1530 1235 1761 1303 stolido
1808 1237 2017 1303 milite
2064 1240 2154 1303 sic
2203 1238 2545 1323 profertur,
2595 1242 2758 1302 tam-

366 1365 559 1429 quam
608 1364 923 1430 magnum
969 1344 1298 1409 hominem
1347 1342 1506 1409 velit
1554 1364 1725 1420 esse,
1775 1346 1889 1429 qui
1936 1344 2059 1409 sibi
2104 1343 2431 1409 inviderit.

455 1450 617 1515 Ibid.
670 1450 757 1515 40
828 1449 1019 1515 Dolet
1066 1450 1313 1515 dictum
1358 1450 1760 1535 imprudenti
1807 1449 2200 1516 adulescenti
2248 1456 2313 1515 et
2356 1449 2558 1515 libero

456 1556 626 1622 Scite
687 1556 882 1623 Don.:
950 1556 1308 1637 (l)„Deest
1364 1556 1615 1635 „mihi”
1666 1562 1740 1621 ut
1789 1559 1909 1622 sit:
1959 1556 2130 1622 dolet
2179 1557 2375 1635 mihi,
2427 1595 2511 1631 -τ
2563 1556 2656 1637 (2)
2703 1564 2759 1619 et

364 1664 589 1729 dictum
615 1663 1019 1747 participium
1059 1670 1167 1742 eet,
1210 1664 1287 1727 id
1316 1665 1474 1749 quod
1510 1662 1729 1726 dixisti
1767 1662 1893 1744 (W.
1936 1656 2100 1729 cu‘rs.
2142 1661 2240 1730 Of.
2285 1664 2363 1728 ad
2389 1663 2548 1749 prol.
2579 1664 2646 1745 6)
2675 1700 2756 1711 —

365 1770 610 1837 addidit
673 1773 846 1836 enim
894 1772 1249 1855 parasitus,
1303 1791 1428 1856 quo
1475 1772 1743 1857 gravius
1790 1773 1876 1835 sit
1924 1770 2209 1849 dictum,
2264 1772 2762 1835 commiseratio-

365 1898 511 1942 nem
561 1880 736 1955 eiu5‚
785 1879 852 1941 iu
900 1896 1093 1961 quem
1140 1877 1385 1942 dictum
1436 1882 1567 1955 est,
1616 1881 1842 1961 utpote
1879 1877 2359 1961 imprudentem
2402 1875 2762 1941 adulescen-

364 1988 501 2049 tem
551 1989 616 2049 et
660 1982 934 2049 liberum
956 2004 973 2062 3
1015 1984 1135 2047 scit
1175 1984 1348 2048 enim
1391 1981 1681 2047 homines
1721 1982 1954 2048 stultos
1992 1982 2196 2048 malos
2235 1983 2442 2048 videri
2483 1982 2668 2048 velle.

368 2088 470 2155 IP
516 2090 634 2154 hoc
679 2092 768 2154 sic
818 2091 1095 2154 variavit
1142 2096 1207 2155 et
1252 2091 1467 2154 auxit:
1510 2088 1606 2170 (5)
1646 2089 1732 2153 Et
1773 2092 1865 2154 sic
1903 2089 2122 2155 laudat
2163 2089 2475 2167 militem,
2520 2096 2593 2155 ut
2631 2092 2761 2154 iam

374 2198 785 2262 miseratione
860 2195 1098 2281 dignus
1166 2197 1252 2283 sit
1324 2194 1729 2273 adulescens,
1799 2203 2045 2274 (cum)
2113 2203 2247 2261 tam
2310 2197 2538 2261 festive
2606 2196 2762 2272 <ille

377 2303 712 2378 mordeat>
743 2301 792 2383 2)
842 2308 914 2366 ut
957 2304 1093 2367 iam
1138 2304 1430 2366 misereri
1473 2304 1886 2366 inimicorum
1939 2309 2139 2368 vacet.
2449 2290 2462 2300 ’

463 2409 625 2476 Ibid.
676 2407 759 2472 55
824 2408 1112 2493 Denique
1159 2429 1275 2493 par
1321 2429 1433 2493 pro
1480 2410 1619 2493 pari
1666 2409 1935 2484 referto,
1979 2408 2147 2494 quod
2195 2429 2334 2473 eam
2386 2408 2677 2473 mordeat

466 2514 627 2580 Don.
676 2514 771 2596 (1)
838 2512 1109 2593 „Quod”
1159 2534 1323 2599 par.
1478 2513 1576 2577 IP
1625 2521 1815 2599 rogat
1861 2513 1956 2595 (2)
2005 2515 2117 2578 An
2165 2514 2457 2580 absolute
2509 2514 2763 2599 „quod”

378 2643 581 2707 quae
629 2617 800 2687 res?
1417 2616 1426 2623 ’
1576 2625 1589 2629 “

468 2838 563 2903 ῙΙῙ
612 2838 674 2904 2.
705 2837 743 2903 3
807 2838 1034 2903 Meum
1084 2839 1374 2916 savium,
1424 2838 1578 2924 quid
1624 2834 1887 2924 agitur?

472 2946 666 3011 Don.:
733 2944 828 3026 (2)
886 2943 1054 3011 Cum
1104 2943 1497 3011 oscularetur
1545 2945 1730 3010 dixit.
1801 2943 1896 3025 (3)
1962 2945 2169 3025 „Quid
2223 2944 2487 3032 agitur''
2537 2951 2601 3011 et
2647 2945 2768 3011 hoc

316 3118 325 3125 ,
378 3052 803 3119 blandimenti
871 3071 1076 3136 genus
1139 3057 1281 3136 post
1345 3051 1658 3117 osculum.
1823 3050 1923 3115 IP
1981 3052 2258 3118 addidit:
2323 3052 2449 3118 Sed
2512 3053 2658 3118 duri
2705 3059 2774 3133 et·

380 3160 651 3244 agrestis
699 3161 814 3222 est.
956 3153 1107 3233 Gur,
1157 3154 1432 3240 quaeso?

474 3264 633 3330 Ibid.
682 3262 751 3326 4.-
795 3261 1045 3346 Ecquid
1091 3282 1207 3325 nos
1256 3282 1433 3326 amas
1480 3262 1556 3325 de
1603 3262 1862 3327 fidicina
1910 3260 2112 3327 istac?

473 3370 567 3451 (2)
630 3368 787 3433 Vide
850 3388 978 3431 non
1044 3364 1416 3451 „puellam”
1481 3366 1589 3431 scd
1655 3366 2066 3444 „fidicinam”
2131 3371 2315 3454 quasi
2365 3370 2440 3433 ab
2488 3376 2770 3438 amatore

378 3478 620 3543 dictam
667 3480 731 3539 et
778 3493 851 3537 eo
891 3479 1210 3555 amatore,
1254 3475 1365 3558 qui
1402 3474 1583 3558 quasi
1624 3494 1872 3537 memor
1910 3476 1993 3537 sit
2033 3476 2188 3539 artis
2230 3494 2355 3559 qua
2393 3475 2768 3555 delectatur,

381 3590 445 3649 et
500 3584 649 3666 quia
695 3578 911 3665 puella
956 3582 1043 3645 sit
1089 3579 1347 3645 aemula
1393 3582 1787 3657 meretricis,
1837 3600 1987 3645 nam
2034 3583 2447 3647 meretricum
2496 3589 2592 3648 est
2638 3583 2772 3649 fidi·

384 3691 591 3755 cinam
640 3670 795 3753 esse.

477 3796 744 3861 Acutius
811 3816 1007 3880 quam
1078 3796 1313 3859 verius.
1386 3793 1581 3859 Miles
1646 3813 2049 3880 nequaquam
2110 3796 2316 3862 adhuc
2379 3801 2629 3862 amator
2675 3806 2771 3864 est

383 3904 712 3987 mancupii
771 3905 892 3981 (vs.
945 3898 1125 3981 274),
1191 3900 1359 3985 quod
1421 3902 1602 3965 misit
1663 3898 1893 3964 'I'haidi
1951 3906 2026 3965 ut
2073 3900 2268 3966 huius
2315 3902 2438 3967 sibi
2484 3923 2768 3969 amorem

383 4007 787 4085 conciliaret,
836 4028 1042 4092 neque
1091 4009 1246 4071 artis
1293 4005 1475 4070 illius
1522 4004 1780 4071 aemula
1830 4008 2082 4072 exstitit
2125 4009 2194 4071 in
2244 4009 2585 4075 comoedia.
2685 3986 2703 3999 O

475 4115 637 4180 Ibid.
692 4113 731 4178 6
808 4111 945 4179 Gn.
1010 4113 1252 4177 Eamus
1316 4134 1470 4199 ergo
1534 4113 1613 4178 ad
1660 4132 1901 4178 cenam.
1968 4113 2134 4193 Quid
2184 4110 2355 4178 stas?
2469 4116 2594 4182 Pa.
2646 4116 2766 4181 Em

384 4216 698 4286 alterum!
748 4218 844 4282 Ex
893 4219 1155 4284 homine
1201 4218 1371 4283 hunc
1418 4224 1645 4283 natum
1694 4216 1902 4284 dicas?

452 4480 508 4546 1)
544 4481 654 4531 Vs.
695 4492 831 4529 -cnm
863 4476 984 4527 hoc”
1018 4476 1307 4527 eliminanda
1341 4477 1581 4537 videntur,
1614 4481 1698 4528 aut
1733 4476 2243 4548 legendums·eumat'’
2285 4478 2644 4545 ‚pronuntietffi

452 4564 508 4624 2)
542 4560 837 4631 Sententiam
870 4560 1081 4611 indicare
1115 4564 1316 4611 conatus
1351 4576 1456 4611 sum
1492 4560 1583 4610 loci
1617 4561 1685 4610 sic
1718 4562 1962 4628 corrupti:
2005 4564 2132 4612 utam
2169 4560 2338 4611 festive
2371 4561 2421 4611 vi
2458 4562 2561 4612 ut”.

2416 4661 2478 4709 14
