3392 5384
1216 472 1303 520 nn
1349 471 1501 520 man
1546 444 1828 519 sonmo.
2583 449 2713 517 389

323 644 707 724 argumento
769 637 1110 724 Philippus
1143 638 1190 723 ¹)
1254 659 1406 702 usus
1468 644 1599 703 est:
1668 658 1792 701 non
1860 635 2194 723 intellegi,
2258 637 2479 721 quidni
2543 640 2716 700 actor

324 746 546 810 statim
606 750 911 830 provocet
975 750 1405 822 sacramento,
1471 764 1545 810 eo
1606 749 1993 829 argumento
2055 748 2273 807 contra
2332 741 2714 827 Philippum

324 853 465 937 pari
526 854 769 917 ratione
829 854 930 917 uti
988 850 1207 915 licebit
1232 852 1306 931 2).
1370 850 1501 915 Nec
1563 853 1811 928 mutat,
1864 871 1987 935 quo
2033 855 2284 935 pugnat
2329 856 2712 936 argumento

322 958 493 1023 Roth
521 956 593 1036 ³),
656 959 1225 1045 interrogationem
1279 956 1612 1039 postulo
1673 978 1873 1019 anne
1919 956 2167 1019 dicas'
2191 956 2334 1021 ideo
2378 958 2714 1022 inventam

236 1138 247 1147 ‚
324 1085 494 1142 esse,
543 1068 617 1129 ut
661 1070 878 1149 posset
927 1063 1005 1129 ad
1054 1084 1193 1128 eam
1242 1065 1449 1148 aptari
1496 1064 1863 1148 provocatio
1913 1063 2220 1145 quando
2269 1070 2346 1125 tu
2395 1062 2715 1125 iniuria

324 1170 904 1249 vindic-avisii,
968 1191 1095 1234 non
1158 1172 1331 1234 enim
1388 1174 1650 1253 aptatur
1693 1170 2062 1253 provocatio
2110 1167 2190 1233 ad
2237 1172 2712 1253 responsionem

324 1275 673 1365 adversarii
733 1277 861 1339 ius
904 1277 1101 1362 feci
1147 1276 1370 1339 sieut
1415 1275 1861 1339 vindictam
1909 1275 2287 1357 imposui,
2337 1276 2447 1341 sed
2495 1274 2574 1340 ad
2619 1278 2714 1361 ip-

322 1404 458 1447 sam
506 1385 643 1448 eius
691 1383 1208 1449 vindicationem.
1258 1380 1545 1467 Apparet
1590 1386 1844 1459 autem,
1895 1403 1973 1447 ex
2021 1381 2332 1448 formulae
2381 1387 2562 1467 parte
2601 1387 2714 1446 aut

323 1509 787 1573 supervacanea
848 1495 961 1553 aut
1018 1510 1144 1553 non
1202 1488 1533 1553 intellecta
1556 1492 1630 1568 ⁴),
1694 1485 1860 1552 nihil
1907 1508 2088 1572 posse
2136 1488 2213 1553 de
2260 1488 2528 1573 reliquis
2576 1490 2714 1553 eius

321 1596 612 1679 partibus
650 1595 941 1661 iudicari.
985 1593 1290 1662 Ceterum
1326 1596 1460 1659 iam
1492 1594 1659 1660 vidit
1701 1600 1764 1660 et
1787 1596 2011 1659 statim
2039 1594 2403 1660 observavit
2424 1594 2612 1659 Brinz
2639 1593 2713 1675 5),

322 1721 446 1765 non
493 1699 638 1765 ideo
683 1703 1021 1787 praecipue
1068 1699 1446 1785 Philippum
1494 1698 1760 1766 Lotmar
1798 1702 2183 1765 contrariam
2218 1701 2714 1766 vindicationem

323 1805 687 1873 adversario
765 1810 1130 1887 remittere,
1215 1807 1383 1892 quod
1463 1809 1832 1893 provocatio
1902 1806 2182 1892 simplex
2252 1809 2374 1884 sit,
2459 1790 2715 1891 quodve

321 1912 752 1998 postulatione
814 1937 962 1978 ann
984 1936 1014 1978 e
1071 1917 1115 1978 d
1128 1914 1295 1978 icas
1342 1912 1762 1979 demonstrari
1790 1911 2125 1991 ,videatur,
2175 1912 2462 1978 nondum
2506 1915 2714 1978 inten-

323 2017 490 2083 disse
556 2018 993 2085 adversarium
1058 2041 1145 2083 ex
1203 2019 1381 2083 iure
1452 2018 1904 2101 Quiritium
1967 2040 2103 2084 rem
2153 2040 2335 2084 suam
2386 2040 2554 2097 esse,
2604 2018 2714 2084 sed

323 2124 492 2211 quod
538 2126 745 2210 ipsam
794 2147 931 2191 rem
973 2146 1361 2210 concoquere
1406 2132 1704 2211 nequeat.
1756 2124 2015 2191 Scilicet
2055 2125 2403 2191 absurdum
2433 2126 2486 2207 6)
2525 2131 2714 2210 putat

324 2230 608 2309 Lotmar,
673 2231 898 2297 debere
964 2253 1389 2317 possessorem
1452 2238 1565 2297 aut
1626 2254 1763 2297 rem
1811 2253 1996 2297 suam
2044 2238 2179 2297 esse
2224 2231 2554 2298 intendere
2600 2238 2713 2298 aut

321 2358 388 2402 re
437 2358 681 2415 carere,
729 2337 867 2403 fieri
913 2344 1132 2403 autem
1178 2360 1305 2403 non
1353 2359 1536 2423 posse
1583 2341 1740 2423 quin
1787 2338 1855 2401 id
1894 2358 2145 2423 semper
2185 2338 2458 2404 Romani
2498 2339 2714 2404 absur-

321 2441 474 2507 dum
542 2464 678 2508 esse
739 2442 1195 2510 intellexerint.
1259 2442 1383 2509 Cui
1430 2444 1848 2528 respondebo:
1900 2465 2247 2529 nunquam.
2275 2445 2345 2509 id
2390 2444 2711 2510 Romanos

319 2548 760 2615 intellecturos
800 2551 1056 2628 -fuisse,
1104 2552 1262 2628 nisi,
1314 2571 1516 2635 quum
1565 2548 1966 2636 aliquamdiu
2012 2553 2080 2614 in
2128 2572 2201 2616 ea
2248 2572 2313 2616 re
2362 2556 2707 2629 errassent,

319 2658 477 2741 ipsis
523 2678 739 2721 rerum
785 2657 1219 2735 documentis,
1271 2678 1462 2742 quam
1508 2656 1576 2721 id
1624 2679 1749 2721 non
1796 2657 2144 2742 expediret,
2193 2660 2438 2743 experti
2480 2663 2708 2723 essent.

318 2762 493 2848 Ergo
530 2764 957 2848 perstabimus
995 2766 1062 2827 in
1100 2765 1391 2849 opinione
1434 2765 1797 2828 communi:
1840 2785 2043 2849 quum
2067 2763 2466 2830 adversarius
2491 2771 2711 2830 contra

317 2890 444 2933 non
493 2868 809 2948 vindicet,
860 2872 1059 2935 actori
1099 2891 1235 2935 rem
1275 2870 1482 2935 addici
1522 2868 1783 2935 solitam
1824 2869 2002 2935 nullo
2043 2870 2442 2950 discrimine,
2482 2877 2709 2935 utrum

315 2975 631 3041 hereditas
679 2996 760 3039 an
810 2975 1152 3069 corporalis
1191 2997 1290 3041 res
1327 2978 1395 3041 in
1436 2975 1935 3042 vindicationem
1977 2980 2278 3043 venisset.
2331 2977 2527 3043 Plane
2565 2984 2710 3064 post

317 3081 740 3148 hereditatem
788 3081 1107 3148 addictam
1155 3090 1446 3169 superest
1484 3082 1893 3169 singularum
1933 3105 2152 3149 rerum
2191 3106 2268 3149 ex
2308 3105 2496 3149 causa
2534 3085 2709 3149 here-

317 3187 547 3253 ditaria
609 3187 977 3255 vindicatiO.
1027 3188 1198 3275 Ergo
1246 3210 1371 3253 non
1419 3194 1588 3254 recte
1636 3189 1820 3255 docet
1867 3188 2236 3255 Ubbelohde
2268 3190 2336 3272 ⁷),
2401 3190 2706 3257 adversus

386 3436 439 3498 1)
476 3435 608 3487 Krit.
643 3437 783 3485 Stud.
819 3451 868 3500 p,
902 3435 981 3483 82.

384 3518 441 3580 2)
486 3518 687 3567 Fatetur
719 3516 820 3583 ipse
853 3517 1051 3566 Lotmar
1085 3515 1223 3581 (krit.
1262 3512 1401 3566 Stad.
1436 3531 1483 3581 p.
1521 3516 1604 3577 83)
1637 3518 1859 3565 neutram
1896 3515 2182 3565 sententiam
2219 3516 2374 3566 altera
2407 3531 2505 3566 csse
2539 3517 2707 3583 proba·

314 3599 549 3650 biliorem.

388 3685 443 3748 8)
478 3683 663 3732 Ztschr.
699 3684 783 3732 der
819 3679 1022 3733 San-St.
1058 3681 1139 3729 111
1174 3681 1345 3744 (1882)
1377 3696 1425 3745 p.
1465 3682 1585 3731 1252
1628 3681 1734 3731 ‚die
1768 3684 1923 3746 Fraqe
1955 3682 2146 3747 postulo
2180 3697 2303 3730 anne
2337 3680 2463 3731 dicas
2497 3699 2595 3732 war

314 3765 579 3829 notwendiq
632 3782 706 3813 um
758 3764 863 3814 eine
921 3762 1225 3828 Gnandlaqe”
1277 3763 1565 3827 (elegantius
1614 3764 1827 3823 Lotmar,
1876 3780 1964 3813 zur
2007 3763 2126 3827 legis
2169 3763 2294 3813 actio
2343 3780 2390 3828 p.
2427 3764 2550 3815 1432
2591 3766 2708 3814 udas

321 3844 633 3908 Sticbwort'')
684 3849 801 3911 ‚sir
833 3847 912 3896 die
954 3847 1113 3896 Wette
1148 3863 1208 3895 zu
1239 3846 1533 3910 qetoinnen’'.
1568 3846 1762 3896 Invenit
1795 3845 2082 3896 senteutiam
2117 3847 2242 3912 apud
2281 3846 2560 3912 Philippum
2593 3848 2706 3897 Lot-

318 3945 435 3988 mar,
470 3947 558 3981 zur
591 3930 709 3993 legis
738 3930 862 3979 actio
897 3946 941 3993 p.
978 3929 1057 3979 68.

382 4015 440 4077 4)
487 4012 539 4061 Si
584 4028 679 4061 non
725 4016 795 4061 eet
830 4027 1137 4076 supervenea,
1172 4011 1299 4076 quod
1332 4011 1437 4059 ficri
1470 4026 1604 4076 posse
1639 4013 1778 4074 negat
1817 4011 1961 4070 Roth,
1998 4010 2067 4060 1.1.
2104 4027 2149 4075 p.
2187 4012 2285 4059 124
2320 4011 2504 4072 <adino
2545 4013 2707 4063 Worto

316 4096 490 4159 haben)
537 4095 655 4144 doch
700 4094 1007 4159 osfenbar
1051 4094 1187 4144 einen
1232 4094 1563 4143 wesentlichen
1610 4092 1924 4143 Bestamiteil
1966 4094 2052 4143 der
2086 4096 2279 4143 Formel
2303 4094 2578 4158 qebildet'’)‚
2612 4096 2707 4145 erit

314 4194 408 4227 non
443 4177 703 4227 intellecta.

384 4261 439 4326 ὅ)
472 4260 768 4325 Festschrift
790 4260 893 4325 fiir
928 4274 1013 4308 von
1049 4255 1255 4322 Spenqel
1286 4274 1332 4323 p.
1371 4258 1480 4307 128.

383 4345 439 4409 6)
486 4345 582 4392 Zur
625 4342 744 4406 legis
790 4342 913 4390 actio
959 4356 1007 4406 p.
1055 4342 1146 4390 122
1204 4340 1377 4389 ‚wider
1420 4342 1519 4390 allo
1563 4357 1624 4389 zu
1668 4341 1960 4391 enom-tende
1999 4338 2287 4403 Ordnunq”,·
2327 4340 2458 4390 Krit.
2495 4339 2704 4391 Studien

315 4444 361 4492 p.
411 4428 532 4476 118:
587 4427 718 4476 ‚eine
759 4424 1114 4474 unerkla'rlicko
1161 4423 1471 4483 Thatsacho”,
1517 4423 1630 4473 ibid.
1650 4462 1663 4483 ,
1715 4423 1849 4473 ,eine
1894 4421 2319 4487 Unqereintheiffl,
2365 4440 2411 4488 p.
2454 4424 2545 4475 θῦε
2598 4425 2703 4474 ,εἰη

328 4505 584 4560 Wunder-'ss

382 4590 437 4656 7)
473 4590 610 4642 Seria
640 4592 727 4641 der
761 4590 950 4641 Bao-lm
983 4592 1050 4639 43
1088 4590 1189 4640 und
1218 4591 1299 4649 44,
1336 4588 1416 4637 III
1451 4606 1497 4655 p.
1534 4591 1567 4638 4
1601 4591 1679 4651 (=
1727 4589 1767 4637 V
1802 4605 1851 4654 p.
1888 4589 2021 4650 644).
