3392 5384
1416 421 1668 472 sunnis.
2600 402 2729 471 351

346 593 662 663 Similiter
729 595 944 678 potest
1009 592 1079 654 in
1148 589 1302 666 hoc,
1375 588 1451 652 de
1521 610 1646 673 quo
1716 590 1975 675 agimus
2034 610 2259 666 versu,
2324 610 2358 653 e
2420 593 2725 655 contextu

343 701 606 779 avulso,
672 699 944 766 verbum
1004 702 1276 779 spectare
1328 694 1703 780 pependisse
1750 695 1828 759 ab
1876 694 2001 760 alio
2048 694 2395 775 vocabu10,
2444 696 2613 781 quod
2658 696 2727 759 in

347 831 532 877 versu
582 806 944 892 insequenti
991 803 1208 868 fuerit.
1759 857 1774 868 ,

436 914 560 980 Sed
622 913 776 978 haec
839 911 1127 996 quaestio
1191 909 1388 982 etiam
1439 906 1785 972 altrorsum
1834 913 2097 993 spectat.
2147 908 2223 972 In
2269 907 2505 974 litteris
2556 908 2741 994 Hyp-

345 1020 587 1109 sipyles
633 1019 712 1084 ad
757 1017 1047 1082 Iasonem
1096 1011 1244 1095 (Ov.
1294 1012 1449 1078 Her.
1500 1012 1587 1077 VI
1638 1012 1722 1077 95
1751 1018 1916 1098 sqq.)
1948 1013 1993 1095 ¹)

623 1127 804 1190 Hanc
835 1130 1012 1207 potes
1058 1121 1335 1203 amplecti
1381 1120 1759 1206 thalamoque
1802 1121 2049 1185 relictus
2094 1121 2162 1185 iu
2209 1145 2325 1186 uno

714 1229 1066 1313 Impavidus
1109 1249 1304 1292 somno
1350 1234 1517 1291 noete
1561 1227 1779 1291 silente
1813 1227 2015 1315 frui?

624 1335 865 1427 Scilicet
911 1342 978 1399 ut
1027 1341 1232 1398 tauros
1250 1383 1266 1412 ‚
1317 1333 1410 1396 ita
1461 1341 1518 1397 te
1563 1333 1705 1414 iupa
1738 1335 1923 1418 ferre
1969 1335 2157 1416 eoeqit

720 1447 967 1528 Quaque
998 1443 1180 1526 feros
1228 1440 1468 1523 anquis,
1522 1447 1579 1504 te
1625 1463 1853 1527 quoque
1895 1442 2111 1506 mulcet
2158 1465 2285 1525 ope.

627 1552 818 1628 Adde,
869 1550 1028 1635 quod
1074 1547 1338 1611 adscribi
1370 1547 1582 1633 factis
1613 1569 2044 1633 procerumque
2088 1548 2326 1634 tuisque

717 1658 789 1720 Se
820 1655 998 1741 facit
1044 1662 1101 1719 et
1151 1653 1328 1718 titulo
1376 1654 1648 1735 coriiuyis
1693 1677 1844 1718 uror
1890 1654 2067 1720 obest.

417 1765 624 1831 ‚Facit
685 1769 784 1829 est
842 1761 1032 1830 lectio
1097 1760 1329 1826 codicis
1389 1759 1735 1825 Etonensis
1764 1809 1779 1839 ,
1842 1762 2171 1827 Parisinus
2233 1764 2493 1848 praebet
2534 1764 2748 1850 favet,

361 1873 529 1959 quod
576 1867 829 1936 Merkel
875 1871 944 1934 in
993 1888 1108 1932 sua
1155 1866 1434 1932 editione
1479 1866 1889 1952 praetulerat.
1940 1868 2125 1932 Favet
2171 1875 2388 1934 autem
2432 1871 2751 1955 quomodo

359 1980 586 2045 abierit
645 1980 714 2041 in
761 1974 944 2060 facit
1001 1972 1214 2038 multo
1276 1970 1530 2038 facilius
1593 1978 1805 2057 potest
1849 1972 2148 2060 intellegi
2195 1996 2384 2060 quam
2434 1976 2750 2061 quomodo

345 2086 528 2172 facit
584 2086 652 2148 in
703 2084 909 2168 favet,
975 2082 1237 2166 verique
1299 2085 1398 2145 est
1459 2079 1670 2145 simile
1732 2080 2077 2146 lectionem
2129 2081 2363 2147 codicis
2410 2082 2751 2150 Etonensis

360 2192 554 2258 alicui
602 2191 941 2256 correctori
988 2187 1221 2252 deberi.

450 2298 549 2363 Ex
612 2297 860 2362 duobus
907 2297 1113 2382 igitur
1159 2292 1568 2380 eligendum:
1621 2299 1737 2359 aut
1783 2297 2245 2381 grammaticos
2289 2298 2353 2360 in
2401 2296 2608 2362 Ennio
2658 2320 2752 2363 er-

363 2426 532 2471 rasse
593 2408 658 2469 et
705 2401 873 2468 male
920 2400 1393 2486 interpretando
1443 2399 1818 2466 confinxisse
1863 2401 2136 2467 verbum
2170 2403 2396 2487 favere
2439 2426 2755 2470 nonnum·

363 2533 556 2600 quam
619 2511 794 2576 idem
857 2508 1026 2594 quod
1087 2508 1242 2572 velle
1303 2506 1552 2585 valere,
1603 2512 1746 2571 tum
1794 2528 1945 2572 casu
1995 2508 2100 2574 vel
2149 2509 2227 2573 ab
2275 2509 2488 2596 aliquo
2535 2533 2753 2597 gram-

363 2622 600 2685 matico
655 2617 837 2682 docto
887 2616 1158 2682 verbum
1194 2614 1464 2699 favendi
1507 2612 1648 2679 loco
1699 2613 2014 2681 Ovidiano
2064 2616 2400 2682 obtrusum
2442 2638 2598 2696 esse,
2641 2623 2754 2684 aut

362 2727 646 2792 Ennium
694 2746 760 2790 re
808 2745 958 2789 vera
998 2723 1268 2787 verbum
1293 2721 1566 2806 favendi
1602 2721 1928 2787 infinitivo
1969 2722 2346 2788 adiunctum
2387 2724 2754 2792 adhibuisse

362 2832 830 2920 significatione
891 2828 1195 2907 studendi,
1260 2828 1541 2912 cupiendi
1604 2834 1669 2894 et
1731 2827 2038 2894 Ovidium
2102 2830 2390 2895 eiusdem
2441 2831 2758 2916 significa-

363 2941 560 3003 tionis
607 2935 980 3024 exemplum
1025 2936 1208 3001 nobis
1255 2956 1559 3002 servasse.

458 3044 624 3109 Nam
689 3046 965 3109 rationes
1024 3042 1288 3130 linguae
1351 3065 1475 3108 non
1538 3043 1788 3108 obstare
1837 3043 2161 3122 videntur,
2211 3046 2364 3130 quin
2418 3047 2517 3111 vis
2562 3046 2758 3114 huius

366 3152 546 3219 verbi
608 3151 834 3217 abierit
895 3153 964 3215 in
1024 3150 1327 3228 studendi,
1395 3155 1460 3215 et
1527 3149 1763 3214 melius
1821 3153 2397 3237 grammaticorum
2448 3173 2622 3219 error
2665 3156 2759 3218 ita

367 3258 741 3344 explicatur,
789 3263 865 3321 ut
911 3259 980 3321 in
1029 3254 1477 3340 conquirendis
1525 3254 1837 3340 exemplis
1886 3256 2156 3320 traditae
2206 3255 2479 3322 alicuius
2522 3258 2762 3344 signifi·

365 3367 634 3432 cationis
681 3363 969 3430 socordia
1018 3368 1132 3428 aut
1178 3364 1383 3426 nimio
1432 3360 1646 3426 studio
1698 3360 2123 3446 deliquerint,
2166 3383 2361 3447 quam
2402 3369 2477 3427 ut
2516 3363 2762 3449 aliquot

366 3471 678 3558 exemplis
733 3473 800 3535 in
849 3490 1219 3556 perversam
1265 3470 1650 3534 sententiam
1701 3467 1966 3532 detortis
2012 3470 2372 3547 notionem,
2424 3491 2585 3554 quae
2632 3492 2763 3535 om-

364 3582 514 3645 nino
561 3599 685 3643 non
735 3582 910 3655 erat,
960 3577 1152 3641 verbo
1201 3575 1563 3640 tribuerint.

451 3685 697 3751 Electio
747 3685 1007 3749 omnino
1057 3687 1200 3747 tnta
1245 3703 1368 3746 non
1415 3683 1572 3758 erit,
1623 3683 1749 3746 nisi
1799 3681 1953 3766 quid
2000 3683 2150 3748 novi
2187 3684 2579 3750 inveniatur.

458 3896 564 3963 Vs.
615 3895 749 3962 490

650 4002 960 4094 Capitibus
1005 4003 1278 4068 nutamtis
1311 4003 1498 4087 pinos
1542 4011 1845 4091 rectosque
1891 4027 2196 4089 cupressos

463 4108 830 4193 „Quidquid
890 4115 1286 4194 temptatum
1358 4117 1492 4191 est,
1564 4111 1730 4176 nihil
1790 4115 1927 4177 veri
1992 4111 2272 4177 similius
2333 4133 2524 4198 quam
2589 4110 2762 4180 hunc

371 4215 819 4279 hexametrum
884 4237 1019 4282 esse
1079 4238 1116 4282 a
1182 4222 1486 4302 quattuor
1548 4219 1849 4284 brevibus
1910 4221 2323 4305 incipientem
2376 4225 2441 4284 et
2487 4220 2761 4284 nutantis

368 4325 520 4401 (non
582 4321 959 4404 nutantibus)
1022 4324 1314 4402 verum'',
1363 4327 1454 4391 sic
1501 4325 1576 4390 de
1626 4326 1747 4391 hoc
1794 4346 1985 4391 versu
2036 4323 2299 4390 Vahlen.
2371 4325 2494 4391 Sed
2544 4347 2763 4412 super-

439 4559 494 4624 1)
529 4557 640 4608 Cito
676 4573 857 4620 versus,
895 4560 949 4608 nt
982 4560 1094 4607 sunt
1125 4557 1244 4607 editi
1280 4558 1634 4608 aulshwaldio.
