3392 5384
1160 423 1415 471 maone
1459 422 1839 471 memus.
2614 405 2701 472 67

331 583 549 650 detur:
633 607 820 670 neque
898 607 1044 666 opus
1123 607 1245 649 esse
1309 586 1604 650 satellitio
1671 609 1778 649 nec
1845 586 2063 650 vestitu
2128 586 2457 668 imiqniore
2522 610 2707 673 neque

309 689 646 772 funalibus
705 696 765 752 et
824 689 1046 753 statuis
1105 690 1352 753 ueitabis
1420 697 1478 753 et
1544 690 1843 753 consimibt'
1908 697 2229 772 apparata.
2304 692 2503 756 Porro
2569 692 2709 757 fieri

321 801 566 880 potest,
632 800 706 860 ut
761 795 983 860 eodem
1044 795 1236 860 modo
1297 795 1845 880 interpretandum
1894 797 1979 860 eit
2022 795 2137 860 IX.
2190 797 2272 860 41
2325 797 2382 860 ἐν
2432 807 2508 877 τῇ
2557 797 2704 876 νόσῳ

321 903 425 964 οὐκ
489 898 643 973 ἦσαν
704 924 806 975 μοι
854 902 922 964 αἱ
971 902 1208 976 ὃμιλΙαι
1258 901 1390 980 περὶ
1439 907 1555 964 τῶν
1605 906 1711 965 τοῦ
1760 902 2074 975 σωματίου
2122 904 2328 966 παθῶν
2375 902 2506 967 οὐδὲ
2556 904 2703 982 πρὸς

321 1005 462 1077 τοὺς
507 1006 806 1078 εἰσιόντας
854 1009 1116 1071 τοιαῦτα
1165 1030 1335 1084 τινα,
1387 1009 1597 1084 φησίν,
1642 1005 1899 1071 ε’λοὶλουν
1950 1009 1995 1071 i.
2022 1028 2076 1072 e.
2132 1030 2317 1092 neque
2378 1030 2702 1088 sermones,

323 1112 530 1196 quales
597 1113 770 1192 vulyo
830 1113 971 1188 fieri
1029 1112 1220 1176 solent
1236 1159 1252 1189 ,
1319 1135 1444 1175 cum
1490 1111 1817 1175 vieentibue
1862 1113 2156 1177 habebam.
2224 1113 2513 1198 Denique
2558 1113 2706 1179 vide

324 1234 403 1279 an
450 1216 576 1281 hue
624 1216 816 1281 faciat
861 1215 975 1282 XI.
1026 1215 1110 1281 21
1163 1213 1359 1293 ὥσπερ
1411 1217 1537 1294 γὰρ
1577 1217 1696 1296 οὐχ
1742 1217 1773 1289 ἦ
1814 1217 2061 1281 πάντων
2102 1225 2218 1281 τῶν
2257 1219 2527 1283 ὁπωσοῦν
2575 1227 2704 1290 τοῖς

321 1324 558 1387 πλείοσι
636 1323 959 1387 δοκούντων
1040 1323 1289 1400 ἀγαθῶν
1365 1322 1677 1400 ὑπόληψις
1750 1324 1931 1398 ὁμοία
2002 1324 2188 1402 ἐστίν,
2262 1324 2412 1388 ἀλλ’
2482 1328 2515 1400 ἡ
2589 1330 2706 1388 τῶν

319 1428 557 1493 τοιῶνδέ
604 1453 794 1508 τινων,
845 1428 1127 1493 τούτεστι
1176 1435 1292 1492 τῶν
1338 1435 1536 1493 κοινῶν
1585 1429 1759 1494 κ.τ.ἓ.

410 1644 492 1709 Π.
543 1645 604 1710 4.
656 1647 758 1708 καὶ
809 1641 900 1709 ὅτι
951 1641 1076 1724 ὅρος
1125 1646 1258 1710 ἐστί
1303 1669 1392 1710 σοι
1443 1647 2025 1726 περιγεγραμμένος
2074 1650 2180 1710 τοῦ
2227 1645 2465 1725 χρόνου,
2515 1641 2557 1728 ᾧ
2598 1646 2707 1711 ἐὰν

321 1752 408 1822 εἷς
454 1753 524 1816 τὸ
572 1751 978 1829 οέπαιθριοὶσαι
1027 1753 1113 1826 μὴ
1163 1753 1399 1832 χρήσῃ,
1451 1751 1776 1830 οἰχήσεται
1821 1751 1924 1814 καὶ
1962 1752 2186 1833 οἰχηση
2230 1752 2332 1814 καὶ
2378 1747 2545 1823 αὖθις
2584 1753 2704 1831 οὐχ

320 1855 556 1932 ἕξεται.
625 1855 845 1921 Oratio
894 1862 958 1921 et
1003 1857 1276 1941 abrupta
1322 1864 1386 1921 et
1433 1856 1711 1933 soloeea,
1754 1861 1819 1920 at
1867 1857 2045 1935 vide,
2098 1878 2294 1941 quam
2342 1859 2603 1943 egregie
2650 1858 2707 1921 A

319 1955 646 2041 οἰχήσεται
695 1964 914 2041 οἷχηση
960 1964 1064 2026 καὶ
1119 1960 1288 2034 αὖθις
1336 1964 1442 2025 οὐκ
1491 1960 1776 2037 ἔξεσται,
1825 1983 1902 2027 ex
1952 1963 2185 2047 quibus
2224 1965 2411 2028 unica
2448 1968 2705 2027 tantum

267 2082 270 2087 ·
322 2073 388 2132 et
433 2069 773 2133 manifesta
820 2067 1254 2154 dittographia
1301 2068 1578 2150 [οἰχήση]
1628 2067 1911 2132 tollenda
1955 2073 2171 2133 restat.

416 2283 528 2347 III.
581 2284 641 2349 4.
704 2286 1012 2363 χρώμενος
1077 2286 1180 2348 καὶ
1231 2287 1314 2362 τῷ
1364 2285 1518 2349 ἔνδον
1570 2283 1859 2363 ἱδρυμένῳ
1907 2285 2093 2363 αὐτῷ.
2142 2282 2348 2348 Polak
2395 2284 2705 2362 χρώμενος

330 2395 569 2466 καλῶς,
612 2411 801 2472 quem
842 2393 1139 2455 imitatus
1177 2391 1487 2455 Richards
1524 2389 1638 2454 III.
1671 2391 1704 2452 1
1749 2387 1902 2452 τὸδὲ
1930 2390 2123 2468 ἐαυτῷ
2148 2392 2413 2467 χρῆσθαι
2436 2391 2709 2453 inseruit

322 2501 564 2571 καλῶς,
613 2501 680 2559 at
726 2494 852 2560 1οοὶ
899 2516 964 2561 se
1008 2498 1288 2560 invicem
1336 2498 1503 2559 tueri
1548 2494 1869 2560 videntur.

407 2696 570 2760 Ibid.
635 2696 792 2761 ibid.
867 2733 952 2743 —-
1015 2691 1327 2774 ἄχραντον
1394 2695 1625 2772 ἡδονῶν,
1693 2694 1959 2773 ἄτρωτον
2024 2696 2139 2761 ὑπὸ
2202 2695 2436 2768 παντὸς
2501 2697 2699 2761 πόνου.

316 2799 754 2866 Valckenaerii
826 2803 1255 2866 coniecturam
1323 2798 1580 2879 ἄτρυτον
1650 2800 2057 2865 commendat
2128 2800 2390 2878 Nauck,
2463 2805 2700 2867 etenim

320 2906 689 2983 „laboribus
730 2928 856 2972 non
897 2906 1317 2971 vulneramur
1356 2906 1463 2970 sed
1503 2906 1939 2972 conficimur''.
1994 2908 2077 2971 At
2116 2907 2291 2978 πόνος
2332 2929 2478 2972 eum
2520 2929 2706 2993 oppo-

319 3014 499 3075 nitur
561 3011 767 3091 ἡδονῇ,
816 3011 988 3076 idem
1038 3018 1136 3076 est
1182 3011 1350 3096 quod·
1398 3010 1594 3089 dolor,
1646 3013 1811 3082 λύπη
1862 3012 1940 3076 cf.
1993 3011 2159 3076 VIII.
2210 3011 2292 3075 41
2314 3033 2330 3090 ;
2383 3011 2705 3077 doloribus

322 3124 540 3181 autem
588 3116 1008 3181 vulneramur
1053 3118 1131 3182 cf.
1181 3116 1295 3182 XI.
1342 3115 1447 3181 18.
1497 3114 1692 3196 ὥσπερ
1742 3141 1811 3180 τε
1862 3122 1894 3190 ἦ
1934 3117 2101 3189 λύπη
2146 3117 2464 3194 ἀσθενοῦς,
2515 3116 2702 3189 οὕτως

321 3223 424 3286 καὶ
478 3226 511 3298 ἦ
561 3223 730 3302 ὀργή,
782 3221 1123 3302 ἀμφότεροι
1173 3222 1301 3303 γὰρ
1348 3223 1676 3300 τέτρωνται
1729 3221 1832 3285 καὶ
1884 3221 2294 3286 ε’νδεδώκασιν.

412 3437 572 3504 Ibid.
623 3438 684 3503 5.
749 3439 808 3502 ἐν
876 3438 936 3502 δὲ
1001 3440 1069 3503 τὸ
1128 3438 1382 3517 Φαιδρὸν
1444 3437 1547 3501 καὶ
1596 3437 1664 3501 τὸ
1717 3437 2044 3516 ἀπροσδεὲς
2092 3434 2300 3511 ἔξωθεν
2352 3441 2701 3519 ὑπηρεσίας.

319 3543 656 3609 Immerito
721 3546 860 3609 voci
921 3543 1172 3622 φαιδρόν
1235 3546 1612 3607 asteriscum
1665 3546 1959 3628 appinxit
2002 3543 2202 3622 Stich,
2252 3566 2427 3632 quae,
2461 3551 2704 3632 optime

321 3671 472 3714 eum
511 3670 664 3715 voce
705 3649 1033 3727 ἀπροσδεές
1083 3651 1516 3734 coniungitur,
1567 3649 1647 3713 ef.
1697 3649 1748 3713 I.
1804 3649 1886 3712 16
1936 3649 2004 3712 τὸ
2050 3649 2361 3729 αὔταρκες
2411 3655 2471 3716 ἐν
2512 3654 2701 3717 παντὶ

317 3756 422 3818 καὶ
491 3754 558 3817 τὸ
625 3753 898 3832 Φαιδρόν.
959 3753 1181 3839 Itaque
1229 3761 1481 3839 recepta
1526 3753 1858 3819 lenissima
1903 3755 2077 3819 Mori
2124 3756 2563 3823 emendatione
2612 3758 2707 3824 ἔτι

326 3859 388 3923 δέ
457 3860 562 3938 (ef.
626 3857 847 3944 paullo
909 3879 1101 3943 supra
1163 3857 1249 3922 ἔτι
1300 3859 1362 3922 δὲ
1411 3859 1437 3923 ὃ
1480 3860 1534 3922 ἐν
1580 3859 1666 3921 σοὶ
1713 3859 1865 3937 θεός)
1905 3861 2118 3924 omnia
2157 3867 2325 3926 reete
2373 3862 2705 3945 procedere

322 3963 721 4029 crediderim.

412 4165 576 4231 Ibid.
632 4166 736 4231 10.
801 4205 886 4214 -
937 4166 1038 4230 κα)
1097 4167 1203 4230 οὐκ
1261 4165 1500 4229 εἰδότων
1562 4165 1694 4230 οὐδὲ
1760 4165 2051 4242 ἑαυτούς,
2101 4166 2240 4230 οὔτε
2290 4190 2368 4242 γε
2417 4170 2518 4232 τὸν
2568 4169 2703 4244 πρό-

322 4285 531 4335 παλαι
589 4271 944 4344 τεθνηκότα.
1012 4269 1230 4338 Oorais
1281 4270 1409 4336 οὔτι
1456 4291 1567 4348 γε;
1617 4270 1846 4335 malim
1894 4271 2023 4334 οὐδὲ
2074 4295 2151 4347 γε
2200 4272 2276 4335 cf.
2330 4271 2403 4335 V.
2450 4271 2531 4336 15
2575 4274 2703 4339 οὐδὲ

317 4379 387 4442 τὸ
441 4378 618 4449 τέλος
668 4425 682 4442 .
713 4425 726 4441 .
757 4426 770 4441 .
825 4377 954 4442 οὐδέ
1001 4401 1079 4454 γε
1129 4377 1196 4440 τὸ
1245 4378 1754 4457 συμπληρωτικὸν
1800 4381 1907 4442 τοῦ
1958 4375 2191 4448 τέλους.
