3392 5384
877 1041 1022 1128 AD
1078 1039 1542 1131 MARCUM
1602 1041 2267 1136 ANTONINUM.

1439 1274 1688 1315 SORIPSI'I'

1245 1456 1294 1520 I.
1345 1457 1428 1520 H.
1481 1455 1894 1522 LEOPOLD.

1389 1757 1756 1800 -Q-

1547 2016 1598 2080 Ι.

463 2235 620 2300 Post
683 2233 1070 2311 Gasauboni,
1118 2231 1462 2310 Gatakeri,
1510 2233 1789 2299 aliorum
1838 2256 2096 2319 operam
2142 2239 2209 2300 in
2260 2235 2758 2304 Commentariis
2866 2247 2879 2290 ’-

369 2340 687 2405 Antonini
743 2338 1137 2404 recensendis
1194 2344 1260 2404 et
1321 2339 1732 2404 emendandis
1786 2347 2236 2427 consumptam
2282 2363 2447 2408 nova
2494 2342 2610 2408 lux
2657 2344 2758 2408 his

367 2445 604 2510 studiis
642 2443 916 2521 affulsit,
958 2449 1297 2530 postquam
1336 2444 1530 2510 codex
1570 2443 1915 2510 Vaticanus
1940 2448 2048 2527 (A)
2089 2446 2433 2532 diligenter
2456 2469 2759 2514 excussus

370 2554 441 2614 et
477 2550 555 2614 ad
593 2555 848 2616 textum
885 2546 1198 2616 Antonini
1237 2541 1758 2615 constituendum
1799 2550 1905 2615 vel
1942 2553 2392 2639 corrigendum
2431 2555 2758 2620 adhibitus

371 2662 491 2722 est.
552 2656 721 2721 Nam
765 2656 1284 2721 Darmstadtinus
1329 2655 1526 2720 codex
1571 2655 1705 2736 (D),
1758 2658 1870 2740 qui
1912 2657 2135 2722 eodem
2173 2659 2301 2723 fere
2341 2666 2628 2744 tempore
2668 2663 2759 2724 in-

369 2764 617 2840 notuit,
657 2764 792 2826 sive
830 2782 978 2826 eum
1018 2783 1096 2827 ex
1125 2764 1264 2846 ipso
1289 2763 1347 2825 A
1367 2763 1505 2826 sive
1530 2782 1607 2825 ex
1633 2765 1963 2826 communi
1988 2764 2337 2850 archetypo
2363 2764 2753 2849 descriptum

369 2889 508 2934 esse
569 2871 832 2960 statuis,
890 2870 1002 2933 vix
1050 2870 1396 2953 quicquam
1443 2888 1555 2953 per
1602 2889 1668 2931 se
1713 2870 1851 2952 ipse
1899 2867 2103 2947 valet,
2154 2871 2301 2954 qui,
2352 2873 2755 2955 quotiescun-

369 2994 496 3058 que
540 2975 617 3038 ab
663 2975 722 3039 A
768 2973 1095 3051 dissentit,
1144 2995 1269 3039 non
1316 2980 1452 3038 tam
1496 2993 1695 3037 novas
1749 2973 2056 3038 lectiones
2112 2996 2305 3060 quam
2361 2978 2755 3040 coniecturas

366 3079 658 3156 exhibet,
709 3078 1086 3164 plerumque
1133 3075 1404 3155 otiosas,
1451 3097 1593 3142 raro
1638 3075 1854 3142 felices
1884 3078 1930 3157 ¹)
1947 3099 1965 3156 3
2016 3077 2285 3163 denique
2333 3078 2529 3144 codex
2576 3080 2753 3145 Pari-

365 3186 546 3249 sinus
591 3182 714 3262 (O),
762 3206 954 3269 quem
999 3205 1203 3269 nuper
1249 3183 1542 3248 adhibuit
1588 3182 1804 3261 Stich,
1850 3186 1991 3268 ipso
2040 3190 2314 3249 testante
2357 3185 2565 3262 „nihil
2601 3206 2751 3250 sane

365 3291 716 3354 contribuit
761 3289 840 3355 ad
884 3297 1139 3355 textum
1186 3290 1493 3353 Antonini
1539 3288 1959 3352 sanandum”.

457 3395 575 3460 Est
642 3401 859 3462 autem
929 3395 1150 3460 codex—
1194 3397 1249 3459 A
1317 3392 1674 3459 declarante
1748 3393 1993 3458 Stichio
2059 3396 2623 3478 „corruptissimus
2685 3400 2750 3461 et

357 3507 619 3585 propter
686 3502 1058 3565 itacismum
1127 3500 1368 3565 scribae
1435 3501 1966 3583 inscientiamque
2028 3496 2295 3584 linguae
2357 3497 2635 3565 Graecae
2683 3509 2748 3565 et

359 3612 620 3691 propter
662 3604 922 3671 lacunas
967 3606 1215 3669 crebras
1260 3607 1635 3689 praesertim
1681 3607 1752 3667 in
1798 3602 2001 3668 simili
2046 3607 2228 3669 exitu
2268 3605 2745 3692 syllabarum'’;

359 3733 548 3795 porro
597 3732 661 3776 v.
702 3710 781 3776 cl.
830 3708 1036 3774 Polak
1061 3707 1134 3787 ²),
1198 3711 1340 3794 qui,
1391 3708 1559 3793 quod
1605 3711 1909 3774 omiserat
1950 3708 2160 3775 editor
2209 3707 2604 3787 Germanus,
2654 3731 2750 3775 co-

359 3815 521 3881 dicis
581 3822 880 3880 naturam
939 3819 1004 3880 et
1067 3814 1501 3879 condicionem
1550 3819 1839 3878 accurate
1886 3814 2224 3900 indagavit
2270 3819 2337 3880 et
2383 3815 2599 3880 ordine
2642 3836 2747 3880 ex-

356 3923 607 4006 posuit,
657 3941 782 4004 quo
829 3921 1069 3985 factum
1115 3926 1246 3997 est,
1299 3925 1371 3982 ut
1419 3918 1695 4002 perlecta
1743 3921 1882 3984 eius
1928 3923 2463 3985 commentatione
2503 3922 2739 3985 maiore

351 4025 487 4090 fere
532 4033 714 4110 parte
761 4031 1101 4110 apparatus
1145 4025 1352 4110 critici
1397 4023 1695 4089 editionis
1744 4021 2103 4090 Stichianae
2150 4024 2481 4090 commode
2528 4044 2739 4090 carere

425 4283 477 4344 1)
521 4283 713 4332 Novam
744 4282 919 4332 codicia
953 4284 997 4330 D
1029 4281 1333 4331 collationem
1364 4279 1542 4345 publici
1575 4279 1695 4328 iuria
1728 4278 1841 4329 fecit
1867 4292 1917 4329 v.
1944 4280 2005 4330 cl.
2035 4281 2089 4329 Ο.
2120 4279 2275 4344 Denig
2302 4280 2357 4329 in
2384 4283 2742 4345 programmate

353 4379 515 4428 gymn.
563 4364 864 4428 Moguntiaci
909 4379 1018 4412 ann.
1065 4362 1197 4412 18⁹⁹
1241 4378 1290 4425 p.
1325 4361 1389 4409 12
1405 4376 1550 4424 seqq..
1583 4360 1668 4424 qui
1701 4363 1864 4410 tamen
1892 4364 2228 4425 praeterquam
2260 4361 2388 4424 quod
2423 4360 2553 4410 insto
2587 4361 2745 4411 aerina

355 4445 408 4494 iu
441 4445 678 4494 Stiobinm
709 4445 970 4502 invehitur,
1005 4445 1104 4493 fere
1137 4442 1264 4492 nihil
1293 4441 1404 4491 novi
1437 4441 1664 4506 protulit.

427 4526 484 4588 2)
517 4524 719 4574 Hermes
752 4525 866 4575 xxl
901 4541 945 4589 p.
986 4524 1083 4573 821
1123 4538 1236 4586 aeqq
