3392 5384
597 410 732 481 282
1637 428 1956 479 non-rus.

597 620 728 665 non
771 599 954 665 nobis
994 597 1162 665 utili.
1223 595 1460 667 Contra
1496 596 1576 665 ad
1614 596 1743 661 XII
1784 594 1917 662 538
1964 594 2285 663 scholium
2331 596 2616 664 Danielis
2660 598 2985 684 comparat

593 712 887 773 nostrum
956 704 1242 771 Terentii
1303 704 1520 771 locum
1579 710 1646 770 et
1708 704 1871 769 Aen.
1934 702 2021 767 IV
2076 702 2209 771 610
2282 704 2456 783 „Nec
2520 704 2587 769 di
2650 705 2983 770 morientis

591 812 907 893 Elissae”,
955 811 1223 879 addens:
1272 810 1534 899 Singuli
1580 812 1758 876 enim
1805 810 1955 876 deos
2000 813 2292 897 proprios
2338 811 2648 877 habemus
2692 813 2935 899 genios.

686 916 846 987 Ibid.
898 918 984 987 26
1055 918 1208 985 Seni
1255 917 1460 985 fidelis
1507 915 1665 982 dum
1714 938 1864 981 sum
1911 916 2205 1003 scapulas
2252 918 2503 1003 perdidi

685 1026 782 1107 (3)
829 1012 989 1093 Plus
1033 1032 1129 1093 est
1178 1024 1508 1111 „perdidi”
1556 1044 1755 1110 quam
1806 1025 1865 1089 si
1912 1023 2153 1090 diceret
2201 1024 2489 1104 ,‚dolui”.
2650 1023 2980 1092 Scholium

596 1134 794 1199 nimis
835 1131 1073 1201 futtile·
1838 1155 1851 1165 ·
2194 1150 2211 1167 ·

687 1238 848 1307 Ibid.
899 1237 986 1304 38
1009 1237 1106 1321 (2)
1155 1236 1639 1317 „Exadversum
1687 1238 1749 1303 ei
1796 1234 1977 1302 loco”
2024 1234 2273 1323 legitur
2318 1241 2384 1303 et
2434 1236 2719 1317 „illico”,
2767 1243 2832 1303 et
2876 1258 2983 1303 an-

596 1352 857 1413 notatur
922 1366 1042 1423 „ex
1099 1342 1454 1411 abundanti
1513 1342 1830 1420 additum,
1879 1347 1956 1407 ut
2000 1338 2175 1429 apud
2219 1349 2468 1411 veteres
2512 1343 2723 1409 multa
2766 1342 2983 1409 suut”.

732 1452 804 1519 Si
861 1452 982 1519 hoc
1036 1450 1270 1517 Donati
1325 1456 1443 1527 est,
1503 1456 1582 1515 ut
1643 1449 1774 1515 fere
1820 1451 2129 1536 suspicor,
2179 1450 2438 1519 rettulit
2479 1451 2543 1518 h.
2570 1449 2615 1517 1.
2664 1448 2982 1516 scholium

595 1560 1028 1646 praecessoris,
1077 1578 1131 1623 e.
1158 1578 1226 1643 g.
1275 1558 1486 1643 Aspri.

686 1664 848 1731 Ibid.
901 1663 986 1729 54
1011 1663 1106 1745 (6)
1182 1662 1324 1729 Duo
1368 1664 1662 1751 ing-entia
1708 1669 1773 1727 et
1822 1662 2099 1749 „virgo”
2146 1673 2213 1729 et
2260 1662 2590 1748 „pulcra”-

684 1772 1146 1857 Emphaticum
1207 1770 1534 1855 epitheton
1597 1771 1674 1833 in
1692 1771 1991 1855 gentia
2008 1816 2026 1847 ,
2093 1775 2159 1835 et
2200 1768 2439 1856 duplex
2496 1768 2729 1855 copula
2774 1766 2985 1854 prodit

600 1885 946 1945 auctorem.

682 1983 847 2051 Ibid.
913 1979 996 2049 57
1067 1980 1192 2060 Ut,
1255 1984 1324 2047 ni
1385 1982 1488 2049 vis
1551 1981 1701 2048 boni
1760 1982 1831 2046 in
1892 1983 2033 2067 ipsa
2093 1982 2332 2047 inesset
2378 1981 2583 2047 forma
2630 1982 2979 2068 (virginis),

594 2092 750 2156 haec
795 2090 1070 2155 formam
1115 2090 1599 2175 exstinguerent

687 2196 786 2277 (2)
831 2193 990 2261 Plus
1034 2200 1132 2260 est
1181 2196 1324 2272 „vis
1363 2193 1556 2261 boni”
1598 2213 1795 2279 quam
1842 2193 2191 2271 „bonum’'.
2331 2193 2663 2260 Scholium
2702 2192 2984 2263 ostendit

601 2308 928 2369 auctorem
974 2302 1114 2366 vim
1163 2302 1516 2367 sententiae
1562 2321 1688 2366 non
1735 2302 1998 2386 cepisse.
2138 2298 2303 2365 Don.
2343 2298 2439 2379 (3)
2494 2299 2545 2365 F
2560 2321 2844 2367 ornum
2883 2320 2985 2366 ve-

597 2415 766 2475 teres
810 2410 1033 2495 ignem
1080 2413 1145 2473 et
1191 2405 1466 2473 calorem
1514 2406 1833 2493 quendam
1872 2407 2054 2491 quasi
2100 2405 2134 2469 f
2140 2427 2173 2471 e
2189 2426 2513 2477 rvorem
2551 2406 2881 2484 dixerunt,
2918 2411 2987 2472 et

597 2515 742 2580 ideo
789 2514 1213 2592 fornaceS‚
1261 2513 1686 2598 forcipes,·
1722 2513 2087 2579 formam
2134 2519 2200 2578 et
2246 2512 2691 2590 formosos,
2732 2534 2808 2579 ex
2848 2515 2985 2598 qui-

597 2621 718 2686 bus
767 2622 1003 2686 amoris
1049 2622 1222 2706 ignis
1267 2616 1644 2698 exsolvitur,
1694 2625 1847 2685 cett.
1881 2619 1949 2701 ¹).
2103 2616 2414 2703 Sequitur
2460 2618 2783 2685 conclusio
2830 2618 2979 2685 Edi-

596 2728 789 2805 toris,
851 2747 1013 2813 quae
1069 2746 1194 2791 non
1243 2728 1523 2811 pertinet
1572 2724 1652 2790 ad
1699 2729 1991 2802 textum,
2040 2724 2152 2790 sed
2199 2724 2277 2790 ad
2322 2746 2395 2791 ea
2440 2746 2603 2811 quae
2648 2725 2814 2791 dixit
2861 2724 2983 2791 Do-

596 2840 820 2899 natus:
885 2831 981 2914 (4)
1040 2832 1214 2913 Ergo
1273 2839 1338 2896 et
1384 2829 1710 2918 Vergilius
1756 2833 1849 2897 sic
1896 2833 1987 2897 ait
2037 2836 2149 2908 „at
2194 2832 2359 2897 mihi
2406 2853 2541 2898 sese
2587 2832 2768 2898 offert
2812 2830 2982 2899 ultro

597 2959 784 3004 meus
828 2939 1002 3024 ignis
1053 2937 1409 3023 Amyntas’'
1462 2935 1626 3013 (Ecl.
1674 2935 1771 3003 III
1818 2934 1956 3017 66).

689 3044 851 3109 Ibid.
905 3042 989 3108 65
1061 3043 1305 3109 Bonam
1353 3043 1537 3109 bonis
1584 3048 1965 3130 prognatam

686 3150 783 3231 (1)
847 3148 1176 3228 „Bonam”
1242 3170 1368 3215 non
1418 3148 1618 3215 vilem
1637 3196 1654 3227 ,
1706 3152 1858 3236 quia
1904 3150 2051 3216 boni
2091 3171 2221 3216 nou
2267 3149 2448 3216 viles.
2512 3150 2676 3215 Unde
2717 3152 2985 3234 superla-

597 3256 758 3321 tivus
795 3258 1022 3337 qradus
1069 3254 1496 3339 optimates
1529 3256 1725 3341 facit,
1775 3256 1919 3341 quia
1966 3257 2151 3321 bonus
2195 3256 2405 3321 melior
2444 3257 2701 3340 opt-imus
2738 3258 2979 3326 dicitur.

595 3362 696 3428 W.
745 3363 980 3427 merito
1028 3363 1304 3429 cursive.
1836 3358 1845 3417 '-

682 3467 847 3533 Ibid.
897 3465 978 3533 71
1052 3467 1171 3533 Ille
1217 3468 1577 3549 indotatam
1625 3470 1951 3557 virginem
1999 3474 2192 3554 atque
2227 3467 2584 3555 ignobilem
2626 3469 2805 3537 daret
2840 3470 2980 3537 illi?

683 3574 846 3641 Don.
909 3574 1008 3659 (1)
1071 3574 1245 3640 Bono
1307 3574 1534 3640 affectu
1586 3575 1809 3653 „daret
1854 3574 1956 3640 illi
1972 3572 2041 3639 ‘P’
2091 3574 2264 3641 filius
2313 3578 2486 3641 enim
2534 3576 2812 3643 familias
2856 3600 2979 3644 non

594 3688 729 3747 tam
798 3681 976 3746 ducit
1044 3703 1307 3747 uxorem
1380 3703 1573 3767 quam
1637 3704 1674 3749 a
1736 3688 1916 3769 patre
1980 3684 2247 3769 accipit,
2316 3685 2552 3771 quippe
2614 3706 2764 3751 cum
2812 3688 2981 3773 patri
3324 3637 3359 3901 1

594 3789 1040 3854 committatur
1108 3786 1324 3872 puella
1391 3790 1606 3873 potius
1673 3791 1743 3853 in
1807 3788 2183 3876 huiusmodi
2250 3790 2725 3857 condicionibus
2788 3814 2981 3880 quam

593 3896 846 3961 marito.
983 3891 1084 3975 (4)
1147 3892 1318 3959 Mire
1379 3894 1666 3973 „daret’',
1728 3900 1804 3960 ut
1851 3896 2213 3962 ostenderet
2258 3894 2423 3961 nihil
2468 3918 2605 3963 esse
2651 3902 2983 3984 potestatis

593 4004 662 4067 in
713 4000 864 4066 filio.
1004 4000 1398 4088 Excerptum
1451 4023 1528 4067 ex
1575 4005 1692 4084 (1).

687 4107 847 4172 Ibid.
898 4105 984 4174 '73
1539 4108 1660 4175 Est
1706 4112 2025 4196 parasitus
2073 4109 2334 4195 qnidam
2380 4109 2709 4190 Phormi0,

914 4212 1131 4280 Homo
1179 4214 1535 4281 confidens:
1588 4218 1701 4302 qui
1744 4215 1934 4281 illum
1983 4217 2050 4281 di
2094 4237 2313 4282 omnes
2360 4215 2692 4302 perduint!

662 4494 709 4552 1)
744 4491 1043 4541 Adiectivum
1079 4491 1320 4541 fotmus
1353 4491 1385 4541 i.
1405 4508 1446 4541 e.
1477 4491 1664 4541 calidus
1691 4493 1862 4541 notum
1892 4508 1919 4540 e
1948 4491 2163 4541 Varrone
2192 4493 2317 4558 apud
2346 4492 2474 4542 Non.
2507 4494 2619 4542 581.
2638 4493 2717 4543 24.
2752 4492 2827 4543 cf.
2856 4494 2983 4545 Fest.
3335 4415 3365 4934 ἢ

591 4575 656 4622 83
692 4577 741 4622 ct
779 4574 857 4633 84,
894 4573 959 4623 al.
991 4574 1043 4622 in
1079 4589 1185 4638 app.
1223 4575 1406 4623 Wessn.
