3392 5384
1345 421 1662 472 nomvrus.
2580 401 2715 470 319

411 590 574 657 Ibid.
625 587 712 657 27
784 589 858 655 Si
899 588 968 654 id
1015 593 1113 655 est
1156 594 1494 676 peccatum
1513 639 1530 668 ,
1580 593 1919 676 peccatum
1964 589 2402 676 imprudentia
2430 594 2543 657 ,est

417 697 514 778 (2)
574 695 797 761 Primo
859 700 1056 782 negat
1116 701 1450 782 peccatum
1470 743 1486 773 ,
1552 694 1782 772 dehinc
1829 694 2117 761 concedit
2164 700 2228 760 et
2272 703 2535 782 purgat.

324 805 422 885 (4)
488 805 729 882 Πλοκή,
791 825 942 868 nam
991 805 1288 890 superius
1337 802 1759 891 „peccatum”
1809 824 2041 869 nomeu
2088 809 2219 881 est,
2268 824 2535 890 sequens
2581 825 2721 890 par-

321 913 642 997 ticipium.
781 909 878 990 (5)
941 907 1027 975 Et
1087 913 1295 996 primo
1349 917 1544 996 negat
1589 915 1961 996 peccatum,
2012 909 2237 975 deiude
2284 913 2339 974 si
2384 917 2719 997 peccatum

325 1024 454 1097 est,
504 1022 741 1104 purgat
785 1016 854 1082 id
891 1019 1111 1102 ipsum
1151 1016 1392 1083 veniali
1430 1015 1741 1102 qualitate
1780 1018 1859 1082 ab
1894 1016 2370 1102 imprudentiae
2408 1018 2716 1103 partibus.

413 1125 576 1191 Ibid.
619 1123 701 1189 41
771 1122 1047 1190 Nullum
1089 1130 1186 1190 est
1224 1127 1356 1190 iam
1396 1124 1642 1190 dictum
1685 1125 1857 1210 quod
1898 1146 2024 1190 non
2064 1123 2313 1189 dictum
2354 1126 2439 1190 sit
2479 1126 2659 1212 prius

417 1240 662 1312 Σχῆμα
707 1230 935 1310 λόγου·
986 1231 1224 1310 πλοκή,
1288 1251 1440 1296 nam
1503 1231 1859 1309 ‚,dictum'',
1922 1231 2021 1296 bis
2080 1233 2367 1318 positum
2418 1237 2494 1297 ut
2539 1252 2723 1318 supe-

323 1341 460 1404 rius
511 1339 928 1427 „peccatum”
980 1343 1104 1418 (vs.
1155 1335 1292 1418 27),
1339 1337 1590 1404 diversa
1637 1337 1979 1424 significat.

413 1445 490 1512 In
559 1466 652 1512 vs.
705 1444 744 1510 6
816 1445 1147 1523 „dictum”
1213 1450 1279 1510 et
1341 1447 1408 1510 in
1471 1465 1565 1511 vs.
1615 1443 1703 1512 27
1767 1445 2185 1531 „peccatum”
2252 1450 2527 1530 utroque
2585 1442 2723 1510 loco

323 1553 661 1639 participia
721 1555 890 1617 sunt.
961 1551 1206 1638 Figura
1271 1552 1470 1626 πλοκή
1538 1550 1708 1616 cadit
1768 1557 2025 1617 tantum
2085 1553 2152 1616 in
2220 1550 2553 1629 „dictum”
2623 1551 2721 1616 bis

329 1658 578 1725 diverse
645 1660 931 1745 positum
997 1680 1094 1725 vs,
1161 1657 1270 1736 41,
1343 1664 1419 1723 ut
1481 1663 1652 1724 recte
1718 1657 2083 1723 observavit
2146 1657 2439 1724 Donatus
2458 1697 2480 1736 ‚·
2540 1659 2725 1723 cuius

256 1821 264 1852 2
325 1765 522 1833 verba
570 1769 688 1843 „ut
734 1766 1028 1851 superius
1078 1765 1496 1851 „peccatum”
1525 1764 1562 1791 ''
1612 1785 1740 1830 non
1791 1765 2111 1851 pertinent
2157 1764 2236 1829 ad
2285 1785 2551 1850 sequens
2595 1763 2727 1843 „di-

324 1891 509 1940 versa
567 1870 952 1958 significat'',
1017 1869 1128 1936 sed
1191 1870 1269 1936 ad
1317 1870 1696 1957 praecedens
1749 1871 1889 1949 „bis
1940 1871 2292 1956 positum''.
2389 1870 2724 1938 Habemus

323 1981 534 2066 igitur
591 1983 722 2044 tres
781 1980 918 2044 eius
977 1979 1410 2044 imitationes:
1482 1977 1521 2043 6
1548 1977 1645 2059 (2)
1712 1983 1777 2044 et
1840 1977 1938 2059 (3)
1986 1986 2051 2043 et
2096 1975 2183 2044 27
2209 1978 2325 2060 (4),
2395 1999 2428 2043 0
2477 1978 2716 2064 quibus
2808 2029 2813 2034 .

325 2089 688 2172 postremae
747 2083 909 2149 duae
973 2083 1285 2150 debentur
1347 2085 1610 2169 fortasse
1659 2086 1774 2148 uni
1820 2085 2134 2150 imitatori
2182 2086 2337 2148 satis
2386 2085 2723 2171 imperito,

329 2194 442 2278 qui
487 2188 860 2278 exemplum
907 2191 1155 2256 addidit
1203 2213 1282 2257 ex
1320 2191 2364 2277 Ηο0111001311001111110110,11101000
2402 2193 2722 2278 ineptum.

329 2296 542 2364 Schol.
593 2297 632 2363 6
675 2299 772 2379 (2)
833 2302 1157 2364 auctorem
1205 2299 1306 2362 sui
1353 2296 1686 2362 Editorem
1734 2297 1946 2383 prodit
1991 2296 2428 2362 additamento
2478 2301 2727 2382 etymo·

328 2404 541 2493 logico
560 2453 578 2484 ,
611 2402 845 2490 'qualia
891 2406 951 2469 ei
995 2406 1066 2468 in
1113 2402 1358 2469 deliciis
1407 2424 1543 2468 esse
1583 2425 1770 2490 saepe
1810 2403 2131 2482 vidimus,
2172 2402 2471 2488 idemque
2509 2407 2725 2468 contra

329 2511 446 2594 (3),
495 2533 618 2577 non
664 2512 844 2598 prius
891 2509 1001 2576 sed
1045 2511 1366 2597 posterius
1418 2509 1749 2588 „dictum”
1801 2531 2031 2576 nomen
2078 2531 2213 2576 esse
2261 2501 2535 2596 scripsit.

420 2616 678 2683 Scholia
738 2616 816 2681 ad
878 2637 972 2682 vs.
1032 2615 1116 2682 27
1160 2616 1258 2698 (2)
1323 2622 1388 2683 et
1449 2615 1546 2697 (5)
1609 2617 1927 2682 rhetorica
1989 2623 2140 2682 sunt
2210 2617 2286 2683 de
2349 2616 2721 2702 quaestione

329 2745 490 2812 quae
552 2727 619 2789 in
671 2724 772 2788 his
818 2719 1110 2789 versibus
1155 2722 1389 2802 lateat,
1440 2743 1636 2808 quam
1684 2724 2010 2790 uberrime
2059 2726 2363 2790 tractavit
2422 2723 2727 2810 Eugra—

327 2832 580 2917 phius
642 2829 724 2896 ad
782 2851 877 2897 vs.
931 2829 1035 2896 19.
1106 2829 1442 2896 Eiusmodi
1505 2830 1749 2910 scholia
1808 2831 2127 2897 rhetorica
2168 2853 2205 2896 a
2252 2830 2502 2897 Donato
2549 2831 2725 2897 abiu-

330 2938 593 3004 dicanda
662 2958 798 3003 esse
861 2936 1298 3003 demonstravi
1358 2939 1424 3002 in
1489 2937 1735 3003 Mnem.
1800 2937 2091 3005 XXXIII
2154 2961 2216 3025 p.
2288 2936 2414 3002 125
2457 2959 2592 3024 sqq.
2658 2943 2725 3002 et

326 3067 389 3132 p.
440 3044 573 3110 229
599 3066 732 3131 sqq.
797 3077 886 3092 --·
947 3041 1248 3109 Alterum
1309 3049 1530 3110 autem
1578 3044 1674 3126 (2)
1721 3044 1992 3111 alterius
2041 3044 2136 3126 (5)
2183 3051 2555 3130 excerptum
2602 3049 2725 3110 est.

303 3135 423 3217 Ἐκ
461 3152 564 3216 his
601 3153 808 3238 igitur
846 3148 1104 3216 scholiis
1142 3150 1388 3216 Donato
1422 3143 1811 3238 relinquitur
1852 3156 2107 3217 tantum
2145 3151 2213 3216 id
2258 3152 2427 3238 quod
2472 3151 2721 3246 legitur

329 3258 411 3325 ad.
450 3280 544 3324 vs.
586 3257 694 3323 41.
758 3257 993 3323 Sabb.
1043 3277 1299 3323 mecum
1348 3259 1719 3345 proscripsit
1769 3256 1808 3322 6
1835 3257 1931 3339 (2)
1970 3263 2037 3324 et
2074 3258 2171 3339 (3)
2211 3263 2276 3324 et
2313 3255 2401 3325 27
2429 3257 2545 3338 (2),
2589 3279 2717 3323 11011

331 3363 417 3432 27
443 3365 541 3447 (4)
588 3369 652 3431 et
699 3363 817 3446 (5).

419 3578 452 3645 Ι
514 3578 576 3646 2.
605 3579 693 3645 24
783 3578 856 3644 Si
916 3578 1158 3644 falsum
1219 3583 1334 3643 aut
1391 3597 1636 3645 vanum
1683 3583 1797 3644 aut
1842 3577 2069 3644 fictum
2117 3585 2214 3645 est
2246 3581 2564 3659 ‚continuo
2612 3601 2723 3667 pa·
2808 3643 2818 3650 .

328 3683 461 3752 lam
511 3692 608 3752 est
989 3701 994 3706 ’

419 3792 516 3874 (1)
566 3790 917 3872 „Falsum”
969 3795 1066 3858 est
1114 3813 1238 3877 quo
1283 3793 1535 3878 tegitur
1581 3791 1647 3857 id
1695 3792 1865 3878 quod
1914 3792 2162 3859 factum
2208 3801 2338 3873 est,
2390 3793 2721 3874 „vanum”

329 3906 426 3965 est
474 3899 644 3985 quod
689 3899 830 3965 fieri
870 3920 993 3964 non
1033 3903 1278 3985 potest,
1326 3897 1636 3977 „fictum”
1679 3899 1849 3985 quod
1885 3900 2129 3966 sactum
2171 3923 2298 3968 non
2341 3909 2440 3969 est
2480 3908 2546 3968 et
2586 3901 2727 3968 fieri

332 4001 569 4093 potui't.

423 4111 529 4177 Sic
574 4113 734 4177 scite
781 4112 1093 4177 Donatus.
1143 4111 1307 4177 Dein
1356 4117 1717 4196 sequuntur
1760 4111 1951 4178 haec:

421 4216 521 4297 (2)
564 4215 683 4282 Vel
733 4216 1055 4295 „falsum”
1105 4223 1204 4283 est
1249 4219 1474 4284 fictum
1522 4218 1933 4285 mendacium
1973 4216 2188 4286 simile
2228 4221 2487 4287 veritati
2508 4271 2525 4300 ,
2570 4241 2726 4299 „va-

331 4321 534 4388 num”
601 4343 716 4387 nec
779 4321 1081 4408 possibile
1140 4345 1256 4390 nec
1312 4323 1698 4404 verisimile,
1768 4325 2077 4404 „fictum”
2129 4331 2343 4392 totum
2390 4330 2525 4393 sin‘e
2572 4349 2724 4394 vero

325 4427 439 4494 sed
499 4427 872 4496 verisimile.
1019 4428 1116 4510 (3)
1182 4429 1534 4508 „Falsum”
1594 4431 1773 4517 loqui
1833 4433 2154 4498 mendacis
2217 4439 2341 4511 est,
2410 4432 2719 4510 „fictum”

329 4533 585 4616 callidi,
637 4533 966 4615 „vanum”
1018 4531 1225 4601 stulti.
1366 4535 1463 4620 (4)
1511 4535 1859 4615 „Falsum”
1907 4535 2087 4624 loqui
2124 4536 2349 4624 culpae
2391 4544 2519 4620 est,
2574 4539 2725 4618 „fic-
