<?xml version="1.0" encoding="UTF-8"?>
<!DOCTYPE html PUBLIC "-//W3C//DTD XHTML 1.0 Transitional//EN"
    "http://www.w3.org/TR/xhtml1/DTD/xhtml1-transitional.dtd">
<html xmlns="http://www.w3.org/1999/xhtml" xml:lang="en" lang="en">
 <head>
  <title>
</title>
<meta http-equiv="Content-Type" content="text/html;charset=utf-8" />
  <meta name='ocr-system' content='tesseract 3.04.00' />
  <meta name='ocr-capabilities' content='ocr_page ocr_carea ocr_par ocr_line ocrx_word'/>
</head>
<body>
  <div class='ocr_page' id='page_1' title='image "./mnemosynebiblio13servgoog_0374.png"; bbox 0 0 3392 5384; ppageno 0'>
   <div class='ocr_carea' id='block_1_1' title="bbox 655 395 2259 463">
    <p class='ocr_par' dir='ltr' id='par_1_1' title="bbox 655 395 2259 463">
     <span class='ocr_line' id='line_1_1' title="bbox 655 395 2259 463; baseline -0.005 0"><span class='ocrx_word' id='word_1_1' title='bbox 655 395 788 463; x_wconf 85' lang='grc'><strong>362</strong></span> <span class='ocrx_word' id='word_1_2' title='bbox 1443 410 1530 459; x_wconf 75' lang='lat' dir='ltr'><strong>nn</strong></span> <span class='ocrx_word' id='word_1_3' title='bbox 1579 407 1898 459; x_wconf 73' lang='lat' dir='ltr'><strong>summme</strong></span> <span class='ocrx_word' id='word_1_4' title='bbox 1940 406 2259 455; x_wconf 73' lang='lat' dir='ltr'><strong>Plan-1100.</strong></span> 
     </span>
    </p>
   </div>
   <div class='ocr_carea' id='block_1_2' title="bbox 651 574 3059 3538">
    <p class='ocr_par' dir='ltr' id='par_1_2' title="bbox 652 574 3054 764">
     <span class='ocr_line' id='line_1_2' title="bbox 653 574 3054 667; baseline -0.002 -20"><span class='ocrx_word' id='word_1_5' title='bbox 653 586 752 647; x_wconf 84' lang='lat' dir='ltr'><strong>set</strong></span> <span class='ocrx_word' id='word_1_6' title='bbox 799 579 1157 667; x_wconf 78' lang='lat' dir='ltr'><strong>Euripides.</strong></span> <span class='ocrx_word' id='word_1_7' title='bbox 1205 578 1332 645; x_wconf 91' lang='lat' dir='ltr'><strong>Sed</strong></span> <span class='ocrx_word' id='word_1_8' title='bbox 1377 577 1455 643; x_wconf 89' lang='lat' dir='ltr'><strong>de</strong></span> <span class='ocrx_word' id='word_1_9' title='bbox 1500 575 1869 643; x_wconf 81' lang='lat' dir='ltr'><strong>Temenidis</strong></span> <span class='ocrx_word' id='word_1_10' title='bbox 1917 579 2181 641; x_wconf 74' lang='lat' dir='ltr'><strong>constatr</strong></span> <span class='ocrx_word' id='word_1_11' title='bbox 2208 596 2285 641; x_wconf 86' lang='lat' dir='ltr'><strong>ex</strong></span> <span class='ocrx_word' id='word_1_12' title='bbox 2324 574 2729 642; x_wconf 88' lang='lat' dir='ltr'><strong>Dioscoridae</strong></span> <span class='ocrx_word' id='word_1_13' title='bbox 2768 578 3054 645; x_wconf 85' lang='lat' dir='ltr'><strong>carmine</strong></span> 
     </span>
     <span class='ocr_line' id='line_1_3' title="bbox 652 678 2209 764; baseline -0.004 -11"><span class='ocrx_word' id='word_1_14' title='bbox 652 690 718 753; x_wconf 93' lang='lat' dir='ltr'><strong>in</strong></span> <span class='ocrx_word' id='word_1_15' title='bbox 767 686 965 753; x_wconf 89' lang='lat' dir='ltr'><strong>Anth.</strong></span> <span class='ocrx_word' id='word_1_16' title='bbox 1012 685 1154 751; x_wconf 92' lang='lat' dir='ltr'><strong>Pal.</strong></span> <span class='ocrx_word' id='word_1_17' title='bbox 1209 685 1314 751; x_wconf 95' lang='grc'><strong>11.</strong></span> <span class='ocrx_word' id='word_1_18' title='bbox 1347 682 1498 749; x_wconf 86' lang='grc'><strong>195.</strong></span> <span class='ocrx_word' id='word_1_19' title='bbox 1549 682 1717 764; x_wconf 83' lang='lat' dir='ltr'><strong>Quid</strong></span> <span class='ocrx_word' id='word_1_20' title='bbox 1764 681 1840 748; x_wconf 92' lang='lat' dir='ltr'><strong>de</strong></span> <span class='ocrx_word' id='word_1_21' title='bbox 1886 678 2209 748; x_wconf 78' lang='lat' dir='ltr'><strong>Temeno?</strong></span> 
     </span>
    </p>

    <p class='ocr_par' dir='ltr' id='par_1_3' title="bbox 651 786 3057 1411">
     <span class='ocr_line' id='line_1_4' title="bbox 747 786 3057 874; baseline -0 -16"><span class='ocrx_word' id='word_1_22' title='bbox 747 793 831 859; x_wconf 82' lang='grc'><strong>65</strong></span> <span class='ocrx_word' id='word_1_23' title='bbox 907 792 1204 858; x_wconf 77' lang='lat' dir='ltr'><strong>Temenus.</strong></span> <span class='ocrx_word' id='word_1_24' title='bbox 1266 790 1616 857; x_wconf 90' lang='lat' dir='ltr'><strong>Stobaeum</strong></span> <span class='ocrx_word' id='word_1_25' title='bbox 1660 791 1847 854; x_wconf 85' lang='lat' dir='ltr'><strong>iuxta</strong></span> <span class='ocrx_word' id='word_1_26' title='bbox 1890 786 2272 853; x_wconf 76' lang='lat' dir='ltr'>Temenidae</span> <span class='ocrx_word' id='word_1_27' title='bbox 2318 809 2509 874; x_wconf 86' lang='lat' dir='ltr'><strong>saepe</strong></span> <span class='ocrx_word' id='word_1_28' title='bbox 2558 786 2913 855; x_wconf 54' lang='lat' dir='ltr'><strong>Temeniim</strong></span> <span class='ocrx_word' id='word_1_29' title='bbox 2961 812 3057 857; x_wconf 90' lang='lat' dir='ltr'><strong>re-</strong></span> 
     </span>
     <span class='ocr_line' id='line_1_5' title="bbox 651 892 3054 985; baseline -0.002 -20"><span class='ocrx_word' id='word_1_30' title='bbox 651 901 850 980; x_wconf 86' lang='lat' dir='ltr'><strong>ferre,</strong></span> <span class='ocrx_word' id='word_1_31' title='bbox 912 901 981 966; x_wconf 91' lang='lat' dir='ltr'><strong>id</strong></span> <span class='ocrx_word' id='word_1_32' title='bbox 1041 892 1304 985; x_wconf 88' lang='lat' dir='ltr'><strong>quidem</strong></span> <span class='ocrx_word' id='word_1_33' title='bbox 1367 897 1578 965; x_wconf 90' lang='lat' dir='ltr'><strong>solum</strong></span> <span class='ocrx_word' id='word_1_34' title='bbox 1644 918 1783 962; x_wconf 89' lang='lat' dir='ltr'><strong>rem</strong></span> <span class='ocrx_word' id='word_1_35' title='bbox 1848 917 1973 961; x_wconf 93' lang='lat' dir='ltr'><strong>non</strong></span> <span class='ocrx_word' id='word_1_36' title='bbox 2021 895 2389 975; x_wconf 86' lang='lat' dir='ltr'><strong>conficeret,</strong></span> <span class='ocrx_word' id='word_1_37' title='bbox 2444 895 2554 961; x_wconf 87' lang='lat' dir='ltr'><strong>sed</strong></span> <span class='ocrx_word' id='word_1_38' title='bbox 2603 899 3054 963; x_wconf 88' lang='lat' dir='ltr'><strong>testimonium</strong></span> 
     </span>
     <span class='ocr_line' id='line_1_6' title="bbox 653 1000 3052 1088; baseline -0.003 -14"><span class='ocrx_word' id='word_1_39' title='bbox 653 1029 777 1075; x_wconf 93' lang='lat' dir='ltr'><strong>non</strong></span> <span class='ocrx_word' id='word_1_40' title='bbox 837 1005 1046 1072; x_wconf 91' lang='lat' dir='ltr'><strong>multo</strong></span> <span class='ocrx_word' id='word_1_41' title='bbox 1110 1007 1326 1071; x_wconf 90' lang='lat' dir='ltr'><strong>minus</strong></span> <span class='ocrx_word' id='word_1_42' title='bbox 1391 1003 1650 1069; x_wconf 88' lang='lat' dir='ltr'><strong>firmum</strong></span> <span class='ocrx_word' id='word_1_43' title='bbox 1701 1023 1896 1088; x_wconf 92' lang='lat' dir='ltr'><strong>quam</strong></span> <span class='ocrx_word' id='word_1_44' title='bbox 1941 1004 2008 1066; x_wconf 93' lang='lat' dir='ltr'><strong>in</strong></span> <span class='ocrx_word' id='word_1_45' title='bbox 2054 1004 2285 1068; x_wconf 74' lang='lat' dir='ltr'><strong>cel-eris</strong></span> <span class='ocrx_word' id='word_1_46' title='bbox 2332 1000 2567 1067; x_wconf 89' lang='lat' dir='ltr'><strong>fabulis</strong></span> <span class='ocrx_word' id='word_1_47' title='bbox 2613 1002 2924 1068; x_wconf 88' lang='lat' dir='ltr'><strong>habemus</strong></span> <span class='ocrx_word' id='word_1_48' title='bbox 2971 1022 3052 1069; x_wconf 82' lang='lat' dir='ltr'><strong>ex</strong></span> 
     </span>
     <span class='ocr_line' id='line_1_7' title="bbox 653 1108 3049 1199; baseline -0.002 -19"><span class='ocrx_word' id='word_1_49' title='bbox 653 1113 914 1181; x_wconf 76' lang='lat' dir='ltr'>scholiis</span> <span class='ocrx_word' id='word_1_50' title='bbox 949 1116 1016 1179; x_wconf 93' lang='lat' dir='ltr'><strong>in</strong></span> <span class='ocrx_word' id='word_1_51' title='bbox 1059 1112 1523 1199; x_wconf 80' lang='lat' dir='ltr'>Hippocratem</span> <span class='ocrx_word' id='word_1_52' title='bbox 1561 1110 1769 1190; x_wconf 89' lang='lat' dir='ltr'><strong>(locus</strong></span> <span class='ocrx_word' id='word_1_53' title='bbox 1816 1114 1993 1175; x_wconf 83' lang='lat' dir='ltr'><strong>extat</strong></span> <span class='ocrx_word' id='word_1_54' title='bbox 2034 1109 2203 1196; x_wconf 89' lang='lat' dir='ltr'><strong>apud</strong></span> <span class='ocrx_word' id='word_1_55' title='bbox 2249 1108 2616 1175; x_wconf 83' lang='lat' dir='ltr'><strong>Nauckium</strong></span> <span class='ocrx_word' id='word_1_56' title='bbox 2664 1111 2733 1174; x_wconf 93' lang='lat' dir='ltr'><strong>in</strong></span> <span class='ocrx_word' id='word_1_57' title='bbox 2774 1110 2851 1175; x_wconf 89' lang='lat' dir='ltr'><strong>fr.</strong></span> <span class='ocrx_word' id='word_1_58' title='bbox 2892 1108 3049 1175; x_wconf 86' lang='lat' dir='ltr'><strong>Eur.</strong></span> 
     </span>
     <span class='ocr_line' id='line_1_8' title="bbox 659 1213 3052 1305; baseline -0.003 -18"><span class='ocrx_word' id='word_1_59' title='bbox 659 1219 819 1301; x_wconf 85' lang='lat'>751)</span> <span class='ocrx_word' id='word_1_60' title='bbox 882 1241 961 1286; x_wconf 86' lang='lat' dir='ltr'><strong>ex</strong></span> <span class='ocrx_word' id='word_1_61' title='bbox 1022 1240 1146 1305; x_wconf 91' lang='lat' dir='ltr'><strong>quo</strong></span> <span class='ocrx_word' id='word_1_62' title='bbox 1193 1225 1458 1304; x_wconf 83' lang='lat' dir='ltr'><strong>apparet</strong></span> <span class='ocrx_word' id='word_1_63' title='bbox 1504 1217 1779 1283; x_wconf 91' lang='lat' dir='ltr'><strong>Bacchio</strong></span> <span class='ocrx_word' id='word_1_64' title='bbox 1826 1213 2218 1301; x_wconf 90' lang='lat' dir='ltr'><strong>Herophileo</strong></span> <span class='ocrx_word' id='word_1_65' title='bbox 2268 1214 2626 1282; x_wconf 81' lang='lat' dir='ltr'><strong>Temenum</strong></span> <span class='ocrx_word' id='word_1_66' title='bbox 2672 1237 2786 1302; x_wconf 91' lang='lat' dir='ltr'><strong>pro</strong></span> <span class='ocrx_word' id='word_1_67' title='bbox 2835 1215 3052 1282; x_wconf 90' lang='lat' dir='ltr'><strong>fabula</strong></span> 
     </span>
     <span class='ocr_line' id='line_1_9' title="bbox 655 1324 1650 1411; baseline -0.005 -18"><span class='ocrx_word' id='word_1_68' title='bbox 655 1325 1003 1411; x_wconf 82' lang='lat' dir='ltr'><strong>Euripidea</strong></span> <span class='ocrx_word' id='word_1_69' title='bbox 1046 1326 1385 1411; x_wconf 84' lang='lat' dir='ltr'><strong>cognitum</strong></span> <span class='ocrx_word' id='word_1_70' title='bbox 1433 1324 1650 1389; x_wconf 87' lang='lat' dir='ltr'><strong>fuisse.</strong></span> 
     </span>
    </p>

    <p class='ocr_par' dir='ltr' id='par_1_4' title="bbox 654 1426 3055 2265">
     <span class='ocr_line' id='line_1_10' title="bbox 752 1426 3051 1517; baseline -0.001 -20"><span class='ocrx_word' id='word_1_71' title='bbox 752 1432 836 1498; x_wconf 88' lang='grc'><strong>66</strong></span> <span class='ocrx_word' id='word_1_72' title='bbox 905 1431 1147 1517; x_wconf 68' lang='lat' dir='ltr'><strong>Scyriae</strong></span> <span class='ocrx_word' id='word_1_73' title='bbox 1186 1436 1262 1512; x_wconf 79' lang='lat' dir='ltr'><strong>(e.</strong></span> <span class='ocrx_word' id='word_1_74' title='bbox 1307 1429 1570 1517; x_wconf 81' lang='lat' dir='ltr'><strong>Scyrii).</strong></span> <span class='ocrx_word' id='word_1_75' title='bbox 1611 1428 1893 1494; x_wconf 82' lang='lat' dir='ltr'><strong>Fabulae</strong></span> <span class='ocrx_word' id='word_1_76' title='bbox 1932 1449 2164 1494; x_wconf 89' lang='lat' dir='ltr'><strong>nomen</strong></span> <span class='ocrx_word' id='word_1_77' title='bbox 2204 1426 2384 1493; x_wconf 90' lang='lat' dir='ltr'><strong>adest</strong></span> <span class='ocrx_word' id='word_1_78' title='bbox 2421 1430 2494 1493; x_wconf 93' lang='lat' dir='ltr'><strong>in</strong></span> <span class='ocrx_word' id='word_1_79' title='bbox 2530 1428 2743 1514; x_wconf 91' lang='lat' dir='ltr'><strong>lapide</strong></span> <span class='ocrx_word' id='word_1_80' title='bbox 2777 1430 3051 1495; x_wconf 80' lang='lat' dir='ltr'><strong>Piraico.</strong></span> 
     </span>
     <span class='ocr_line' id='line_1_11' title="bbox 655 1532 3055 1623; baseline -0.003 -18"><span class='ocrx_word' id='word_1_81' title='bbox 655 1538 782 1605; x_wconf 90' lang='lat' dir='ltr'><strong>Sed</strong></span> <span class='ocrx_word' id='word_1_82' title='bbox 842 1539 1136 1623; x_wconf 88' lang='lat' dir='ltr'><strong>proprius</strong></span> <span class='ocrx_word' id='word_1_83' title='bbox 1198 1536 1490 1602; x_wconf 77' lang='lat' dir='ltr'><strong>accedere</strong></span> <span class='ocrx_word' id='word_1_84' title='bbox 1537 1534 1614 1601; x_wconf 91' lang='lat' dir='ltr'><strong>ad</strong></span> <span class='ocrx_word' id='word_1_85' title='bbox 1664 1534 1916 1600; x_wconf 87' lang='lat' dir='ltr'><strong>tabulas</strong></span> <span class='ocrx_word' id='word_1_86' title='bbox 1961 1532 2543 1600; x_wconf 84' lang='lat' dir='ltr'><strong>Alexandrinorum</strong></span> <span class='ocrx_word' id='word_1_87' title='bbox 2591 1555 2717 1600; x_wconf 92' lang='lat' dir='ltr'><strong>non</strong></span> <span class='ocrx_word' id='word_1_88' title='bbox 2760 1536 2913 1600; x_wconf 88' lang='lat' dir='ltr'><strong>sinit</strong></span> <span class='ocrx_word' id='word_1_89' title='bbox 2958 1536 3055 1599; x_wconf 92' lang='lat' dir='ltr'><strong>in-</strong></span> 
     </span>
     <span class='ocr_line' id='line_1_12' title="bbox 657 1640 3052 1731; baseline -0.003 -20"><span class='ocrx_word' id='word_1_90' title='bbox 657 1647 803 1731; x_wconf 90' lang='lat' dir='ltr'><strong>opia</strong></span> <span class='ocrx_word' id='word_1_91' title='bbox 849 1645 1384 1730; x_wconf 81' lang='lat' dir='ltr'><strong>fragmentorum.</strong></span> <span class='ocrx_word' id='word_1_92' title='bbox 1433 1641 1564 1708; x_wconf 90' lang='lat' dir='ltr'><strong>Nec</strong></span> <span class='ocrx_word' id='word_1_93' title='bbox 1613 1646 1829 1706; x_wconf 88' lang='lat' dir='ltr'><strong>tamen</strong></span> <span class='ocrx_word' id='word_1_94' title='bbox 1876 1645 1974 1706; x_wconf 86' lang='lat' dir='ltr'><strong>est</strong></span> <span class='ocrx_word' id='word_1_95' title='bbox 2012 1662 2129 1706; x_wconf 89' lang='lat' dir='ltr'><strong>cur</strong></span> <span class='ocrx_word' id='word_1_96' title='bbox 2166 1640 2556 1706; x_wconf 87' lang='lat' dir='ltr'><strong>dubitemus.</strong></span> <span class='ocrx_word' id='word_1_97' title='bbox 2602 1640 2835 1707; x_wconf 77' lang='lat' dir='ltr'><strong>Sextus</strong></span> <span class='ocrx_word' id='word_1_98' title='bbox 2876 1643 3052 1707; x_wconf 91' lang='lat' dir='ltr'><strong>enim</strong></span> 
     </span>
     <span class='ocr_line' id='line_1_13' title="bbox 654 1747 3053 1837; baseline -0.003 -19"><span class='ocrx_word' id='word_1_99' title='bbox 654 1752 1025 1837; x_wconf 82' lang='lat' dir='ltr'><strong>Empiricus</strong></span> <span class='ocrx_word' id='word_1_100' title='bbox 1093 1772 1171 1815; x_wconf 80' lang='lat' dir='ltr'><strong>ex</strong></span> <span class='ocrx_word' id='word_1_101' title='bbox 1231 1748 1447 1815; x_wconf 89' lang='lat' dir='ltr'><strong>fabula</strong></span> <span class='ocrx_word' id='word_1_102' title='bbox 1507 1747 1846 1813; x_wconf 88' lang='lat' dir='ltr'><strong>manifeste</strong></span> <span class='ocrx_word' id='word_1_103' title='bbox 1908 1747 2257 1833; x_wconf 83' lang='lat' dir='ltr'><strong>Euripidea</strong></span> <span class='ocrx_word' id='word_1_104' title='bbox 2318 1748 2766 1833; x_wconf 80' lang='lat' dir='ltr'><strong>fragmentum</strong></span> <span class='ocrx_word' id='word_1_105' title='bbox 2827 1747 3053 1814; x_wconf 90' lang='lat' dir='ltr'><strong>laudat</strong></span> 
     </span>
     <span class='ocr_line' id='line_1_14' title="bbox 657 1853 3053 1948; baseline -0.001 -24"><span class='ocrx_word' id='word_1_106' title='bbox 657 1858 846 1938; x_wconf 83' lang='grc'><strong>(182)</strong></span> <span class='ocrx_word' id='word_1_107' title='bbox 907 1856 1078 1943; x_wconf 91' lang='lat' dir='ltr'><strong>quod</strong></span> <span class='ocrx_word' id='word_1_108' title='bbox 1137 1856 1217 1948; x_wconf 79' lang='lat' dir='ltr'><strong>ad</strong></span> <span class='ocrx_word' id='word_1_109' title='bbox 1275 1855 1469 1921; x_wconf 90' lang='lat' dir='ltr'><strong>aliam</strong></span> <span class='ocrx_word' id='word_1_110' title='bbox 1519 1853 1809 1921; x_wconf 89' lang='lat' dir='ltr'><strong>fabulam</strong></span> <span class='ocrx_word' id='word_1_111' title='bbox 1854 1857 1967 1922; x_wconf 84' lang='lat' dir='ltr'><strong>vix</strong></span> <span class='ocrx_word' id='word_1_112' title='bbox 2011 1861 2222 1940; x_wconf 87' lang='lat' dir='ltr'><strong>potest</strong></span> <span class='ocrx_word' id='word_1_113' title='bbox 2267 1856 2618 1940; x_wconf 86' lang='lat' dir='ltr'><strong>pertinere,</strong></span> <span class='ocrx_word' id='word_1_114' title='bbox 2668 1862 2733 1921; x_wconf 90' lang='lat' dir='ltr'><strong>et</strong></span> <span class='ocrx_word' id='word_1_115' title='bbox 2782 1853 3053 1921; x_wconf 86' lang='lat' dir='ltr'><strong>Ovidius</strong></span> 
     </span>
     <span class='ocr_line' id='line_1_15' title="bbox 657 1960 3051 2049; baseline -0.002 -18"><span class='ocrx_word' id='word_1_116' title='bbox 657 1965 1030 2049; x_wconf 88' lang='lat' dir='ltr'><strong>Statiusque</strong></span> <span class='ocrx_word' id='word_1_117' title='bbox 1097 1961 1352 2029; x_wconf 83' lang='lat' dir='ltr'><strong>fabulae</strong></span> <span class='ocrx_word' id='word_1_118' title='bbox 1417 1963 1758 2029; x_wconf 74' lang='lat' dir='ltr'><strong>materiem</strong></span> <span class='ocrx_word' id='word_1_119' title='bbox 1820 1966 2191 2027; x_wconf 75' lang='lat' dir='ltr'><strong>sumserunt</strong></span> <span class='ocrx_word' id='word_1_120' title='bbox 2253 1961 2647 2027; x_wconf 86' lang='lat' dir='ltr'><strong>tractandam</strong></span> <span class='ocrx_word' id='word_1_121' title='bbox 2714 1960 2911 2027; x_wconf 86' lang='lat' dir='ltr'><strong>talem</strong></span> <span class='ocrx_word' id='word_1_122' title='bbox 2974 1967 3051 2027; x_wconf 90' lang='lat' dir='ltr'><strong>ut</strong></span> 
     </span>
     <span class='ocr_line' id='line_1_16' title="bbox 656 2065 3049 2154; baseline -0.002 -16"><span class='ocrx_word' id='word_1_123' title='bbox 656 2073 814 2139; x_wconf 88' lang='lat' dir='ltr'><strong>satis</strong></span> <span class='ocrx_word' id='word_1_124' title='bbox 897 2076 1145 2137; x_wconf 87' lang='lat' dir='ltr'><strong>certum</strong></span> <span class='ocrx_word' id='word_1_125' title='bbox 1215 2070 1513 2136; x_wconf 85' lang='lat' dir='ltr'><strong>videatur</strong></span> <span class='ocrx_word' id='word_1_126' title='bbox 1587 2070 1655 2133; x_wconf 91' lang='lat' dir='ltr'><strong>in</strong></span> <span class='ocrx_word' id='word_1_127' title='bbox 1739 2089 1998 2153; x_wconf 86' lang='lat' dir='ltr'><strong>corpore</strong></span> <span class='ocrx_word' id='word_1_128' title='bbox 2069 2066 2546 2154; x_wconf 88' lang='lat' dir='ltr'><strong>tragoediarum</strong></span> <span class='ocrx_word' id='word_1_129' title='bbox 2615 2065 3049 2134; x_wconf 84' lang='lat' dir='ltr'><strong>Alexandrino</strong></span> 
     </span>
     <span class='ocr_line' id='line_1_17' title="bbox 655 2175 1243 2265; baseline -0.005 -20"><span class='ocrx_word' id='word_1_130' title='bbox 655 2178 914 2265; x_wconf 82' lang='lat' dir='ltr'><strong>Scyrias</strong></span> <span class='ocrx_word' id='word_1_131' title='bbox 961 2175 1243 2242; x_wconf 85' lang='lat' dir='ltr'><strong>affuisse.</strong></span> 
     </span>
    </p>

    <p class='ocr_par' dir='ltr' id='par_1_5' title="bbox 659 2278 3059 3538">
     <span class='ocr_line' id='line_1_18' title="bbox 754 2278 3057 2368; baseline -0.002 -17"><span class='ocrx_word' id='word_1_132' title='bbox 754 2281 838 2351; x_wconf 85' lang='lat'><strong>67</strong></span> <span class='ocrx_word' id='word_1_133' title='bbox 915 2284 1146 2349; x_wconf 67' lang='lat' dir='ltr'><strong>Danab‘.</strong></span> <span class='ocrx_word' id='word_1_134' title='bbox 1213 2282 1389 2351; x_wconf 90' lang='lat' dir='ltr'><strong>Haec</strong></span> <span class='ocrx_word' id='word_1_135' title='bbox 1451 2302 1705 2368; x_wconf 91' lang='lat' dir='ltr'><strong>quoque</strong></span> <span class='ocrx_word' id='word_1_136' title='bbox 1769 2280 2020 2359; x_wconf 84' lang='lat' dir='ltr'><strong>fabula,</strong></span> <span class='ocrx_word' id='word_1_137' title='bbox 2081 2279 2237 2345; x_wconf 89' lang='lat' dir='ltr'><strong>licet</strong></span> <span class='ocrx_word' id='word_1_138' title='bbox 2300 2287 2449 2345; x_wconf 89' lang='lat' dir='ltr'><strong>ante</strong></span> <span class='ocrx_word' id='word_1_139' title='bbox 2512 2278 2817 2347; x_wconf 82' lang='lat' dir='ltr'><strong>Senecam</strong></span> <span class='ocrx_word' id='word_1_140' title='bbox 2879 2281 3057 2367; x_wconf 91' lang='lat' dir='ltr'><strong>apud</strong></span> 
     </span>
     <span class='ocr_line' id='line_1_19' title="bbox 660 2386 3053 2475; baseline -0.001 -18"><span class='ocrx_word' id='word_1_141' title='bbox 660 2397 951 2457; x_wconf 83' lang='lat' dir='ltr'><strong>auctores</strong></span> <span class='ocrx_word' id='word_1_142' title='bbox 1010 2411 1216 2475; x_wconf 91' lang='lat' dir='ltr'><strong>neque</strong></span> <span class='ocrx_word' id='word_1_143' title='bbox 1279 2390 1645 2471; x_wconf 83' lang='lat' dir='ltr'><strong>fragmenta</strong></span> <span class='ocrx_word' id='word_1_144' title='bbox 1670 2438 1686 2468; x_wconf 99' lang='lat'><strong>,</strong></span> <span class='ocrx_word' id='word_1_145' title='bbox 1749 2409 1955 2473; x_wconf 89' lang='lat' dir='ltr'><strong>neque</strong></span> <span class='ocrx_word' id='word_1_146' title='bbox 2018 2386 2252 2452; x_wconf 90' lang='lat' dir='ltr'><strong>titulus</strong></span> <span class='ocrx_word' id='word_1_147' title='bbox 2302 2393 2624 2465; x_wconf 88' lang='lat' dir='ltr'><strong>occurrat,</strong></span> <span class='ocrx_word' id='word_1_148' title='bbox 2672 2389 3053 2473; x_wconf 87' lang='lat' dir='ltr'><strong>neutiquam</strong></span> 
     </span>
     <span class='ocr_line' id='line_1_20' title="bbox 659 2493 3057 2582; baseline -0.001 -20"><span class='ocrx_word' id='word_1_149' title='bbox 659 2496 959 2582; x_wconf 85' lang='lat' dir='ltr'><strong>Euripidi</strong></span> <span class='ocrx_word' id='word_1_150' title='bbox 1029 2498 1263 2581; x_wconf 85' lang='lat' dir='ltr'><strong>poterit</strong></span> <span class='ocrx_word' id='word_1_151' title='bbox 1333 2494 1703 2561; x_wconf 84' lang='lat' dir='ltr'><strong>abiudicari.</strong></span> <span class='ocrx_word' id='word_1_152' title='bbox 1780 2495 1980 2558; x_wconf 88' lang='lat' dir='ltr'><strong>Mitto</strong></span> <span class='ocrx_word' id='word_1_153' title='bbox 2050 2493 2217 2578; x_wconf 91' lang='lat' dir='ltr'><strong>quod</strong></span> <span class='ocrx_word' id='word_1_154' title='bbox 2286 2498 2746 2579; x_wconf 84' lang='lat' dir='ltr'><strong>argumentum</strong></span> <span class='ocrx_word' id='word_1_155' title='bbox 2806 2493 3057 2559; x_wconf 80' lang='lat' dir='ltr'><strong>Danaes</strong></span> 
     </span>
     <span class='ocr_line' id='line_1_21' title="bbox 663 2596 3049 2689; baseline -0.003 -19"><span class='ocrx_word' id='word_1_156' title='bbox 663 2608 915 2670; x_wconf 83' lang='lat' dir='ltr'><strong>enarrat</strong></span> <span class='ocrx_word' id='word_1_157' title='bbox 971 2601 1316 2689; x_wconf 87' lang='lat' dir='ltr'><strong>Hyginus,</strong></span> <span class='ocrx_word' id='word_1_158' title='bbox 1383 2601 1494 2666; x_wconf 92' lang='lat' dir='ltr'><strong>sed</strong></span> <span class='ocrx_word' id='word_1_159' title='bbox 1557 2602 1698 2685; x_wconf 86' lang='lat' dir='ltr'><strong>quis</strong></span> <span class='ocrx_word' id='word_1_160' title='bbox 1764 2599 1978 2665; x_wconf 88' lang='lat' dir='ltr'><strong>credat</strong></span> <span class='ocrx_word' id='word_1_161' title='bbox 2039 2599 2448 2666; x_wconf 87' lang='lat' dir='ltr'><strong>decantatum</strong></span> <span class='ocrx_word' id='word_1_162' title='bbox 2507 2598 2672 2666; x_wconf 87' lang='lat' dir='ltr'><strong>illud</strong></span> <span class='ocrx_word' id='word_1_163' title='bbox 2732 2596 2775 2665; x_wconf 79' lang='grc' dir='ltr'><em>ὦ</em></span> <span class='ocrx_word' id='word_1_164' title='bbox 2818 2598 3049 2679; x_wconf 80' lang='grc' dir='ltr'><strong><em>χρυσέ,</em></strong></span> 
     </span>
     <span class='ocr_line' id='line_1_22' title="bbox 664 2704 3054 2791; baseline -0.001 -15"><span class='ocrx_word' id='word_1_165' title='bbox 664 2707 936 2785; x_wconf 74' lang='grc' dir='ltr'><strong>δεξίωμα</strong></span> <span class='ocrx_word' id='word_1_166' title='bbox 1001 2709 1336 2773; x_wconf 72' lang='grc' dir='ltr'><strong><em>κάλλιστον</em></strong></span> <span class='ocrx_word' id='word_1_167' title='bbox 1398 2707 1637 2786; x_wconf 82' lang='grc' dir='ltr'><em>βροτοῖς</em></span> <span class='ocrx_word' id='word_1_168' title='bbox 1704 2705 1917 2791; x_wconf 91' lang='lat' dir='ltr'><strong>(lapsu</strong></span> <span class='ocrx_word' id='word_1_169' title='bbox 1966 2708 2317 2773; x_wconf 88' lang='lat' dir='ltr'><strong>memoriae</strong></span> <span class='ocrx_word' id='word_1_170' title='bbox 2361 2728 2399 2772; x_wconf 89' lang='lat' dir='ltr'><strong>a</strong></span> <span class='ocrx_word' id='word_1_171' title='bbox 2442 2704 2677 2773; x_wconf 83' lang='lat' dir='ltr'><strong>Seneca</strong></span> <span class='ocrx_word' id='word_1_172' title='bbox 2722 2707 2803 2773; x_wconf 88' lang='lat' dir='ltr'><strong>ad</strong></span> <span class='ocrx_word' id='word_1_173' title='bbox 2846 2706 3054 2773; x_wconf 90' lang='lat' dir='ltr'><strong>Belle-</strong></span> 
     </span>
     <span class='ocr_line' id='line_1_23' title="bbox 663 2813 3053 2902; baseline -0.001 -21"><span class='ocrx_word' id='word_1_174' title='bbox 663 2815 1044 2902; x_wconf 88' lang='lat' dir='ltr'><strong>rophontem</strong></span> <span class='ocrx_word' id='word_1_175' title='bbox 1103 2814 1409 2891; x_wconf 88' lang='lat' dir='ltr'><strong>relatum)</strong></span> <span class='ocrx_word' id='word_1_176' title='bbox 1471 2820 1605 2877; x_wconf 90' lang='lat' dir='ltr'><strong>tam</strong></span> <span class='ocrx_word' id='word_1_177' title='bbox 1667 2817 2030 2878; x_wconf 85' lang='lat' dir='ltr'><strong>constanter</strong></span> <span class='ocrx_word' id='word_1_178' title='bbox 2094 2818 2426 2897; x_wconf 86' lang='lat' dir='ltr'><strong>tamquam</strong></span> <span class='ocrx_word' id='word_1_179' title='bbox 2487 2813 2910 2899; x_wconf 86' lang='lat' dir='ltr'><strong>Euripideum</strong></span> <span class='ocrx_word' id='word_1_180' title='bbox 2972 2836 3053 2880; x_wconf 82' lang='lat' dir='ltr'><strong>ex</strong></span> 
     </span>
     <span class='ocr_line' id='line_1_24' title="bbox 663 2917 3059 3006; baseline 0 -20"><span class='ocrx_word' id='word_1_181' title='bbox 663 2921 875 2987; x_wconf 86' lang='lat' dir='ltr'><strong>Danae</strong></span> <span class='ocrx_word' id='word_1_182' title='bbox 934 2918 1183 2984; x_wconf 88' lang='lat' dir='ltr'><strong>laudari</strong></span> <span class='ocrx_word' id='word_1_183' title='bbox 1229 2920 1547 3006; x_wconf 86' lang='lat' dir='ltr'><strong>potuisse,</strong></span> <span class='ocrx_word' id='word_1_184' title='bbox 1599 2920 1655 2982; x_wconf 90' lang='lat' dir='ltr'><strong>si</strong></span> <span class='ocrx_word' id='word_1_185' title='bbox 1701 2917 1969 2982; x_wconf 90' lang='lat' dir='ltr'><strong>dubium</strong></span> <span class='ocrx_word' id='word_1_186' title='bbox 2018 2918 2095 2983; x_wconf 89' lang='lat' dir='ltr'><strong>de</strong></span> <span class='ocrx_word' id='word_1_187' title='bbox 2141 2920 2281 2984; x_wconf 87' lang='lat' dir='ltr'><strong>eius</strong></span> <span class='ocrx_word' id='word_1_188' title='bbox 2320 2918 2573 2985; x_wconf 91' lang='lat' dir='ltr'><strong>fabulae</strong></span> <span class='ocrx_word' id='word_1_189' title='bbox 2613 2921 2861 3006; x_wconf 86' lang='lat' dir='ltr'><strong>origine</strong></span> <span class='ocrx_word' id='word_1_190' title='bbox 2898 2920 3059 2986; x_wconf 89' lang='lat' dir='ltr'><strong>fuis-</strong></span> 
     </span>
     <span class='ocr_line' id='line_1_25' title="bbox 663 3024 3053 3111; baseline -0 -19"><span class='ocrx_word' id='word_1_191' title='bbox 663 3024 800 3093; x_wconf 81' lang='lat' dir='ltr'><strong>set?</strong></span> <span class='ocrx_word' id='word_1_192' title='bbox 849 3025 1047 3091; x_wconf 89' lang='lat' dir='ltr'><strong>Adest</strong></span> <span class='ocrx_word' id='word_1_193' title='bbox 1092 3030 1311 3091; x_wconf 85' lang='lat' dir='ltr'><strong>autem</strong></span> <span class='ocrx_word' id='word_1_194' title='bbox 1358 3045 1589 3091; x_wconf 92' lang='lat' dir='ltr'><strong>nomen</strong></span> <span class='ocrx_word' id='word_1_195' title='bbox 1635 3026 1704 3088; x_wconf 92' lang='lat' dir='ltr'><strong>in</strong></span> <span class='ocrx_word' id='word_1_196' title='bbox 1752 3045 2071 3090; x_wconf 90' lang='lat' dir='ltr'><strong>marmore</strong></span> <span class='ocrx_word' id='word_1_197' title='bbox 2118 3024 2365 3091; x_wconf 90' lang='lat' dir='ltr'><strong>Albano</strong></span> <span class='ocrx_word' id='word_1_198' title='bbox 2413 3026 2823 3111; x_wconf 85' lang='lat' dir='ltr'><strong>Piraicoque,</strong></span> <span class='ocrx_word' id='word_1_199' title='bbox 2872 3032 2937 3091; x_wconf 88' lang='lat' dir='ltr'><strong>et</strong></span> <span class='ocrx_word' id='word_1_200' title='bbox 2980 3028 3053 3092; x_wconf 91' lang='lat' dir='ltr'><strong>in</strong></span> 
     </span>
     <span class='ocr_line' id='line_1_26' title="bbox 662 3128 3051 3218; baseline -0.002 -19"><span class='ocrx_word' id='word_1_201' title='bbox 662 3132 1110 3218; x_wconf 85' lang='lat' dir='ltr'><strong>Aristophanis</strong></span> <span class='ocrx_word' id='word_1_202' title='bbox 1173 3130 1850 3217; x_wconf 83' lang='lat' dir='ltr'><strong>Thesmophoriazusis</strong></span> <span class='ocrx_word' id='word_1_203' title='bbox 1909 3152 2002 3197; x_wconf 84' lang='lat' dir='ltr'><strong>vs.</strong></span> <span class='ocrx_word' id='word_1_204' title='bbox 2054 3130 2188 3196; x_wconf 87' lang='lat'><strong>414</strong></span> <span class='ocrx_word' id='word_1_205' title='bbox 2252 3128 2421 3211; x_wconf 75' lang='grc' dir='ltr'>(εἶτα</span> <span class='ocrx_word' id='word_1_206' title='bbox 2485 3130 2585 3197; x_wconf 74' lang='grc' dir='ltr'><strong>διὰ</strong></span> <span class='ocrx_word' id='word_1_207' title='bbox 2647 3136 2857 3197; x_wconf 80' lang='grc' dir='ltr'><strong><em>τοῦτον</em></strong></span> <span class='ocrx_word' id='word_1_208' title='bbox 2906 3140 3051 3205; x_wconf 74' lang='grc' dir='ltr'><strong>ταῖς</strong></span> 
     </span>
     <span class='ocr_line' id='line_1_27' title="bbox 662 3236 3053 3325; baseline 0 -22"><span class='ocrx_word' id='word_1_209' title='bbox 662 3239 1115 3317; x_wconf 71' lang='grc' dir='ltr'><strong><em>γυναικωνίτισι</em></strong></span> <span class='ocrx_word' id='word_1_210' title='bbox 1159 3236 1183 3325; x_wconf 80' lang='lat' dir='ltr'><em>s</em></span> <span class='ocrx_word' id='word_1_211' title='bbox 1224 3238 1588 3319; x_wconf 72' lang='grc' dir='ltr'><strong><em>σφραγῖδας</em></strong></span> <span class='ocrx_word' id='word_1_212' title='bbox 1630 3236 2081 3315; x_wconf 71' lang='grc' dir='ltr'><strong><em>ἐπιβάλλουσιν</em></strong></span> <span class='ocrx_word' id='word_1_213' title='bbox 2130 3236 2237 3313; x_wconf 78' lang='grc' dir='ltr'><strong>ἤδη</strong></span> <span class='ocrx_word' id='word_1_214' title='bbox 2285 3237 2389 3301; x_wconf 74' lang='grc' dir='ltr'><strong>καὶ</strong></span> <span class='ocrx_word' id='word_1_215' title='bbox 2438 3237 2747 3320; x_wconf 81' lang='grc' dir='ltr'><strong>μοχλούς)</strong></span> <span class='ocrx_word' id='word_1_216' title='bbox 2793 3236 3053 3304; x_wconf 62' lang='lat' dir='ltr'><strong>Danaen</strong></span> 
     </span>
     <span class='ocr_line' id='line_1_28' title="bbox 660 3343 3053 3433; baseline -0 -21"><span class='ocrx_word' id='word_1_217' title='bbox 660 3345 1079 3431; x_wconf 81' lang='lat' dir='ltr'><strong>Euripideam</strong></span> <span class='ocrx_word' id='word_1_218' title='bbox 1159 3347 1468 3431; x_wconf 86' lang='lat' dir='ltr'><strong>spectari,</strong></span> <span class='ocrx_word' id='word_1_219' title='bbox 1541 3347 1839 3431; x_wconf 85' lang='lat' dir='ltr'><strong>quamvis</strong></span> <span class='ocrx_word' id='word_1_220' title='bbox 1909 3350 2154 3411; x_wconf 89' lang='lat' dir='ltr'><strong>tacente</strong></span> <span class='ocrx_word' id='word_1_221' title='bbox 2224 3343 2608 3424; x_wconf 86' lang='lat' dir='ltr'><strong>scholiasta,</strong></span> <span class='ocrx_word' id='word_1_222' title='bbox 2682 3344 3053 3433; x_wconf 86' lang='lat' dir='ltr'><strong>Hartungio</strong></span> 
     </span>
     <span class='ocr_line' id='line_1_29' title="bbox 663 3451 1538 3538; baseline -0.003 -19"><span class='ocrx_word' id='word_1_223' title='bbox 663 3451 1135 3519; x_wconf 90' lang='lat' dir='ltr'><strong>concedendum</strong></span> <span class='ocrx_word' id='word_1_224' title='bbox 1181 3471 1313 3516; x_wconf 87' lang='lat' dir='ltr'><strong>esse</strong></span> <span class='ocrx_word' id='word_1_225' title='bbox 1360 3456 1538 3538; x_wconf 83' lang='lat' dir='ltr'><strong>puto.</strong></span> 
     </span>
    </p>
   </div>
   <div class='ocr_carea' id='block_1_3' title="bbox 593 3663 3058 4601">
    <p class='ocr_par' dir='ltr' id='par_1_6' title="bbox 593 3663 3058 4601">
     <span class='ocr_line' id='line_1_30' title="bbox 753 3663 3052 3751; baseline 0.001 -20"><span class='ocrx_word' id='word_1_226' title='bbox 753 3665 854 3731; x_wconf 81' lang='lat' dir='ltr'><strong>En</strong></span> <span class='ocrx_word' id='word_1_227' title='bbox 923 3666 1119 3731; x_wconf 88' lang='lat' dir='ltr'><strong>habes</strong></span> <span class='ocrx_word' id='word_1_228' title='bbox 1187 3664 1554 3751; x_wconf 83' lang='lat' dir='ltr'><strong>catalogum</strong></span> <span class='ocrx_word' id='word_1_229' title='bbox 1618 3664 1857 3729; x_wconf 88' lang='lat' dir='ltr'><strong>LXVII</strong></span> <span class='ocrx_word' id='word_1_230' title='bbox 1926 3663 2316 3730; x_wconf 87' lang='lat' dir='ltr'><strong>fabularum.</strong></span> <span class='ocrx_word' id='word_1_231' title='bbox 2387 3663 2634 3750; x_wconf 90' lang='lat' dir='ltr'><strong>Nempe</strong></span> <span class='ocrx_word' id='word_1_232' title='bbox 2704 3666 3052 3733; x_wconf 90' lang='lat' dir='ltr'><strong>earundem</strong></span> 
     </span>
     <span class='ocr_line' id='line_1_31' title="bbox 663 3757 3053 3859; baseline -0.001 -21"><span class='ocrx_word' id='word_1_233' title='bbox 663 3792 819 3859; x_wconf 86' lang='lat' dir='ltr'><strong>quas</strong></span> <span class='ocrx_word' id='word_1_234' title='bbox 865 3773 1182 3858; x_wconf 85' lang='lat' dir='ltr'><strong>cogitavit</strong></span> <span class='ocrx_word' id='word_1_235' title='bbox 1226 3778 1446 3836; x_wconf 90' lang='lat' dir='ltr'><strong>auctor</strong></span> <span class='ocrx_word' id='word_1_236' title='bbox 1492 3769 1675 3836; x_wconf 89' lang='lat' dir='ltr'><strong>Vitae</strong></span> <span class='ocrx_word' id='word_1_237' title='bbox 1725 3769 2035 3836; x_wconf 82' lang='lat' dir='ltr'><strong>Maioris?</strong></span> <span class='ocrx_word' id='word_1_238' title='bbox 2082 3770 2239 3851; x_wconf 79' lang='lat' dir='ltr'><strong>Quis</strong></span> <span class='ocrx_word' id='word_1_239' title='bbox 2285 3771 2487 3849; x_wconf 82' lang='lat' dir='ltr'><strong>dicat3</strong></span> <span class='ocrx_word' id='word_1_240' title='bbox 2538 3757 3053 3857; x_wconf 90' lang='lat' dir='ltr'><strong>quandoquidem</strong></span> 
     </span>
     <span class='ocr_line' id='line_1_32' title="bbox 662 3875 3053 3963; baseline -0 -18"><span class='ocrx_word' id='word_1_241' title='bbox 662 3883 905 3945; x_wconf 88' lang='lat' dir='ltr'><strong>restant</strong></span> <span class='ocrx_word' id='word_1_242' title='bbox 948 3878 1130 3944; x_wconf 88' lang='lat' dir='ltr'><strong>tituli</strong></span> <span class='ocrx_word' id='word_1_243' title='bbox 1176 3899 1300 3943; x_wconf 94' lang='lat' dir='ltr'><strong>non</strong></span> <span class='ocrx_word' id='word_1_244' title='bbox 1341 3879 1542 3942; x_wconf 91' lang='lat' dir='ltr'><strong>trium</strong></span> <span class='ocrx_word' id='word_1_245' title='bbox 1579 3876 2063 3963; x_wconf 86' lang='lat' dir='ltr'><strong>tragoediarum</strong></span> <span class='ocrx_word' id='word_1_246' title='bbox 2104 3877 2212 3942; x_wconf 90' lang='lat' dir='ltr'><strong>sed</strong></span> <span class='ocrx_word' id='word_1_247' title='bbox 2253 3896 2394 3943; x_wconf 86' lang='lat' dir='ltr'><strong>sex:</strong></span> <span class='ocrx_word' id='word_1_248' title='bbox 2436 3875 2755 3956; x_wconf 83' lang='lat' dir='ltr'><strong>Cadmus,</strong></span> <span class='ocrx_word' id='word_1_249' title='bbox 2794 3877 3053 3956; x_wconf 87' lang='lat' dir='ltr'><strong>Lamia,</strong></span> 
     </span>
     <span class='ocr_line' id='line_1_33' title="bbox 593 3982 3058 4073; baseline 0 -22"><span class='ocrx_word' id='word_1_250' title='bbox 593 3995 602 4004; x_wconf 89' lang='lat'><em>&#39;</em></span> <span class='ocrx_word' id='word_1_251' title='bbox 662 3984 912 4073; x_wconf 82' lang='lat' dir='ltr'><strong>Scylla,</strong></span> <span class='ocrx_word' id='word_1_252' title='bbox 961 3982 1240 4062; x_wconf 71' lang='lat' dir='ltr'><strong>TenneS,</strong></span> <span class='ocrx_word' id='word_1_253' title='bbox 1290 3983 1853 4071; x_wconf 83' lang='lat' dir='ltr'><strong>Rhadamanthys,</strong></span> <span class='ocrx_word' id='word_1_254' title='bbox 1903 3984 2261 4049; x_wconf 85' lang='lat' dir='ltr'><strong>Pirithous.</strong></span> <span class='ocrx_word' id='word_1_255' title='bbox 2309 3984 2408 4047; x_wconf 79' lang='lat' dir='ltr'><strong>Ex</strong></span> <span class='ocrx_word' id='word_1_256' title='bbox 2448 3984 2681 4069; x_wconf 89' lang='lat' dir='ltr'><strong>quibus</strong></span> <span class='ocrx_word' id='word_1_257' title='bbox 2720 3986 2775 4049; x_wconf 89' lang='lat' dir='ltr'><strong>si</strong></span> <span class='ocrx_word' id='word_1_258' title='bbox 2813 3982 3058 4070; x_wconf 87' lang='lat' dir='ltr'><strong>eligere</strong></span> 
     </span>
     <span class='ocr_line' id='line_1_34' title="bbox 663 4088 3058 4175; baseline 0 -20"><span class='ocrx_word' id='word_1_259' title='bbox 663 4091 917 4169; x_wconf 88' lang='lat' dir='ltr'><strong>debeas,</strong></span> <span class='ocrx_word' id='word_1_260' title='bbox 969 4111 1162 4175; x_wconf 90' lang='lat' dir='ltr'><strong>quam</strong></span> <span class='ocrx_word' id='word_1_261' title='bbox 1210 4092 1432 4171; x_wconf 83' lang='lat' dir='ltr'><strong>(misso</strong></span> <span class='ocrx_word' id='word_1_262' title='bbox 1480 4090 1742 4175; x_wconf 91' lang='lat' dir='ltr'><strong>quidem</strong></span> <span class='ocrx_word' id='word_1_263' title='bbox 1788 4088 1903 4154; x_wconf 92' lang='lat' dir='ltr'><strong>illo</strong></span> <span class='ocrx_word' id='word_1_264' title='bbox 1952 4092 2317 4155; x_wconf 88' lang='lat' dir='ltr'><strong>testimonio</strong></span> <span class='ocrx_word' id='word_1_265' title='bbox 2368 4088 2552 4155; x_wconf 87' lang='lat' dir='ltr'><strong>Vitae</strong></span> <span class='ocrx_word' id='word_1_266' title='bbox 2595 4090 2891 4171; x_wconf 86' lang='lat' dir='ltr'><strong>Maioris)</strong></span> <span class='ocrx_word' id='word_1_267' title='bbox 2938 4093 3058 4155; x_wconf 91' lang='lat' dir='ltr'><strong>mi-</strong></span> 
     </span>
     <span class='ocr_line' id='line_1_35' title="bbox 657 4194 3055 4283; baseline -0 -21"><span class='ocrx_word' id='word_1_268' title='bbox 657 4218 781 4262; x_wconf 85' lang='lat' dir='ltr'><strong>nus</strong></span> <span class='ocrx_word' id='word_1_269' title='bbox 841 4217 1051 4283; x_wconf 90' lang='lat' dir='ltr'><strong>-quam</strong></span> <span class='ocrx_word' id='word_1_270' title='bbox 1121 4200 1360 4262; x_wconf 87' lang='lat' dir='ltr'><strong>ceteras</strong></span> <span class='ocrx_word' id='word_1_271' title='bbox 1430 4195 1511 4261; x_wconf 91' lang='lat' dir='ltr'><strong>ad</strong></span> <span class='ocrx_word' id='word_1_272' title='bbox 1582 4194 1969 4271; x_wconf 64' lang='grc' dir='ltr'><strong><em>νοθευομένεκς</em></strong></span> <span class='ocrx_word' id='word_1_273' title='bbox 2040 4194 2314 4281; x_wconf 87' lang='lat' dir='ltr'><strong>relegari</strong></span> <span class='ocrx_word' id='word_1_274' title='bbox 2384 4202 2670 4281; x_wconf 89' lang='lat' dir='ltr'><strong>oportere</strong></span> <span class='ocrx_word' id='word_1_275' title='bbox 2740 4196 3055 4276; x_wconf 85' lang='lat' dir='ltr'><strong>videatur,</strong></span> 
     </span>
     <span class='ocr_line' id='line_1_36' title="bbox 661 4300 3057 4389; baseline 0 -21"><span class='ocrx_word' id='word_1_276' title='bbox 661 4309 830 4369; x_wconf 84' lang='lat' dir='ltr'><strong>certe</strong></span> <span class='ocrx_word' id='word_1_277' title='bbox 891 4304 1015 4367; x_wconf 84' lang='lat' dir='ltr'><strong>erit</strong></span> <span class='ocrx_word' id='word_1_278' title='bbox 1075 4302 1431 4367; x_wconf 87' lang='lat' dir='ltr'><strong>Pirithous.</strong></span> <span class='ocrx_word' id='word_1_279' title='bbox 1495 4300 1566 4366; x_wconf 91' lang='lat' dir='ltr'><strong>Si</strong></span> <span class='ocrx_word' id='word_1_280' title='bbox 1628 4303 1804 4367; x_wconf 89' lang='lat' dir='ltr'><strong>enim</strong></span> <span class='ocrx_word' id='word_1_281' title='bbox 1861 4301 2126 4367; x_wconf 90' lang='lat' dir='ltr'><strong>eandem</strong></span> <span class='ocrx_word' id='word_1_282' title='bbox 2174 4323 2388 4388; x_wconf 56' lang='lat' dir='ltr'><strong>quam,</strong></span> <span class='ocrx_word' id='word_1_283' title='bbox 2416 4304 2485 4367; x_wconf 90' lang='lat' dir='ltr'><strong>in</strong></span> <span class='ocrx_word' id='word_1_284' title='bbox 2531 4303 3057 4389; x_wconf 85' lang='lat' dir='ltr'><strong>praecedentibus</strong></span> 
     </span>
     <span class='ocr_line' id='line_1_37' title="bbox 659 4408 3057 4495; baseline 0 -21"><span class='ocrx_word' id='word_1_285' title='bbox 659 4430 954 4474; x_wconf 91' lang='lat' dir='ltr'><strong>normam</strong></span> <span class='ocrx_word' id='word_1_286' title='bbox 1015 4408 1465 4484; x_wconf 89' lang='lat' dir='ltr'><strong>adhibeamus,</strong></span> <span class='ocrx_word' id='word_1_287' title='bbox 1531 4409 1820 4492; x_wconf 87' lang='lat' dir='ltr'><strong>primum</strong></span> <span class='ocrx_word' id='word_1_288' title='bbox 1885 4408 2238 4473; x_wconf 88' lang='lat' dir='ltr'><strong>notandum</strong></span> <span class='ocrx_word' id='word_1_289' title='bbox 2287 4414 2385 4473; x_wconf 91' lang='lat' dir='ltr'><strong>est</strong></span> <span class='ocrx_word' id='word_1_290' title='bbox 2431 4410 2502 4473; x_wconf 91' lang='lat' dir='ltr'><strong>in</strong></span> <span class='ocrx_word' id='word_1_291' title='bbox 2548 4408 2759 4495; x_wconf 88' lang='lat' dir='ltr'><strong>lapide</strong></span> <span class='ocrx_word' id='word_1_292' title='bbox 2806 4409 3057 4475; x_wconf 85' lang='lat' dir='ltr'><strong>Piraico</strong></span> 
     </span>
     <span class='ocr_line' id='line_1_38' title="bbox 662 4512 3055 4601; baseline 0 -20"><span class='ocrx_word' id='word_1_293' title='bbox 662 4515 998 4583; x_wconf 87' lang='lat' dir='ltr'><strong>manifeste</strong></span> <span class='ocrx_word' id='word_1_294' title='bbox 1060 4514 1331 4582; x_wconf 84' lang='lat' dir='ltr'><strong>titulum</strong></span> <span class='ocrx_word' id='word_1_295' title='bbox 1393 4514 1762 4581; x_wconf 87' lang='lat' dir='ltr'><strong>Pirithoum</strong></span> <span class='ocrx_word' id='word_1_296' title='bbox 1812 4512 2087 4583; x_wconf 84' lang='lat' dir='ltr'><strong>adfuisse</strong></span> <span class='ocrx_word' id='word_1_297' title='bbox 2150 4514 2243 4597; x_wconf 89' lang='lat' dir='ltr'><strong>(id</strong></span> <span class='ocrx_word' id='word_1_298' title='bbox 2305 4514 2475 4601; x_wconf 90' lang='lat' dir='ltr'><strong>quod</strong></span> <span class='ocrx_word' id='word_1_299' title='bbox 2520 4514 2809 4583; x_wconf 92' lang='lat' dir='ltr'><strong>concedit</strong></span> <span class='ocrx_word' id='word_1_300' title='bbox 2856 4514 3055 4583; x_wconf 89' lang='lat' dir='ltr'><strong>Wila·</strong></span> 
     </span>
    </p>
   </div>
  </div>
 </body>
</html>
