3392 5384
699 361 742 425 8
1369 401 1376 408 -
1740 381 2049 430 nom-us.

1054 559 1162 624 De
1210 559 1573 624 scholiis
1620 560 1811 645 plus
1855 562 2236 626 minusve
2283 559 2743 626 similibus.

793 747 1180 832 Loquuntur
1225 745 1428 832 vulgo
1479 749 1604 811 viri
1652 747 1825 812 docti
1870 747 1947 812 de
1990 749 2346 813 innumeris
2383 751 2731 813 commenti
2766 750 3087 832 repetitio-

697 855 886 918 nibus
937 856 1062 930 ita,
1128 855 1310 937 quasi
1363 853 1482 918 hoc
1529 874 1735 918 unum
1781 853 2083 937 idemque
2131 856 2280 919 vitii
2324 874 2531 938 genus
2578 856 2667 920 sit
2711 875 2822 939 per
2867 861 3077 920 totum

699 980 860 1044 opus
909 960 1425 1043 frequentissime
1471 961 1773 1037 obvium,
1822 981 1972 1024 cum
2020 966 2269 1037 tamen,
2320 962 2373 1023 si
2418 980 2559 1024 rem
2605 966 2893 1025 accurate
2942 981 3083 1025 con-

697 1066 966 1142 sideras,
1017 1071 1082 1129 et
1121 1067 1528 1150 repetitiones
1566 1069 1825 1150 proprie
1867 1065 1987 1130 hoc
2033 1068 2291 1130 nomine
2336 1065 2657 1130 vocandae
2704 1068 2859 1131 satis
2904 1087 3083 1130 rarae

695 1173 855 1247 sint,
920 1177 984 1235 et
1045 1169 1330 1254 reliquae
1392 1171 1851 1236 similitudines
1912 1191 2127 1235 rerum
2188 1191 2259 1235 ac
2321 1170 2666 1236 verborum
2725 1177 2957 1236 natura
3018 1177 3084 1236 et

696 1297 964 1341 numero
1010 1277 1177 1340 inter
1223 1297 1288 1340 se
1337 1297 1744 1361 summopere
1793 1276 2169 1361 discrepent,

790 1381 1003 1466 Igitur
1048 1381 1500 1466 distinguenda
1547 1388 1698 1446 sunt

791 1487 849 1550 1.
915 1486 1348 1573 Repetitiones
1413 1489 1634 1552 stricto
1696 1509 1888 1552 sensu
1948 1489 2038 1552 sic
2098 1486 2429 1565 dicendae,
2495 1487 2614 1551 hoc
2662 1492 2791 1564 est,
2842 1486 3085 1552 scholia

697 1613 955 1678 prorsus
1004 1598 1114 1656 aut
1159 1592 1289 1656 fere
1336 1592 1596 1658 similia.
1645 1592 1903 1657 Horum
1951 1614 2258 1657 numerus
2306 1591 2492 1658 valde
2541 1598 2636 1658 est
2682 1595 2981 1678 exiguus.

788 1697 849 1762 2.
922 1696 1326 1763 Scholiorum
1388 1698 1674 1777 (Donati)
1745 1698 2115 1784 longiorum
2184 1704 2476 1784 excerpta
2538 1697 2643 1763 vel
2712 1698 3087 1782 compendia

698 1803 936 1880 brevia,
1003 1803 1194 1868 modo
1255 1806 1409 1869 satis
1472 1806 1634 1870 bona
1693 1805 1885 1870 modo
1946 1807 2180 1889 peiora.
2230 1803 2487 1869 Horum
2533 1823 2840 1868 numerus
2886 1803 3084 1888 paulo

698 1909 904 1972 maior
951 1914 1066 1973 est.
3067 1977 3073 1982 ,

791 2014 851 2076 3.
917 2006 1171 2077 Scholia
1232 2012 1618 2096 interpolata
1678 2014 1932 2090 easdem
1994 2035 2093 2079 res
2143 2016 2483 2079 tractantia
2528 2018 2720 2098 atque
2766 2013 3079 2091 Donatus,

695 2117 804 2183 sed
865 2119 1110 2182 ratione
1158 2123 1223 2182 et
1270 2121 1552 2183 oratione
1599 2119 1883 2196 diversa,
1933 2126 2216 2185 attamen
2263 2121 2389 2196 ita,
2438 2126 2513 2184 ut
2557 2118 3083 2204 interpolatorem

694 2224 839 2289 Aeli
899 2224 1336 2289 adnotationes
1398 2227 1749 2309 respexisse
1806 2224 2140 2310 adpareat,
2202 2245 2358 2308 quas
2420 2225 2611 2290 modo
2672 2226 2805 2288 suis
2869 2225 3086 2289 verbis

693 2327 936 2409 reddit',
986 2330 1176 2395 modo
1219 2333 1567 2415 impugnat
1609 2325 1725 2395 aut
1784 2333 2056 2416 corrigit
2117 2335 2334 2415 aperte
2398 2330 2503 2394 vel
2564 2332 2755 2394 tacite
2810 2339 2873 2394 et
2933 2350 3085 2394 non·

694 2456 1048 2520 numquam
1099 2439 1223 2513 sic,
1275 2443 1348 2500 ut
1394 2435 1628 2502 Donati
1675 2436 1869 2502 verba
1914 2435 2099 2521 plura
2147 2438 2528 2520 pauciorave
2574 2440 2840 2520 repetat.

785 2540 927 2606 Hoc
989 2561 1232 2626 genus,
1292 2540 1460 2625 quod
1521 2563 1558 2607 a
1618 2541 2110 2627 repetitionibus
2176 2541 2368 2627 probe
2430 2540 2965 2625 distinguendum
3016 2547 3087 2605 et

693 2645 1474 2732 interpolationum
1522 2646 1834 2712 vocabulo
1882 2647 2346 2732 designandum
2396 2653 2524 2724 est,
2581 2646 2775 2732 longe
2823 2652 2920 2710 est
2964 2646 3087 2711 fre-

693 2754 1211 2837 quentissimum.

783 2859 846 2924 4.
918 2858 977 2921 A
1039 2860 1363 2942 superiore
1424 2856 1538 2922 illo
1585 2878 1818 2943 genere
1862 2858 2430 2943 interpolationum
2478 2856 2934 2922 secernendum
2982 2863 3087 2921 est

693 2963 901 3041 aliud,
971 2963 1079 3027 ubi
1142 2965 1326 3028 iuxta
1390 2963 1613 3028 breves
1673 2962 2063 3029 Donatianas
2126 2965 2501 3040 verborum,
2565 2965 2769 3028 rarius
2816 2983 3033 3026 rerum
3058 3010 3077 3040 ‚

691 3068 1178 3154 explicationes,
1225 3067 1537 3152 leguntur
1577 3067 1925 3133 eorundem
1974 3069 2317 3133 verborum
2365 3067 2471 3133 vel
2514 3088 2731 3132 rerum
2769 3070 3079 3153 interpre-

686 3178 958 3241 tationes
1005 3176 1498 3260 magistrorum,
1549 3176 1660 3259 qui
1708 3195 1856 3238 cum
1901 3173 2015 3239 illo
2060 3181 2125 3239 et
2166 3177 2335 3240 inter
2379 3194 2444 3238 se
2492 3176 2669 3239 varie
2715 3179 2976 3239 certant.

779 3282 918 3346 Hoc
962 3302 1168 3366 genus
1215 3302 1340 3345 non
1387 3281 1582 3344 nimis
1631 3280 1925 3365 frequens
1976 3285 2092 3344 est.

778 3385 884 3451 Sic
959 3392 1344 3451 evanescunt
1423 3406 1679 3469 prorsus
1747 3387 2347 3462 „numerosissimae
2410 3384 2885 3468 repetitiones''‚
2956 3405 3076 3448 nec

688 3492 908 3556 minus
971 3491 1096 3554 duo
1156 3490 1306 3567 illa,
1371 3510 1532 3574 quae
1601 3493 1722 3554 viri
1787 3490 1959 3554 docti
2020 3491 2145 3554 sibi
2207 3489 2527 3554 finxerunt
2572 3492 2922 3556 commenti
2968 3511 3074 3554 ex-

609 3628 618 3638 ·
686 3601 930 3680 cerpta,
981 3595 1296 3680 dignitate
1343 3599 1408 3658 et
1453 3596 1698 3678 origine
1747 3597 1901 3659 satis
1947 3597 2124 3679 paria
2170 3603 2232 3659 et
2278 3594 2528 3660 easdem
2580 3596 2709 3660 fere
2756 3595 3072 3660 adnotati-

685 3722 870 3779 ones,
932 3708 1007 3765 ut
1064 3703 1278 3775 aiunt,
1345 3721 1531 3785 saepe
1593 3703 2002 3765 continentia.
2064 3701 2433 3766 Invenimus
2495 3707 2714 3766 contra
2775 3707 2851 3764 ut
2898 3699 3068 3764 dixi:

685 3807 715 3872 I
775 3807 1207 3892 Repetitiones
1265 3827 1416 3872 vere
1479 3808 1568 3871 sic
1625 3805 2031 3892 appellandas
2094 3809 2247 3872 satis
2314 3827 2565 3891 paucas.
2645 3805 2707 3870 II
2752 3806 3071 3889 Excerpta

683 3913 903 3978 brevia
949 3934 1026 3977 ex
1071 3913 1310 3977 Donati
1355 3911 1612 3977 scholiis
1657 3911 2075 3998 longioribus.
2138 3911 2234 3977 III
2272 3911 2796 3997 Interpolationes
2832 3911 3075 3996 longio-

685 4039 785 4083 res
847 4017 1230 4103 plerumque
1287 4023 1352 4082 et
1399 4019 1732 4103 graviores
1790 4015 2167 4082 Donatianis
2208 4012 2840 4101 interpretationibus
2885 4018 3071 4079 iuxta

682 4127 941 4209 positas.
1008 4122 1095 4189 IV
1139 4122 1668 4208 Interpolationes
1713 4123 1987 4188 leviores
2033 4130 2099 4188 et
2144 4123 2485 4188 breviores.

773 4229 914 4294 Non
952 4227 1167 4293 addidi
1208 4230 1511 4313 quintum
1547 4249 1755 4313 genus
1797 4227 2369 4313 interpolationum
2397 4233 2462 4292 ct
2486 4226 3068 4292 additamentorum

680 4331 980 4410 illorum,
1047 4354 1323 4418 quorum
1385 4340 1646 4397 centum
1711 4332 1990 4415 amplius
2051 4336 2179 4397 iam
2242 4336 2497 4397 notavit
2545 4331 3068 4410 wesenerus,

680 4459 830 4502 cum
877 4439 1030 4503 haec
1078 4441 1433 4509 maximam
1481 4445 1732 4523 partem
1779 4440 2139 4523 pertineant
2183 4438 2261 4502 ad
2306 4459 2513 4524 genus
2562 4437 2656 4502 111
2704 4437 2808 4504 vel
2852 4436 2957 4502 IV.
