3392 5384
693 394 826 461 124
1695 409 2075 457 PLAromoA.

784 578 858 643 P.
909 576 1085 642 94Ε.
1134 573 1174 640 ὦ
1225 577 1425 653 ἑταῖρε
1468 575 1784 640 ”Auara

783 682 1107 761 Deleatur,
1159 684 1212 746 si
1259 702 1447 747 nemo
1501 680 1656 746 dum
1706 683 1997 758 monuit,
2046 701 2275 746 nomen
2325 682 2678 767 proprium.

780 903 852 968 P.
905 901 1065 966 99D
1116 908 1276 966 extr.
1342 901 1444 965 καὶ
1497 901 1547 964 οἱ
1596 899 1891 970 Λάκωνες
1940 896 2086 964 ὅταν
2136 901 2273 964 τινα
2324 899 2791 982 ἐγκωμιάζωσιν
2840 901 3077 977 άγαθὸν

688 1007 911 1088 ἄνδρα,
965 1017 1245 1086 ,,Θεῑος
1296 1008 1462 1085 άνήρ,
1513 1007 1733 1086 φασίν,
1782 1002 2023 1074 οὖτος.”

780 1111 1190 1180 Gasaubonus
1275 1114 1513 1198 corrigi
1581 1113 1779 1176 iussit
1850 1120 2055 1190 Σεῖος,
2128 1133 2518 1198 quamquam
2588 1111 2845 1177 dialecti
2914 1115 3079 1178 ratio

692 1217 1060 1305 postulabat
1125 1227 1347 1296 Σῖος,
1412 1223 1488 1282 ut
1539 1219 2039 1303 pronuntiabant
2085 1216 2312 1282 saltem
2359 1219 2674 1297 Laeouen,
2724 1219 3082 1284 scribebant

693 1327 865 1389 enim
912 1327 1267 1410 antiquitus
1317 1327 1432 1388 θῖο
1454 1348 1505 1395 ς.
1573 1325 1660 1388 At
1704 1344 1830 1388 non
1883 1322 2393 1409 neglegendum,
2449 1346 2574 1390 non
2626 1328 2836 1411 magis
2890 1325 3085 1390 Laeo-

692 1432 914 1494 nicum
983 1451 1117 1496 esse
1189 1427 1388 1507 οὗτος,
1451 1451 1680 1496 verum
1745 1438 2004 1508 τῆνος,
2083 1432 2300 1515 itaque
2363 1431 2528 1495 nihil
2588 1451 2827 1497 novare
2887 1430 3085 1516 longe

690 1540 990 1621 praestat.

779 1755 1052 1820 HIPPIAS
1095 1771 1316 1832 MAIOR,
1385 1775 1445 1840 p.
1497 1753 1629 1820 284
1651 1753 1731 1818 D.
1808 1764 1959 1819 ΣΩ.
2026 1753 2233 1830 Νόμαν
2296 1753 2359 1819 δὲ
2420 1755 2665 1833 λέγεις,
2731 1753 2773 1820 ὦ
2823 1755 3082 1834 Ἱππία,

687 1861 950 1937 βλάβην
996 1859 1231 1929 πόλεως
1285 1855 1438 1923 εἶναι
1489 1859 1522 1934 ἤ
1575 1859 1884 1939 ὠφελίαν,
1961 1869 2069 1923 ΙΠ.
2119 1861 2375 1924 Τίθεται
2424 1862 2538 1936 μὲν
2584 1857 2755 1937 οἶμαι
2802 1862 3077 1940 ὠφελίας

689 1963 908 2043 ἕνεκα,
959 1967 1143 2028 ἐνίοτε
1190 1965 1253 2027 δὲ
1302 1965 1404 2027 καὶ
1455 1963 1774 2043 βλάπτει,
1827 1964 1931 2028 ε’άν
1981 1971 2180 2036 κακῶς
2228 1967 2371 2046 τεθῇ
2420 1965 2475 2048 [ὅ
2524 1965 2749 2049 νόμοςῙ.

781 2071 1115 2136 Abioiatur
1157 2070 1575 2134 manifestum
1625 2070 1977 2148 emblema,
2026 2073 2094 2134 in
2134 2093 2259 2156 quo
2302 2074 2575 2137 vitiosus
2614 2078 2712 2138 est
2745 2072 3081 2137 articulus,
3146 2145 3151 2149 ,

784 2275 858 2339 Ρ.
926 2273 1059 2338 292
1087 2272 1157 2340 O.
1239 2270 1399 2338 Ειπέ
1459 2297 1597 2350 μοι,
1677 2274 1904 2352 Φῆσει,
1982 2269 2023 2336 ὦ
2090 2276 2449 2353 Σώκρατες,
2528 2274 2631 2340 οἴει
2709 2275 2788 2338 ἂν
2857 2276 3079 2348 άδίκως

695 2379 953 2456 πληγάς
998 2381 1246 2457 λαβεῖν,
1290 2402 1452 2449 οστις
1495 2377 1869 2459 διθύραμβον
1910 2403 2327 2444 τοσουτονι
2370 2379 2532 2463 ᾅσας
2575 2378 2760 2454 οὕτως
2795 2382 3082 2458 άμούσως

694 2487 853 2550 πολὺ
903 2487 1154 2564 άπῇσας
1206 2484 1331 2548 άπὸ
1381 2490 1488 2549 τοῦ
1537 2486 1948 2563 ἐρωτήματος.

781 2591 842 2656 Ν
845 2612 924 2656 on
985 2592 1226 2675 potuit
1264 2589 1662 2676 dithyrambi
1733 2591 2039 2671 lonqitudo
2104 2595 2310 2676 carpi,
2360 2592 2466 2656 sed
2514 2592 2815 2676 qualitas,
2863 2595 3083 2680 itaque

689 2699 943 2783 requiro
991 2696 1424 2761 τοιουτονὶ.

781 2915 856 2979 Ρ.
906 2911 1037 2978 293
1057 2912 1134 2977 D.
1189 2949 1274 2962 —
1322 2913 1496 2976 άλλα
1538 2912 1607 2976 τὸ
1655 2913 1880 2978 τοιόνδε
1924 2914 2137 2980 σκόπει
2182 2914 2239 2979 εἴ
2277 2940 2365 2980 σοι
2406 2917 2573 2982 δοκεῖ
2607 2919 2851 2983 καλὸν
2897 2916 3077 2998 εἶναι,

690 3016 758 3083 οὗ
818 3022 922 3083 καὶ
973 3021 1144 3092 νυνδὴ
1197 3019 1642 3096 ἐπελαβόμεθα
1697 3020 1756 3082 ἐν
1805 3030 1881 3101 τῇ
1931 3021 2246 3098 ἀποκρίσει
2299 3069 2494 3088 .....
2504 3045 2517 3062 ·
2569 3026 2721 3089 αὐτὸ
2771 3025 2840 3100 δὴ
2891 3031 3072 3090 τοῦτο

689 3126 758 3190 τὸ
797 3125 1021 3205 πρέπον
1062 3129 1165 3190 καὶ
1206 3128 1314 3199 τὴν
1345 3125 1535 3204 Φύσιν
1575 3127 1763 3190 αὐτοῦ
1807 3131 1946 3189 τοῦ
1997 3126 2444 3206 πρέποντος
2496 3131 2707 3194 σκόπει
2750 3132 2802 3196 εἷ
2842 3136 3071 3196 τοῦτο

690 3231 1002 3312 τυγχάνει
1052 3231 1110 3320 ὃν
1159 3232 1241 3296 τὸ
1293 3230 1564 3296 καλόν.
1677 3305 1680 3309 ,

780 3336 870 3401 Ut
915 3339 981 3401 in
1029 3337 1152 3401 fine
1200 3342 1367 3402 recte
1412 3336 1480 3399 τὸ
1531 3335 1745 3413 καλόν,
1780 3337 2036 3418 pulchri
2080 3337 2268 3416 notio,
2317 3339 2508 3405 habet
2554 3343 2939 3422 articulum,
2990 3348 3085 3410 ita

636 3443 640 3446 ’
689 3441 858 3507 male
907 3464 978 3508 eo
1025 3449 1196 3508 earet
1238 3445 1308 3506 in
1354 3443 1598 3528 periodi
1646 3444 1853 3508 initio.
1904 3442 2242 3509 Praeterea
2291 3466 2444 3511 vero
2485 3449 2931 3533 interpolatori
2974 3453 3087 3515 tri·

690 3549 943 3614 buerim
1003 3549 1198 3614 verba
1257 3555 1362 3612 τοῦ
1428 3549 1762 3627 πρέποντος
1823 3550 1931 3628 (ef.
1980 3570 2173 3634 supra
2223 3549 2303 3615 ad
2352 3549 2683 3639 Gorgiam,
2732 3577 2793 3640 p.
2847 3555 3081 3638 51:313)

693 3658 757 3718 et
803 3675 1150 3739 pronomen
1197 3658 1396 3718 τοῦτο.

779 3859 854 3923 Ρ.
909 3856 1110 3923 30114]
1159 3862 1318 3922 extr.
1385 3867 1494 3922 111.
1545 3858 1630 3922 Τί
1677 3857 1923 3936 λέγεις,
1970 3855 2013 3923 ὦ
2064 3862 2422 3940 Σώκρατες;

781 3973 932 4029 ΣΩ.
981 3968 1190 4029 ταῦτα
1241 3961 1399 4045 άπερ
1449 3963 1654 4041 λέγω·
1706 3965 2033 4043 φοβοῦμαι
2081 3965 2205 4044 γάρ
2256 3970 2351 4049 [σε
2404 3966 2523 4033 del.
2568 3969 2923 4054 Heindorf]
2975 3995 3085 4035 σα-

689 4072 821 4148 φῶς
887 4069 1118 4149 λέγειν,
1182 4065 1272 4134 ὅτι
1311 4095 1413 4148 μοι
1465 4071 1912 4149 χαλεπαίνεις,
1966 4071 2215 4136 ἐπειδὰν
2266 4074 2324 4137 τὶ
2374 4072 2549 4155 δόξῃς
2590 4079 2795 4156 σαυτῷ
2845 4079 3079 4154 λέγειν.

778 4176 1085 4260 Requiro:
1135 4173 1224 4241 δ’τι
1273 4202 1376 4254 μοι
1424 4179 1845 4255 χαλεπαίνεις
1889 4179 2403 4258 <άντιλέγοντι>,
2457 4182 2703 4246 ε’πειδοὶν
2752 4184 2895 4248 κτὲ.·

775 4394 918 4472 ΙΟΝ,
979 4419 1040 4481 p.
1091 4395 1308 4464 5330.
1390 4406 1539 4462 ΣΩ.
1607 4398 1934 4478 Καὶ“ὅρῶ,
2005 4395 2045 4462 ὦ
2106 4399 2267 4478 Ἴων,
2338 4401 2439 4464 καὶ
2506 4399 2775 4481 ἔρχομαί
2838 4404 2917 4480 γε’
2986 4430 3077 4470 σοι

684 4501 1193 4583 άποφανούμενος
1241 4499 1277 4567 δ’
1318 4528 1420 4582 μοι
1473 4503 1637 4568 δοκεῖ
1680 4509 1861 4570 τοῦτο
1908 4500 2083 4570 εἶναι.
2136 4506 2265 4570 ἔστι
2315 4509 2443 4587 γάρ
2490 4513 2667 4573 τοῦτο
2718 4507 2911 4592 τέχνη
2960 4513 3077 4589 μὲν
