3392 5384
1398 405 1704 476 ransom.
2617 412 2651 477 1
2668 412 2744 477 15

358 591 573 657 fabula
632 590 897 677 palliata
957 596 1023 658 et
1082 595 1304 678 togata
1366 593 1661 677 componi
1706 591 1917 657 liceat.
1969 591 2164 657 Aliud
2213 596 2387 658 enim
2433 594 2707 680 pallium
2729 645 2744 674 ,

360 696 538 762 aliud
577 716 749 762 zona.
792 695 964 761 Illud
1003 699 1338 783 proprium
1378 695 1775 762 Graecorum
1815 699 2278 763 vestimentum
2319 706 2418 765 est
2456 703 2520 765 et
2560 707 2748 785 togae

362 802 687 868 Romanae
746 805 1116 888 oppositum
1178 803 1361 868 illam
1412 807 1661 869 vestem
1696 802 2083 889 peculiarem
2131 809 2422 870 actorum
2468 805 2709 870 indicat
2731 857 2747 884 ,

363 909 531 974 unde
591 909 917 974 comoedia
976 931 1210 974 nomen
1272 931 1464 974 suum
1525 908 1825 994 palliatae
1874 912 2091 974 traxit.
2140 908 2263 975 Sed
2310 933 2463 976 zona
2511 909 2754 976 Graeca

364 1015 585 1080 dubito
648 1037 806 1079 num
872 1015 1123 1080 diversa
1183 1017 1271 1079 sit
1331 1036 1368 1079 a
1430 1012 1691 1101 cingulo
1754 1015 2076 1093 Romano,
2141 1037 2346 1100 neque
2404 1017 2748 1104 intellege,

368 1142 491 1206 quo
538 1120 727 1185 modo
764 1128 1127 1203 personatus
1166 1123 1261 1184 ita
1297 1119 1714 1205 explicatum,
1757 1128 1831 1184 ut
1871 1119 2294 1187 Stowasserus
2331 1123 2504 1201 fecit,
2544 1144 2751 1210 genus

367 1226 694 1313 singulare
737 1226 992 1292 fabulae
1038 1227 1336 1292 denotare
1383 1229 1607 1311 possit.

462 1333 638 1399 Haec
683 1333 759 1398 de
806 1335 909 1412 vi,
952 1354 1148 1418 quam
1188 1335 1293 1399 vir
1332 1334 1743 1398 doctissimus
1781 1337 1858 1397 ut
1896 1335 2412 1417 antiquissimam
2447 1334 2755 1401 vocabulo

354 1443 716 1522 personatus
776 1441 1069 1505 subiecit.
1133 1440 1319 1506 Nunc
1365 1437 1583 1504 locum
1629 1439 1805 1504 Festi
1852 1451 1938 1523 (p.
1990 1436 2122 1505 217
2169 1440 2288 1520 M„
2338 1463 2400 1526 p.
2451 1441 2584 1507 268
2631 1441 2755 1507 Th.

368 1545 431 1612 d.
496 1545 599 1626 P.)
661 1546 1029 1625 videamus,
1079 1546 1249 1611 unde
1306 1567 1446 1612 eam
1506 1548 1642 1611 vim
1705 1542 1948 1614 elicuit.
2019 1545 2266 1611 Locum
2328 1547 2488 1612 dabo
2551 1546 2757 1613 isdem

366 1654 579 1719 verbis
640 1654 875 1738 quibus
936 1652 1396 1732 Stowasserus,
1461 1651 1934 1717 emendationes
1997 1653 2064 1716 in
2125 1655 2260 1718 ima
2303 1656 2539 1740 pagina
2585 1675 2758 1733 com,-

370 1780 765 1825 memorans:

642 1868 1023 1950 „personata
1091 1863 1309 1930 fabula
1380 1862 1691 1948 quaedam
1765 1861 1997 1929 Naevii
2056 1865 2446 1943 inscribitur,
2512 1865 2752 1950 quam”

644 1975 919 2055 „putant
980 1970 1244 2054 quidam
1306 1971 1595 2054 primum
1641 1968 1688 2050 ¹)
1754 1989 1790 2033 a
1852 1971 2205 2054 personatis
2266 1971 2754 2037 histrionibus.'’

650 2075 803 2154 „sed
862 2097 1012 2140 cum
1072 2081 1215 2160 post
1278 2072 1520 2140 multos
1584 2095 1781 2140 annos
1819 2073 1870 2155 2)
1941 2075 2231 2140 comoedi
2290 2081 2358 2140 et
2419 2077 2754 2163 tragoedi''

577 2233 586 2240 .
652 2184 976 2266 „personis
1016 2185 1117 2246 uti
1156 2187 1499 2267 coeperunt
1527 2179 1597 2258 3),
1639 2183 1776 2246 veri
1815 2180 2094 2245 similius
2132 2188 2229 2245 est
2268 2202 2410 2246 eam
2436 2182 2758 2248 fabulam''

648 2294 952 2378 „propter
1010 2289 1294 2371 inopiam
1349 2285 1798 2351 comoedorum
1847 2291 2056 2350 actam
2100 2307 2334 2351 novam
2383 2309 2495 2373 per
2541 2288 2757 2354 Atel-’⁹

648 2393 904 2472 ,‚lanos,
967 2371 1080 2477 qui
1142 2395 1394 2478 proprie
1444 2400 1752 2457 vocantur
1798 2395 2119 2476 personati
2147 2390 2220 2471 4),
2279 2396 2430 2478 quia
2473 2397 2576 2459 ius
2622 2395 2758 2460 est''

652 2502 776 2579 „iis
831 2521 956 2564 non
1004 2501 1148 2585 cogi
1194 2501 1259 2563 in
1311 2519 1532 2563 scaena
1578 2519 1810 2584 ponere
1855 2518 2225 2583 personam,
2274 2502 2440 2584 quod
2489 2500 2758 2566 ceteris''

651 2605 1111 2682 „histrionibus
1157 2607 1293 2689 pati
1340 2624 1592 2670 necesse
1638 2602 1800 2669 est.'’

466 2708 536 2775 Si
601 2711 755 2794 quid
818 2711 1037 2788 viden,
1103 2712 1169 2774 in
1230 2713 1439 2795 prima
1499 2710 1762 2794 periodo
1825 2731 1951 2774 non
1996 2711 2323 2797 iungenda
2369 2719 2518 2778 sunt
2563 2715 2758 2779 verba

368 2823 693 2898 personata
741 2816 1013 2900 fabula,
1078 2815 1187 2880 sed
1232 2821 1309 2880 ut
1354 2837 1702 2901 pronomen
1751 2819 2036 2900 quaedam
2083 2817 2300 2896 docet,
2332 2819 2572 2904 fabula
2620 2821 2764 2884 sub-

372 2925 614 2987 iectum
663 2928 727 2988 et
760 2929 1091 3005 personata
1139 2943 1285 3008 pars
1331 2922 1676 3006 praedicati
1723 2928 1840 2987 est.
1890 2923 2063 3009 Ergo
2115 2923 2444 2988 Per-sonata
2490 2947 2527 2990 a
2573 2925 2760 2992 Festo

374 3027 611 3094 titulus
657 3028 907 3094 fabulae
956 3029 1290 3093 cuiusdam
1332 3028 1694 3093 Naevianae
1735 3030 1931 3093 fuisse
1972 3030 2207 3094 dicit-ur
2241 3036 2306 3095 et
2342 3034 2586 3116 optimo
2626 3035 2765 3097 iure

377 3135 768 3201 Ribbeckius
814 3137 932 3200 hoc
972 3155 1209 3200 nomen
1250 3134 1580 3199 Per-sonata
1620 3136 1832 3207 verbis
1871 3134 2046 3200 Festi
2085 3141 2564 3221 superposuisse
2602 3139 2767 3202 mihi

378 3241 638 3307 videtur
681 3244 747 3305 in
794 3240 972 3305 illius
1018 3247 1239 3327 poetae
1286 3241 1682 3326 fragmentis.
1735 3239 1872 3304 Iam
1921 3242 2354 3324 quaerendum
2401 3249 2530 3319 est,
2573 3265 2766 3327 quare

376 3345 663 3412 Naevius
708 3348 829 3412 hoc
874 3369 1106 3412 nomen
1152 3345 1403 3410 fabulae
1450 3365 1601 3411 suae
1646 3346 1969 3410 indiderit.
2031 3345 2260 3434 Festus
2311 3353 2530 3428 aut-em
2585 3370 2768 3433 quos-

377 3453 527 3517 dam
588 3459 810 3538 putare
839 3486 844 3490 ·
874 3453 1031 3517 dicit
1090 3452 1376 3516 fabulam
1438 3455 1533 3516 ita
1594 3472 1729 3516 esse
1792 3453 2201 3538 inscriptam,
2263 3453 2430 3539 quod
2477 3457 2766 3539 primum

377 3580 414 3622 a
480 3558 915 3643 „personatis”
980 3559 1403 3622 histrionibus
1455 3563 1593 3622 acta
1641 3563 1825 3623 esset.
1876 3557 2013 3637 Qua
2063 3559 2484 3644 explicatione
2531 3564 2766 3628 reiecta

377 3663 554 3729 addit
616 3665 739 3728 sibi
795 3666 934 3730 veri
997 3663 1277 3728 similius
1342 3663 1545 3729 videri
1605 3685 1748 3729 eam
1802 3666 1897 3729 ita
1942 3664 2328 3751 appellatam
2375 3688 2545 3746 esse,
2597 3668 2766 3753 quod

452 3893 505 3957 1)
539 3893 656 3940 Post
680 3892 887 3956 primum
922 3891 1190 3940 Muellerus
1224 3894 1271 3940 et
1308 3890 1597 3941 Ribbeckius
1631 3892 1916 3942 addiderunt
1954 3896 2230 3950 <actam>.

446 3976 502 4039 2)
549 3974 685 4022 Inter
729 3990 879 4023 annos
926 3979 973 4023 et
1015 3975 1219 4023 comoedi
1270 3974 1538 4024 Muellerus
1582 3973 1789 4022 inserere
1823 3975 1951 4024 vult:
1995 3981 2148 4029 <acta
2184 3976 2248 4024 sit
2283 3983 2500 4040 quam>,
2535 3979 2615 4027 sed
2651 3979 2765 4029 haec

377 4057 653 4106 coniectura
695 4072 804 4106 cum
838 4057 941 4121 ipsa
974 4055 1176 4105 historia
1210 4055 1501 4114 litterarum,
1537 4071 1679 4120 quam
1716 4055 1906 4105 aliunde
1938 4057 2171 4116 novimus,
2207 4062 2404 4122 pugnat,
2439 4059 2499 4108 cf.
2535 4076 2578 4108 v.
2613 4061 2764 4125 ng„

380 4139 548 4188 Sesea.
584 4139 722 4189 Rom.
766 4155 812 4204 p.
849 4141 930 4188 34.

452 4221 506 4285 3)
552 4219 667 4270 Iure
700 4219 986 4270 Ribbeckius
1019 4221 1171 4283 (Com.
1208 4221 1347 4270 Rom.
1381 4220 1552 4284 fragm.
1586 4236 1633 4284 p.
1672 4218 1889 4282 17—18)
1921 4235 2009 4285 pro
2041 4225 2290 4284 coeperunt
2323 4221 2474 4270 edidit
2511 4224 2766 4288 coeperint,

381 4301 507 4352 nihil
542 4307 649 4367 post
683 4317 833 4352 annos
867 4303 1055 4351 addens.

445 4385 503 4449 4)
538 4385 786 4434 Postrema
823 4384 964 4434 verbs
997 4387 1127 4449 (post
1151 4385 1430 4448 personati)
1464 4383 1626 4433 omisit
1659 4385 1990 4443 Stowasserus,
2018 4398 2105 4446 ego
2133 4384 2312 4444 addidi,
2343 4402 2402 4434 ne
2431 4387 2538 4451 quis
2567 4393 2761 4454 putaret

378 4467 431 4516 in
476 4467 536 4514 iis
581 4467 727 4517 etlam
771 4467 951 4531 aliquid
997 4467 1162 4525 latere,
1197 4468 1324 4531 quod
1358 4468 1416 4516 ad
1450 4467 1603 4531 ipsam
1634 4467 1958 4530 quaestionem
1994 4466 2272 4531 pertineret.
2311 4470 2378 4517 De
2412 4485 2579 4519 eorum
2617 4488 2758 4524 sensu.

377 4547 498 4598 alibi
531 4548 607 4612 egi
641 4549 827 4613 (Scaea.
865 4549 1005 4598 Rom.
1039 4565 1086 4614 p.
1123 4549 1205 4608 23,
1240 4553 1403 4598 annot.
1442 4548 1514 4612 l).
