3392 5384
642 396 729 464 28.
1673 409 1988 460 nonnus.

732 578 988 645 Scholia
1035 578 1269 644 Donati
1314 577 1439 643 duo
1478 597 1515 642 a
1554 575 1992 662 Compilatore
2030 579 2247 641 iuncta
2286 597 2399 662 per
2437 581 2534 641 et.
2583 574 2662 640 D.
2704 577 3022 656 σχήματα

636 685 829 762 λόγου
894 690 958 749 et
1021 683 1291 755 διανοίας
1368 684 1538 748 nude
1614 689 1834 748 notare
1913 681 2093 748 solet.
2278 681 2380 747 IP
2443 685 2512 746 in
2576 682 2853 747 editione
2923 681 3027 747 ad-

637 793 898 874 scripsit
959 790 1081 854 hoc
1144 809 1372 853 suum:
1436 787 1532 869 (5)
1592 789 1713 853 Est
1774 787 2180 865 διαλογισμός
2248 786 2531 872 perditae
2593 789 2828 851 mentis
2882 791 3027 871 post

636 895 920 960 multam
958 896 1195 960 frustra
1235 896 1712 980 cogitationem.
1759 921 1768 934 ·
1809 891 2139 958 Donatum
2175 895 2436 957 imitans
2478 913 2543 956 se
2581 895 2740 957 novi
2783 891 3027 977 aliquid

640 1003 941 1087 praebere
987 1000 1257 1065 affectat.

731 1107 873 1171 Hoc
917 1109 1128 1193 igitur
1172 1105 1366 1170 schol.
1417 1104 1652 1170 Sabb.
1699 1107 1842 1170 iure
1889 1104 2067 1170 obelo
2112 1106 2401 1181 notavit,
2449 1106 2561 1187 qui
2606 1125 2735 1168 non
2773 1103 3029 1169 audien-

642 1212 762 1277 dus
824 1217 957 1288 est,
1019 1232 1167 1275 cum
1212 1210 1388 1275 idem
1435 1210 1626 1275 faciat
1671 1213 1742 1275 in
1787 1210 1904 1290 (3),
1955 1213 2137 1275 cuius
2184 1214 2404 1275 auctor
2449 1208 2748 1277 Donatus.
2783 1197 2924 1287 vel‘,
2971 1212 3028 1273 si

641 1316 1087 1382 Wessneru
1109 1337 1174 1379 m
1240 1318 1591 1399 sequimur,
1659 1315 1978 1380 Aemilius
2038 1316 2260 1399 Asper,
2323 1319 2538 1379 tamen
2596 1317 2833 1381 erravit
2881 1335 3030 1380 cum

647 1421 936 1506 „igitur”
984 1421 1049 1485 h.
1076 1420 1121 1484 l.
1168 1423 1699 1506 interpretaretur
1747 1420 2069 1485 deinde.

736 1526 915 1590 Idem
962 1525 1294 1590 damnavit
1332 1528 1527 1590 etiam
1563 1528 1681 1603 (6),
1722 1526 1837 1590 ubi
1877 1526 1956 1589 ad
1995 1526 2220 1590 verba:
2266 1524 2477 1604 „Quid
2514 1527 2722 1610 igitur
2759 1522 3033 1590 faciam?

641 1653 766 1696 non
830 1652 976 1696 eam
1035 1653 1112 1696 ne
1173 1652 1341 1695 nunc
1402 1632 1664 1715 quidem
1715 1679 1729 1694 .
1760 1682 1773 1698 .
1809 1629 1911 1695 .?”
1979 1631 2354 1696 adnotatur:
2417 1631 2558 1695 Hoc
2606 1631 2863 1696 videtur
2906 1653 3032 1696 non

641 1758 775 1803 esse
814 1739 1204 1801 contrarium
1227 1785 1241 1812 ‚
1285 1737 1391 1800 sed
1432 1743 1561 1814 est,
1604 1758 1754 1801 nam
1795 1737 2050 1801 dubitat
2089 1736 2248 1815 (scil.
2291 1740 2359 1800 in
2398 1738 2609 1802 verbis
2643 1758 2745 1821 ης.
2771 1740 2815 1801 i.
2841 1759 2908 1823 g.
2935 1735 3034 1816 f”)

643 1849 868 1906 utrum
930 1844 1283 1907 meretricis
1346 1842 1849 1907 satisfactionem
1917 1848 2277 1927 exspectet,
2339 1863 2420 1906 an
2481 1841 2642 1920 (scil.
2704 1845 2769 1906 in
2823 1842 3033 1907 verbis

650 1969 815 2024 „non
878 1945 1063 2011 eam''
1126 1969 1181 2012 8.
1208 1968 1267 2031 q.
1297 1955 1374 2026 8.)
1435 1947 1618 2012 illam
1683 1950 1944 2013 omnino
1991 1969 2116 2012 non
2164 1953 2444 2031 quaerat.
2629 1946 3032 2032 Quamquam

643 2052 798 2117 haec
858 2054 1303 2136 interpretatio
1351 2052 1738 2118 dubitationi
1783 2054 2058 2118 obnoxia
2106 2060 2238 2130 est,
2291 2059 2503 2118 tamen
2549 2054 2670 2118 hoc
2717 2051 3031 2117 scholium

648 2179 685 2222 a
733 2149 983 2223 Donato
1030 2157 1389 2223 abiudicare
1436 2179 1560 2222 non
1608 2161 1841 2225 ausim.

736 2263 962 2348 Itaque
1022 2264 1123 2327 IP
1168 2266 1234 2328 in
1285 2264 1631 2328 editionem
1676 2263 1920 2330 Donati
1966 2263 2210 2330 scholia
2255 2264 2472 2329 ordine
2517 2267 2756 2348 recepit
2799 2266 3037 2329 inserto

649 2367 780 2448 (5);
850 2367 1087 2434 scholia
1150 2367 1439 2449 (1)—(5)
1502 2377 1709 2455 agunt
1773 2370 1850 2435 de
1895 2371 2106 2454 priore
2153 2391 2374 2435 versus
2421 2375 2634 2454 parte,
2683 2369 2782 2450 (6)
2829 2374 2894 2434 et
2937 2367 3038 2447 (7)

647 2472 724 2537 de
771 2476 1137 2559 posteriore.
1188 2472 1587 2559 Gompilator
1633 2475 1812 2541 nulla
1861 2496 1977 2540 sua
2023 2496 2212 2559 opera
2257 2477 2410 2540 haec
2459 2475 2810 2539 transtulit.

738 2653 769 2716 I
822 2652 878 2718 1.
908 2652 948 2716 4
995 2653 1285 2718 Exclusit
1300 2675 1315 2731 ;
1368 2660 1629 2720 revocat
1644 2677 1659 2733 ;
1713 2654 2014 2722 redeam?
2059 2656 2236 2734 Non,
2287 2659 2342 2720 si
2385 2677 2492 2721 me
2542 2657 2823 2722 obsecret

734 2759 831 2838 (2)
878 2759 1061 2824 Vides
1100 2781 1251 2845 ergo
1292 2764 1687 2845 superiorem
1727 2769 1974 2845 partem
2013 2761 2432 2827 dubitationis
2470 2761 2630 2840 (scil.
2672 2762 2926 2828 redeam
2940 2759 3038 2842 ?'')

648 2866 717 2926 in
756 2885 828 2929 eo
865 2865 1092 2941 fuisse,
1133 2871 1209 2928 ut
1247 2871 1514 2950 rogatus
1552 2866 1820 2944 rediret,
1859 2868 2230 2932 inferiorem
2269 2867 2433 2948 (scil.
2477 2890 2677 2946 „non‚
2713 2890 2762 2932 s.
2789 2889 2877 2932 m.
2905 2867 3039 2949 o.'')

650 2974 725 3032 ut
771 2990 850 3032 ne
897 2975 1161 3054 rogatus
1207 2971 1490 3054 quidem.
1629 2971 1774 3036 Hoc
1820 2992 2071 3056 quoque
2116 2973 2347 3039 Sabb.
2387 2976 2714 3038 immerito
2755 2972 3037 3039 seclusit.

744 3071 903 3137 Ibid.
956 3074 995 3138 9
1046 3075 1284 3139 Actum
1332 3081 1461 3154 est,
1512 3074 1689 3141 ilicet
1711 3125 1726 3153 ,
1774 3079 1998 3162 peristi

738 3182 839 3260 (1)
889 3181 1169 3256 „Actum
1214 3181 1353 3245 est'’
1401 3180 1478 3246 de
1523 3184 1665 3246 iure
1712 3181 2136 3260 translatum,
2189 3182 2342 3261 „il.''
2393 3183 2468 3249 de
2505 3181 2773 3261 iudicio,
2817 3183 3037 3269 „pen”

646 3283 723 3348 de
790 3283 1125 3370 supplici0.
1310 3285 1414 3350 Sic
1477 3285 1555 3350 D.
1620 3286 1928 3372 Sequitur
1974 3287 2070 3368 (2)
2123 3288 2333 3365 ‚,act.’'
2383 3289 2461 3353 ad
2512 3288 2725 3365 „ultro
2769 3271 2851 3353 ad
2896 3308 3037 3352 eam

645 3390 907 3454 venies'’
973 3398 1094 3469 (vs.
1159 3389 1248 3470 8),
1313 3391 1591 3455 relatum
1653 3399 1787 3469 est,
1857 3393 2118 3470 „ilicet”
2169 3395 2250 3458 ad
2298 3394 2625 3469 „indicans
2671 3400 2734 3457 te
2780 3393 3038 3458 amare”

648 3498 769 3572 (vs.
818 3493 907 3572 8),
962 3494 1271 3580 „peristi”
1319 3496 1397 3559 ad
1443 3497 1645 3573 „ferre
1684 3519 1810 3562 non
1848 3499 2071 3582 posse'’
2109 3504 2231 3578 (vs.
2304 3498 2392 3578 9).
2463 3498 2603 3564 Hae
2641 3519 2852 3564 merae
2889 3507 3040 3564 sunt
3158 3547 3162 3550 «

647 3619 881 3683 nugae.
951 3600 1349 3665 Huiusmodi
1407 3601 1745 3667 relationes
1813 3605 1881 3667 in
1948 3603 2190 3668 deliciis
2247 3611 2397 3668 sunt
2444 3605 2566 3681 IP,
2615 3603 2784 3689 quod
2831 3603 3039 3668 multa

651 3703 947 3788 exempla
991 3704 1308 3770 docebunt
1338 3703 1407 3785 ι).
2767 3709 2831 3774 S.
2882 3731 2934 3774 8.

744 3807 840 3888 (3)
881 3809 1151 3885 „Ilicet”
1195 3831 1446 3895 semper
1487 3814 1556 3876 in
1596 3811 1720 3877 fine
1762 3815 1857 3878 rei
1894 3819 2246 3879 transactae
2272 3816 2552 3900 ponitur.
2690 3813 3040 3881 Adnotatio

648 3917 990 3980 temeraria
1036 3915 1304 4000 ideoque
1351 3915 1548 3994 falsa,
1599 3938 1760 4002 quae
1807 3922 2121 4004 repetitur
2159 3920 2290 3984 fere
2329 3921 2592 3984 Phorm.
2634 3918 2665 3983 I
2707 3918 2768 3985 4.
2798 3919 2885 3984 30
2909 3919 3039 3999 (4):

649 4019 917 4106 Semper
966 4022 1225 4098 „ilicet”
1277 4023 1491 4088 finem.
1515 4027 1609 4090 rei
1651 4025 2009 4110 significat,
2050 4033 2126 4091 ut
2169 4031 2428 4103 „actum
2469 4025 2629 4092 est”.
2678 4026 2805 4092 Ubi
2842 4028 3045 4111 sequi-

646 4130 754 4190 tur
802 4126 1125 4192 adnotatio
1172 4149 1323 4192 vera
1368 4135 1433 4193 et
1479 4129 1740 4215 elegans
1790 4130 2044 4195 Donati.
2777 4130 2843 4195 S.
2892 4153 2947 4196 8.

739 4231 898 4296 Ibid.
953 4231 1038 4296 10
1063 4232 1159 4310 (2)
1209 4234 1528 4310 „Eludere
1572 4236 1828 4319 proprie
1871 4234 2306 4321 gladiatorum
2347 4242 2478 4315 est,
2521 4240 2700 4319 [cum
2723 4238 3042 4318 vicerint}

720 4413 769 4470 1)
815 4411 948 4461 oum
993 4428 1049 4460 ex
1096 4413 1278 4462 Andria
1320 4414 1551 4479 quaedam
1596 4413 1771 4462 citavi:
1834 4414 1861 4462 1
1911 4415 1954 4462 5.
1975 4415 2041 4462 44
2061 4413 2151 4478 (1).
2188 4415 2360 4480 scm),
2406 4416 2583 4479 σομ).
2630 4418 2812 4466 Mnem.
2851 4383 3045 4466 xxxn

654 4509 700 4558 p.
738 4493 923 4556 232011.
