3392 5384
1423 434 1676 483 numus.
2615 414 2744 481 345

443 595 550 661 Vs.
603 594 731 663 117

632 704 885 785 Quirine
917 711 1100 786 pater
1145 727 1387 769 veneror
1431 706 1776 791 Horamque
1839 706 2085 789 Quirini

439 810 508 875 In
572 810 690 875 hoc
753 811 1114 897 fragmento
1178 811 1375 876 Ennii
1435 814 1499 876 in
1568 815 1829 877 nomine
1892 813 2069 878 Hora
2132 836 2163 877 0
2226 813 2623 898 producitur,
2671 816 2741 881 in

351 917 663 983 Ovidiano
693 917 741 999 ¹)
803 938 995 983 versu
1059 920 1416 1003 corripitur.
1479 918 1649 983 Fieri
1714 940 1840 984 11011
1906 925 2151 1005 potest,
2203 926 2277 983 ut
2326 922 2499 985 vocis
2551 920 2743 1007 bisyl-

348 1023 525 1090 labae
586 1026 760 1110 prior
819 1045 965 1109 pars
1026 1045 1186 1110 quae
1251 1029 1513 1089 accentu
1576 1025 1866 1110 praedita
1931 1027 2051 1103 sit,
2117 1046 2150 1090 e
2214 1024 2408 1112 longa
2470 1028 2539 1091 in
2609 1028 2749 1092 bre-

347 1152 496 1197 vem
557 1133 641 1195 sit
703 1150 910 1197 versa.
984 1130 1074 1195 Ut
1140 1130 1566 1217 discrepantia
1626 1152 1789 1218 quae
1849 1134 1917 1196 in
1983 1131 2103 1197 hac
2166 1153 2319 1197 voce
2366 1132 2538 1217 apud
2586 1131 2745 1197 duos

344 1242 562 1322 poetas
609 1242 738 1314 est,
787 1235 1167 1322 explicetur,
1219 1240 1421 1303 conici
1470 1242 1680 1323 potest
1728 1238 1850 1303 hoc
1901 1243 2192 1315 tantum,
2245 1237 2561 1325 syllabam
2609 1239 2745 1302 Hor

348 1345 693 1428 ancipitem
755 1343 972 1409 fuisse.
1035 1342 1159 1408 Sed
1221 1345 1370 1429 quia
1431 1349 1495 1409 et
1553 1342 1863 1411 Ovidium
1916 1345 2034 1409 hoc
2080 1343 2218 1409 loco
2266 1351 2562 1410 secutum
2611 1366 2745 1410 esse

350 1449 634 1514 Ennium
696 1456 989 1535 apparet,
1055 1455 1118 1515 et
1179 1470 1412 1515 nomen
1459 1450 1610 1515 deae
1659 1449 1874 1515 Horae
1925 1450 2144 1516 Ovidii
2193 1452 2593 1536 temporibus
2640 1472 2744 1516 ex-

350 1554 615 1621 olevisse
676 1550 1028 1621 verisimile
1096 1561 1225 1633 est,
1309 1578 1434 1641 quo
1506 1554 1761 1621 facilius
1833 1559 2030 1621 etiam
2099 1559 2169 1620 in
2239 1560 2380 1642 ipso
2452 1562 2741 1642 tempore

348 1664 576 1748 prioris
636 1660 925 1748 syllabae
972 1661 1180 1727 Ennio
1228 1661 1498 1728 Ovidius
1547 1665 1911 1739 accesserit,
1966 1663 2079 1728 has
2130 1663 2209 1727 ob
2255 1683 2477 1728 causas
2526 1666 2737 1749 magis

346 1790 695 1854 propensus
742 1789 921 1846 sum,
973 1775 1046 1834 ut
1087 1771 1155 1833 in
1194 1790 1388 1835 versu
1430 1774 1725 1834 truncato
1764 1771 2005 1834 vitium
2048 1790 2181 1835 esse
2219 1772 2503 1855 suspicer
2543 1789 2736 1855 quam

345 1881 693 1961 utrumque
763 1880 1021 1960 poetam
1090 1876 1208 1940 hoc
1273 1874 1662 1941 vocabulum
1726 1876 1974 1940 diverse
2034 1878 2427 1941 tractavisse.
2493 1875 2738 1941 Eadem

346 1982 473 2048 fuit
517 1984 830 2047 sententia
875 1981 947 2046 L.
997 1980 1330 2060 Muelleri,
1382 1984 1492 2067 qui
1540 1984 1974 2048 coniecturam
2016 1979 2401 2061 Columnae,
2444 1984 2514 2046 111
2555 1984 2742 2048 initio

349 2095 515 2174 teque
561 2088 882 2167 addentis,
933 2087 1268 2174 amplexus
1315 2110 1575 2155 versum
1622 2089 1795 2153 hunc
1841 2092 1909 2153 in
1956 2089 2222 2153 modum
2274 2088 2607 2174 supplevit

626 2195 834 2281 Teque,
890 2195 1140 2277 Quirine
1170 2202 1374 2277 pater,
1423 2217 1669 2259 veneror
1718 2196 1859 2259 bene
1904 2196 2245 2281 Horamque
2297 2195 2563 2277 Quirini.

346 2264 470 2367 sed
531 2300 696 2366 illud
759 2302 897 2365 bene
959 2304 1238 2366 otiosum
1303 2301 1815 2366 additamentum
1879 2308 1994 2367 est.
2070 2300 2447 2387 Suspicatus
2492 2303 2738 2386 igitur,

346 2410 514 2475 sicut
574 2406 842 2473 Ovidius
906 2408 1063 2473 dicit
1122 2407 1369 2473 Horam
1418 2407 1686 2472 deorum
1736 2410 1803 2472 in
1850 2429 2195 2473 numerum
2246 2428 2379 2473 esse
2429 2405 2735 2485 relatam,

346 2515 629 2580 Ennium
694 2514 962 2592 dixisse,
1026 2515 1318 2580 homines
1380 2514 1625 2579 Horam
1688 2516 1965 2600 coepisse
2029 2516 2357 2592 venerari,
2410 2511 2567 2579 olim
2614 2514 2735 2578 hoc

345 2625 658 2707 scriptum
704 2622 899 2688 fuisse
947 2621 1325 2687 crediderim

1637 2730 1831 2793 vener’
1883 2751 2160 2814 oramque
2213 2728 2460 2811 Quirini

341 2841 417 2901 ut
462 2834 710 2922 syllaba
757 2858 824 2900 or
868 2837 966 2901 bis
1014 2837 1091 2901 ab
1145 2834 1361 2921 aliquo
1407 2835 1671 2900 librario
1721 2838 1957 2921 scripta
2002 2836 2217 2900 fuerit.
2271 2836 2546 2921 Accepta
2586 2855 2736 2907 con-

340 2944 586 3008 iectura
632 2939 983 3008 Columnae
1030 2942 1190 3007 hanc
1238 2944 1446 3029 igitur
1490 2963 1714 3008 versus
1763 2942 2039 3006 formam
2085 2943 2526 3027 proposuerim

620 3044 935 3135 (Teque),
994 3049 1248 3130 Quirine
1281 3056 1485 3131 pater,
1535 3056 1897 3113 venerantur
1944 3049 2289 3133 Horamque
2343 3046 2607 3131 Quirini.

444 3292 545 3358 Vs.
595 3292 728 3359 202
755 3314 846 3378 sq.

622 3400 748 3480 Quo
796 3398 961 3489 vobis
1007 3406 1241 3477 mente-3,
1293 3406 1487 3463 rectae
1533 3421 1685 3484 quae
1728 3406 1891 3464 stare
1940 3399 2211 3463 solebant

613 3508 668 3569 A
675 3506 905 3584 ntehac,
956 3506 1249 3569 dementes
1295 3528 1417 3569 sese
1447 3507 1678 3588 flexere
1724 3505 1871 3570 viai.

431 3610 535 3677 Sic
597 3632 818 3676 omnes
885 3614 1265 3677 recentiores
1328 3612 1600 3677 editores
1663 3611 1909 3677 Vahlen
1934 3659 1951 3690 ,
2013 3609 2278 3691 Miiller,
2345 3610 2728 3698 Valmaggi,

339 3722 588 3803 recepta
635 3698 937 3783 Lambini
986 3721 1368 3784 coniectura.
1417 3715 1911 3784 Concedendum
1959 3723 2089 3796 est,
2130 3721 2556 3783 mutationem
2600 3739 2735 3783 esse

338 3824 775 3901 levissimam,
811 3824 1101 3889 'formam
1149 3825 1506 3890 archaicam
1553 3824 1738 3890 facile
1787 3828 2113 3911 corrumpi
2154 3827 2472 3911 potuisse;
2520 3828 2737 3909 itaque

341 3933 453 3996 vix
519 3932 860 4016 quisquam
908 3934 1159 4015 praeter
1206 3931 1633 3996 Bahrensium
1678 3932 1756 3996 de
1804 3935 2163 3997 coniectura
2211 3931 2511 3996 Lambini
2559 3931 2740 3997 dubi-

339 4038 528 4103 tavit.
570 4035 694 4102 Sed
735 4043 1030 4103 accurata
1069 4036 1492 4123 explicatione
1529 4037 1657 4104 loci
1697 4038 2018 4103 emendati
2060 4038 2583 4123 supersederunt,
2618 4040 2741 4102 nisi

399 4328 455 4393 1)
501 4329 593 4378 Ov.
629 4329 756 4378 Met.
791 4326 904 4376 XIV
943 4329 1040 4377 849
1060 4343 1160 4391 sqq.

741 4410 867 4459 hreno
900 4409 1113 4459 manibus
1145 4409 1289 4465 noti-5,
1307 4410 1549 4458 Romanae
1584 4408 1807 4458 eonditor
1842 4408 1971 4458 urbis

735 4492 912 4556 excipit
946 4497 995 4542 et
1019 4492 1232 4556 priscum
1256 4490 1454 4556 pariter
1487 4507 1590 4541 eum
1624 4507 1816 4555 corpore
1848 4507 2011 4541 nomen

731 4579 892 4626 mutat
921 4575 1192 4639 Horamque
1222 4580 1360 4625 vocat
1389 4590 1510 4639 quae
1543 4590 1673 4625 nunc
1708 4576 1796 4626 dea
1832 4574 2001 4625 iuncta
2041 4573 2237 4631 Quirino
2270 4578 2358 4625 est.
