3392 5384
635 383 768 449 344
1687 400 1941 453 numus.

719 567 794 633 In
857 569 1066 653 priore
1131 588 1321 635 versu
1383 566 1640 633 nullum
1702 568 2130 653 corruptionis
2207 568 2560 654 vestigium
2580 616 2597 647 ,
2668 568 3030 635 emendatio

628 675 838 760 igitur
881 676 948 738 in
995 677 1341 760 posteriore
1390 673 1767 760 quaerenda.

723 780 1120 847 Vocabulum
1167 781 1292 846 nisi
1337 786 1556 847 autem
1603 780 1776 867 apud
1822 782 2063 866 priscos
2110 782 2451 866 scriptores
2498 783 2751 867 saepius
2789 783 2881 847 ita
2920 781 3027 847 ad-

627 888 906 967 hibetur,
973 895 1049 954 ut
1107 911 1232 956 non
1278 889 1713 955 condicionem
1762 888 1996 974 prioris
2044 889 2364 953 enuntiati
2410 888 2753 975 adiungat,
2804 887 2914 955 sed
2958 887 3025 953 id

629 995 818 1061 modo
863 997 1067 1060 artius
1113 995 1393 1061 definiat.
1441 993 1547 1059 Sic
1592 993 1764 1079 apud
1812 992 2188 1061 Terentium
2234 999 2380 1080 post
2425 994 2641 1059 nescio·

718 1100 916 1166 Andr.
959 1100 1091 1167 663
1138 1120 1231 1186 sq.
2392 1099 2611 1164 Nescio

653 1220 674 1253 Ι
989 1206 1138 1271 Nisi
1181 1202 1266 1271 mi
1309 1208 1445 1271 deos
1476 1205 1690 1291 fuisse
1737 1206 1926 1270 iratos
1944 1253 1961 1284 ,
2011 1205 2118 1291 qui
2162 1206 2645 1271 auscultaverint.

627 1334 752 1400 quo
799 1313 992 1380 modo
1039 1312 1547 1401 intellegendum
1595 1315 1720 1391 sit,
1770 1312 2050 1379 ostendit
2095 1311 2422 1399 glossema
2469 1314 2625 1377 cabis
2668 1313 2809 1378 scic.

721 1420 983 1485 Phorm.
1033 1419 1166 1485 952
1191 1440 1285 1505 sq.
1862 1501 1869 1506 .
2402 1420 2655 1499 Nesci03

987 1525 1134 1590 Nisi
1177 1522 1273 1590 me'
1308 1524 1537 1591 dixisse
1575 1525 1801 1589 nemini
1848 1531 2006 1589 certo
2052 1524 2201 1592 acio·

719 1632 805 1699 ib.
859 1630 989 1699 474
1025 1654 1116 1718 sq.

991 1739 1152 1805 Num
1211 1736 1363 1825 qaid
1409 1737 1585 1825 pabri
1645 1738 1925 1803 subolet?
1988 1744 2035 1815 †
2084 1738 2205 1801 Nil
2251 1739 2448 1804 etiam.
2516 1744 2563 1815 †
2609 1736 2848 1823 Ecquid
2892 1736 3030 1821 spei

2083 1846 2383 1928 porro-st?
2428 1851 2475 1922 †
2522 1844 2760 1909 Nescio·
2809 1850 2856 1921 †
2901 1845 3026 1909 Ab.
3073 1834 3078 1839 ⁸

900 1957 947 2028 †
992 1951 1141 2015 Nisi
1186 1948 1473 2015 Phaedria
1517 1952 1688 2015 haud
1733 1949 1985 2015 cessavit
2017 1973 2138 2034 pro
2186 1956 2247 2015 te
2292 1950 2463 2017 eniti.

718 2055 1036 2123 Similiter
1078 2059 1148 2122 in
1192 2057 1414 2123 Sticho
1463 2055 1681 2123 Plauti
1731 2078 1823 2123 vs.
1877 2056 2010 2122 266
2038 2078 2172 2144 sqq.

988 2159 1266 2230 Demiror
1310 2163 1459 2249 quid
1499 2164 1681 2228 illaec
1728 2186 1816 2228 me
1863 2166 1947 2230 ad
1987 2186 2050 2228 se
2094 2164 2318 2229 arcessi
2360 2163 2627 2241 iusserit,

997 2273 1162 2352 Quae
1206 2272 1522 2357 nu'mquam
1567 2272 1747 2335 iussit
1792 2294 1881 2335 me
1927 2272 2010 2334 ad
2051 2293 2113 2335 se
2159 2272 2383 2335 arcessi
2428 2278 2567 2336 ante
2607 2272 2764 2335 bunc
2798 2270 2971 2349 diem,

991 2378 1319 2463 Postqudm
1365 2378 1462 2441 vir
1509 2378 1662 2443 abiit
1709 2377 1858 2446 eius.
1908 2377 2093 2442 miror
2142 2378 2294 2463 quid
2339 2377 2454 2442 siet
2470 2402 2489 2440 .-

992 2484 1139 2548 Nisi
1183 2482 1249 2549 u't
1281 2484 1585 2568 perichcm
1613 2487 1763 2569 flat,
1812 2483 1999 2551 visam
2044 2484 2197 2570 quid
2237 2483 2405 2548 velit.

718 2589 1054 2656 Postremo
1117 2589 1256 2656 loco
1315 2590 1441 2654 uici
1505 2591 1630 2655 fere
1691 2590 1866 2655 idem
1928 2590 2101 2657 valet
2163 2590 2335 2675 quod
2382 2594 2554 2668 certe,
2602 2590 2771 2654 sicut
2817 2588 3027 2654 editor

625 2696 1145 2785 Francogallicus
1193 2698 1507 2777 (Benoist)
1553 2700 2016 2782 interpretatur
2066 2696 2476 2775 „toutefois''.

717 2802 1016 2868 Similem
1054 2806 1189 2869 vim
1226 2808 1445 2868 nostro
1484 2800 1624 2867 loco
1665 2802 1957 2868 Enniano
2000 2804 2066 2866 in
2102 2824 2259 2869 voce
2298 2802 2423 2866 nisi
2463 2804 2667 2868 inesse
2700 2802 3021 2886 suspicor:

624 2930 786 2973 nemo
853 2909 1094 2991 impune
1163 2909 1320 2973 idem
1375 2909 1604 2993 faciet,
1679 2914 1837 2972 certe
1908 2915 1975 2971 tu
2040 2908 2334 2991 sanquine
2404 2915 2506 2971 tuo
2565 2929 2797 2990 poenas
2870 2906 3022 2973 lues·

625 3011 794 3081 Cum
855 3014 1239 3101 significatio
1301 3016 1670 3079 inusitatior
1734 3016 1909 3080 vocis
1969 3014 2094 3078 nisi
2156 3014 2467 3093 efficeret,
2532 3019 2608 3079 ut
2667 3013 2845 3079 locus
2891 3034 3022 3078 non

622 3119 1116 3207 intelligeretur,
1181 3118 1436 3187 facilius
1476 3120 1617 3186 ideo
1665 3120 2001 3206 depravari
2047 3122 2277 3207 potuit.
2326 3120 2553 3186 Restat
2598 3125 2855 3185 tantum
2874 3168 2892 3199 ,
2939 3126 3019 3185 ut

623 3244 762 3291 nam
807 3230 1208 3315 corrigamus
1254 3230 1324 3292 in
1369 3229 1508 3306 iam,
1558 3226 1778 3293 littera
1824 3246 1869 3294 v
1916 3230 2090 3294 vocis
2130 3246 2214 3294 ’Ν
2251 3228 2350 3293 bis
2387 3230 2624 3313 scripta
2662 3228 2790 3293 fuit
2826 3247 3017 3293 causa

625 3356 740 3401 cur
785 3356 896 3421 pro
943 3352 1147 3400 ’ΝΙΔΜ
1193 3333 1522 3422 legeretur
1567 3352 1812 3400 TVNAM.

715 3441 915 3508 Totus
958 3442 1139 3508 locus
1188 3444 1278 3507 sic
1327 3440 1741 3527 explicandus
1790 3441 2081 3507 videtur:

717 3547 904 3612 Nemo
955 3548 1233 3630 superbia
1281 3549 1577 3611 adductus
1624 3547 1974 3629 (animatus)
2020 3549 2128 3612 hoc
2172 3546 2415 3631 impune
2447 3547 2693 3634 faciet.-
2744 3553 2900 3612 certe
2945 3553 3013 3611 tu

623 3678 782 3719 nune
828 3654 950 3719 iam
999 3661 1099 3718 tuo
1140 3654 1434 3735 sanquine
1466 3675 1695 3736 poenas
1744 3654 1935 3718 dabis.

713 3760 857 3827 Una
903 3781 1002 3826 res
1027 3781 1211 3847 *quae
1258 3760 1410 3825 huic
1457 3759 1889 3825 emendationi
1936 3761 2229 3826 resistere
2277 3759 2537 3826 videtur
2583 3782 2709 3826 non
2746 3761 3012 3827 tacenda

623 3872 738 3933 est.
809 3867 882 3931 In
931 3865 1226 3945 scholiis,
1275 3865 1564 3932 Danielis
1611 3887 1774 3953 quae
1821 3867 2137 3944 feruntur,
2187 3866 2265 3931 ad
2306 3865 2673 3953 Vergilium
2719 3870 3010 3952 scriptis,

623 3975 777 4039 haec
825 3977 976 4038 sunt
1022 3978 1307 4038 servata:
1357 3974 1516 4039 ΝΛΜ
1560 3972 1642 4035 mi
1687 3972 1887 4037 calido
1936 3975 2047 4037 das
2092 3973 2385 4056 sanquine
2410 3996 2660 4055 poenas.
2708 3972 2834 4039 Sed
2873 3990 3013 4039 con-

620 4082 898 4157 iectura,
962 4099 1125 4163 quae
1185 4079 1331 4145 inde
1396 4078 1842 4164 proficiscitur,
1906 4085 1981 4144 ut
2025 4078 2205 4144 locus
2251 4084 2588 4165 corruptus
2634 4077 3011 4145 maiusculis

619 4183 858 4249 litteris
921 4185 1116 4249 fuerit
1177 4187 1490 4270 scriptus,
1554 4185 1622 4250 id
1669 4192 1769 4251 est
1814 4191 1892 4250 ut
1941 4188 2179 4251 vitium
2229 4188 2360 4250 iam
2409 4188 2671 4272 antiquo
2719 4190 3009 4272 tempore

623 4296 842 4361 ortum
887 4293 1002 4375 sit,
1049 4291 1169 4358 hac
1216 4292 1477 4386 quidem
1524 4313 1592 4361 re
1637 4314 1763 4364 non
1802 4292 2013 4363 multo
2052 4292 2540 4384 improbabilior
2577 4291 2671 4360 fit.
