3392 5384
631 399 766 468 268
1672 419 1965 468 monus.

645 639 652 646 .
731 583 884 663 131,
914 583 1020 650 19.
1071 622 1156 634 —
1206 585 1586 663 ἀνελεύθερον
1633 590 1865 663 σῶμα
1912 585 2171 651 affertur
2216 606 2295 651 ex
2342 585 2744 654 Pherecrate.
2798 587 3025 654 Nonne

633 689 953 768 στόμαῗ
1003 690 1289 773 (Naber).
1339 690 1436 759 Of.
1485 711 1681 777 supra
1727 712 1875 778 pag.
1926 690 2057 757 259
2105 691 2186 758 ad
2232 691 2339 773 62,
2365 692 2429 758 2.

725 908 968 991 132‚7.
1019 949 1104 961 —
1156 910 1715 984 ἀνελπίστως·
1785 911 1854 976 τὸ
1919 911 2381 992 ἀπροσδοκήτως
2446 913 2506 977 ἕν
2566 914 2653 994 τῷ
2702 913 2837 992 περὶ
2886 939 3027 979 στε-

633 1015 838 1097 Φάνου
889 1017 1278 1095 Δημοσθένης
1298 1016 1399 1099 (Y).

725 1122 984 1191 Confert
1029 1123 1463 1190 Reitzenstein
1502 1123 1741 1190 Anecd.
1783 1124 1990 1190 Bekk.
2035 1146 2097 1210 p.
2126 1121 2279 1204 397,
2312 1123 2430 1204 183
2474 1127 2672 1191 etiam
2709 1147 2772 1212 p.
2798 1125 2907 1205 80,
2939 1125 3021 1192 16

630 1231 853 1298 eadem
899 1231 1213 1317 leguntur
1257 1230 1542 1312 (Naber).

729 1451 882 1529 133,
913 1453 1016 1518 10.
1068 1489 1153 1502 -—
1214 1452 1626 1528 ἀνεπίκλητος
1672 1450 1777 1516 καὶ
1828 1451 2403 1528 οὲνεπικλήτως
2451 1453 2615 1532 Φασὶ
2667 1452 2770 1518 καὶ
2819 1453 3029 1518 ἀνεπι-

637 1561 1019 1639 κλητότερον.
2744 1547 2755 1560 ’

724 1666 942 1733 Multo
989 1667 1242 1733 uberior
1288 1671 1385 1740 est
1430 1666 1584 1731 haec
1631 1663 1848 1751 glossa
1893 1666 1961 1728 in
2010 1664 2245 1730 Anecd.
2293 1664 2500 1732 Bekk.
2551 1665 2705 1745 400,
2732 1665 3024 1733 23—29.

629 1773 853 1840 Errori
913 1780 1133 1840 autem
1193 1772 1409 1838 deberi
1456 1771 1719 1839 videtur
1764 1772 2187 1846 ἄνεπικλήτως
2240 1771 2441 1839 Thuc.
2494 1772 2525 1838 I
2577 1772 2684 1851 92,
2732 1773 2845 1838 ubi
2890 1774 3030 1838 οὶνε-

633 1881 1062 1954 πιλήπτως
1113 1881 1338 1966 reponi
1381 1881 1713 1944 iusserunt
1760 1876 1982 1944 Ulrich
2025 1883 2090 1943 et
2132 1876 2331 1945 Cobet
2369 1878 2533 1946 Nov.
2575 1879 2752 1946 Lect.
2789 1903 2851 1966 p.
2895 1878 3027 1948 527

636 1986 780 2052 coll.
822 1987 986 2052 Xen.
1026 1986 1230 2051 Anab.
1275 1984 1393 2051 VII
1437 1984 1477 2050 6
1519 1983 1688 2070 557.

730 2205 881 2286 135,
913 2205 996 2271 18
1041 2231 1122 2258 --·-
1167 2204 1405 2271 Anecd.
1470 2203 1672 2270 Bekk.
1740 2202 1893 2282 399,
1932 2200 2013 2270 1¹7
2060 2236 2141 2262 =
2205 2203 2383 2270 Suid.
2447 2233 2529 2259 =
2587 2205 2873 2292 Hesych.
2938 2242 3025 2256 -

637 2315 680 2378 ὦ
698 2338 726 2377 ν
745 2338 772 2377 ε
787 2338 839 2394 χ
857 2336 886 2392 ρ
907 2313 941 2387 ή
960 2337 996 2376 σ
1013 2337 1057 2378 οο
1073 2337 1102 2376 ν
1121 2336 1158 2375 τ
1174 2336 1201 2378 ο
1223 2332 1236 2349 ·
1285 2312 1651 2391 διέφθειραν.
1704 2309 1888 2384 οὕτως
1941 2310 2308 2385 Θουκυδίδης
2324 2309 2425 2393 (ἵ).

728 2418 836 2486 Sic
897 2420 1346 2486 Reitzenstein.
1396 2418 1794 2504 Thucydidis
1842 2421 1955 2504 qui
2000 2424 2323 2504 spectatur
2368 2417 2587 2484 locum
2634 2440 2768 2485 esse
2815 2418 2846 2485 I
2897 2420 3029 2486 126

637 2526 808 2612 §IL
868 2527 983 2592 ubi
1042 2546 1210 2591 nunc
1272 2526 1744 2605 ἀπεχρήσαντο
1794 2530 1907 2591 aut
1954 2524 2403 2605 διεχρήσαντο
2452 2524 2719 2611 legitur,
2768 2532 3032 2593 annotat

637 2631 697 2699 Ν
701 2634 870 2699 aber.

656 2890 663 2897 .
734 2837 884 2917 141,
927 2837 1033 2904 19.
1086 2873 1172 2886 -
1221 2837 1275 2902 Ε
1322 2837 1679 2923 Phrynichi
1734 2837 2219 2901 Comissatoribue
2259 2858 2502 2905 novum
2554 2837 2814 2903 affertur
2859 2839 3033 2925 frag·-

639 2949 969 3010 mentum:
1023 2947 1211 3022 ἡμῖν
1260 2943 1310 3008 δ’
1355 2942 1567 3008 ἀνίει
1621 2941 1846 3025 δεῦρο
1896 2943 1987 3007 σὺ
2037 2945 2369 3021 τάγαθὰ
2412 2952 2537 3017 τοῖς
2579 2943 2746 3019 τήνδ’
2788 2943 3032 3027 ἔχουσιν

638 3053 748 3124 τὴν
812 3050 988 3116 πόλιν
1051 3047 1225 3121 ἵλεως
1299 3055 1470 3135 (post
1534 3050 1769 3127 τάγάθ’
1834 3049 2277 3117 collocandum
2344 3073 2479 3118 esse
2538 3047 2753 3129 ἵλεως,
2820 3051 3030 3119 deleto

636 3157 903 3223 fortasse
949 3159 1062 3235 σύ,
1111 3156 1477 3223 observavit
1523 3156 2053 3238 vWilamowitz).

729 3262 910 3344 Quod
972 3264 1414 3351 fragmentum
1478 3262 1630 3330 licet
1676 3266 1950 3329 minime
1994 3266 2081 3329 sit
2130 3263 2596 3350 spernendum,
2644 3286 2769 3331 non
2814 3268 3031 3330 temen

638 3372 803 3435 tanti
864 3376 963 3436 est
1008 3373 1202 3455 pretii
1251 3373 1474 3455 quanti
1522 3374 1711 3455 putat
1757 3370 2223 3448 Reitzenstein,
2272 3373 2385 3456 qui
2435 3373 2503 3436 in
2551 3370 3033 3458 Prolegomenis

637 3478 791 3544 haec
841 3477 917 3542 de
964 3499 1038 3543 eo
1085 3479 1342 3563 scripsit
1386 3499 1450 3562 p.
1499 3495 1651 3542 m:
1706 3477 1835 3555 „Es
1886 3479 1971 3542 ist
2021 3478 2319 3564 wichtig‚
2369 3477 2513 3543 dass
2547 3478 2658 3543 der
2698 3477 3035 3544 Gramma·

641 3583 854 3663 „tiker
924 3583 1106 3648 dabei
1169 3566 1471 3669 bezeugt‚
1547 3582 1689 3648 dass
1754 3583 1856 3649 die
1921 3583 2455 3670 Eingangsworte
2517 3584 2663 3649 dem
2728 3583 3030 3649 iiblichen

645 3688 896 3768 „Gebet
962 3709 1042 3753 an
1113 3689 1214 3754 die
1275 3689 1737 3756 Verstorbenen
1808 3689 2221 3776 entsprechen
2241 3711 2257 3768 ;
2332 3690 2676 3777 Aischylos
2745 3689 3029 3776 Ohosph.

645 3795 816 3874 „141
863 3792 1051 3876 (14¹7)
1103 3797 1250 3882 gibt
1303 3795 1406 3860 die
1459 3795 1898 3884 Besttitigung·
1934 3797 2152 3862 in-der
2191 3797 2631 3883 pathetischen
2672 3796 3037 3863 Umschrei-

645 3902 866 3987 „hung
915 3903 1057 3978 ἡμῖν
1104 3902 1166 3966 δὲ
1215 3902 1460 3978 πομπὸς
1510 3900 1624 3967 ἴσθι
1675 3909 1793 3967 τῶν
1840 3905 2062 3967 ἐσθλῶν
2103 3900 2291 3969 ἄνω.”

731 4005 904 4086 Quae
965 4029 1115 4075 vera
1161 4013 1314 4072 sunt
1361 4029 1547 4086 sane,
1599 4008 1711 4074 sed
1755 4030 1881 4074 non
1930 4029 2127 4088 ncva3
2176 4029 2325 4074 nam
2372 4008 2810 4092 Aristophanes
2855 4009 3032 4076 idem

647 4119 922 4179 testatur
963 4115 1067 4193 (fr.
1114 4112 1372 4194 488¹⁴):

914 4203 1227 4297 αἶτούμεθ’
1276 4221 1501 4291 αὐτοὺς
1552 4221 1755 4297 δεῦρ’
1806 4221 2130 4286 ἀνεῖναι
2178 4221 2533 4299 τοὲγοιθά.

642 4325 774 4391 Nec
821 4349 945 4393 non
994 4331 1295 4412 concepta
1333 4326 1447 4393 illa
1481 4348 1745 4413 precum
1782 4327 2155 4394 funebrium
2195 4329 2387 4394 verba
2426 4334 2672 4416 spectat
2709 4328 3035 4417 Dionysus

644 4436 709 4498 in
757 4433 990 4512 Ranis,
1040 4455 1186 4498 cum
1239 4433 1638 4520 Aeschylum
1687 4436 1778 4499 sic
1826 4432 2179 4520 alloquitur
2223 4439 2345 4515 (vs.
2400 4434 2638 4515 1462):

915 4542 1003 4618 μὴ
1051 4538 1206 4616 δῆτοο
1256 4539 1334 4604 σύ
1383 4542 1470 4620 γ’,
1512 4541 1661 4605 ἀλλ’
1712 4540 2003 4606 ἐνθένδ’
2054 4541 2265 4607 iulet
2316 4541 2666 4622 τάγαθά.
