3392 5384
1350 401 1725 453 amomon
2591 381 2719 452 145

432 568 595 636 Ibid.
642 591 703 655 p.
757 567 839 634 16
858 570 935 634 A.
1003 569 1355 654 Postquam
1400 568 1787 654 Euthyphro
1836 566 2001 632 dixit
2046 587 2111 632 se
2155 568 2328 633 abire
2373 567 2573 646 velle,
2623 591 2726 634 ex·
2811 565 2832 584 ⁸

343 675 581 740 clamat
627 674 951 740 Socrates:
1002 670 1099 739 οἷα
1148 682 1341 746 ποιεῖς
1388 673 1429 739 ὦ
1481 675 1717 754 ἑταῖρε·
1768 674 1884 736 ἀπ’
1934 673 2176 745 ἐλπίδος
2213 699 2296 750 με
2338 675 2726 751 καταβαλὼν

346 780 639 858 μεγάλης
702 781 966 861 άπέρχει
1031 771 1097 853 ἣν
1160 775 1351 862 εἶχον,
1418 781 1491 848 ὡς
1561 779 1732 858 παρὰ
1781 782 1886 842 σοῦ
1929 779 2137 854 μαθὼν
2182 780 2266 843 τά
2315 804 2383 844 τε
2431 777 2570 844 ὅσια
2621 781 2724 846 καὶ

346 885 485 966 (τὰ)
533 888 620 962 μῆ
664 887 766 949 καὶ
810 894 921 960 τῆς
963 885 1109 966 πρὸς
1147 885 1437 959 Μέλητον
1474 891 1730 964 γραφῆς
1771 883 2270 963 ἀπαλλάξομαι,
2313 883 2730 962 ἐνδειξάμενος

348 990 553 1069 ἐκείνῳ
601 986 692 1054 ὅτι
740 991 932 1071 σοφὸς
986 989 1091 1066 ἤδη
1142 992 1222 1057 τά
1276 992 1405 1054 θεῖα
1456 991 1711 1068 γέγονα.
1769 988 2008 1068 Quodsi
2050 989 2440 1076 Euthyphro
2488 991 2734 1057 Socrati

350 1097 714 1163 satisfacere
760 1099 1111 1182 potuisset,
1158 1100 1215 1162 is
1263 1075 1563 1162 dixisset:
1614 1097 1822 1172 μαθὼν
1867 1097 1952 1159 τά
2001 1120 2071 1160 τε
2117 1093 2257 1160 ὅσια
2303 1100 2407 1162 καὶ
2458 1099 2597 1178 (τὰ)
2644 1099 2732 1174 μὴ

352 1204 456 1268 καὶ
524 1212 635 1278 τῆς
697 1204 843 1283 πρὸς
905 1203 1193 1278 Μέλητον
1244 1209 1497 1282 γραφῆς
1548 1203 2020 1281 ἀπήλλαγμαι,
2075 1204 2120 1266 i.
2146 1223 2200 1267 e.
2247 1225 2404 1266 nunc
2451 1203 2736 1268 liberatus

351 1333 513 1388 sum,
576 1331 704 1374 non
766 1310 1031 1374 dixisset
1080 1310 1583 1386 ἀπαλλάττομαι
1630 1311 1850 1393 itaque
1898 1308 1974 1372 de
2021 1328 2088 1372 re
2135 1308 2354 1373 futura
2398 1310 2737 1386 άπηλλαγ·

351 1415 528 1494 μένος
593 1413 810 1490 ἔσομαι
861 1417 1288 1480 necessarium
1336 1419 1466 1492 est,
1518 1414 1627 1480 vel
1671 1434 1802 1478 uno
1847 1413 2044 1480 verbo
2093 1412 2733 1491 άπηλλάξομαι,

352 1521 431 1586 de
492 1542 618 1606 qua
675 1521 882 1586 forma
947 1519 1224 1588 Cobetus
1288 1523 1609 1606 praecepit
1658 1521 1882 1588 Mnem.
1937 1518 2109 1583 1856
2159 1543 2222 1606 p.
2275 1518 2427 1586 397.
2478 1518 2740 1584 Scilicet

352 1629 443 1692 sic
503 1625 793 1692 Socrates
856 1627 1178 1711 cogitabat
1225 1647 1477 1691 secum:
1524 1626 1749 1691 doctus
1796 1624 2283 1711 Euthyphronis
2334 1624 2738 1710 disciplinam

352 1733 504 1795 liber
551 1755 649 1796 ero
696 1734 773 1797 ab
825 1735 1223 1797 accusatione
1272 1732 1515 1797 Meleti.
1568 1732 1762 1796 Addev
1795 1731 1964 1814 quod
2009 1737 2180 1796 recte
2229 1719 2498 1796 dicitur:
2542 1733 2742 1805 άπηλ-

354 1836 631 1914 λάξομαι
698 1837 1154 1915 ἐνδειξάμενος,
1220 1838 1329 1902 sed
1389 1857 1682 1923 praesens
1746 1837 2250 1910 ἀπαλλάττομαι
2298 1829 2741 1921 requiritz's’v-

352 1941 757 2018 δεικνύμενος.
821 1940 1056 2009 Contra
1116 1945 1184 2006 in
1248 1943 1521 2029 Apolog.
1587 1965 1649 2028 p.
1703 1938 1856 2007 390
1923 1947 2091 2006 recte
2153 1941 2428 2028 legitur:
2486 1942 2736 2018 οἰόμενοι

358 2047 882 2127 ἀπαλλάξεσθαι,
951 2069 1065 2114 nec
1127 2049 1295 2113 mihi
1359 2051 1677 2134 persuasit
1739 2047 2208 2113 Herwerdenus
2269 2049 2493 2112 Mnem.
2562 2046 2736 2112 1906

358 2176 422 2240 p.
478 2153 628 2218 139.
928 2143 943 2158 ’

1294 2384 1377 2430 ΔΙ)
1425 2379 1812 2431 APOLoalAM.

362 2573 379 2584 “
450 2578 774 2646 Pervelim
838 2580 997 2644 scire
1046 2579 1199 2663 quid
1245 2581 1439 2664 periti
1485 2581 1611 2645 viri
1654 2578 1939 2645 iudicent
1987 2579 2062 2644 de
2110 2601 2172 2664 p.
2225 2579 2307 2644 18
2327 2579 2398 2658 C,
2447 2578 2560 2646 ubi
2607 2600 2746 2666 poe-

362 2692 465 2753 tae
528 2688 758 2752 comici
807 2684 1111 2750 dicuntur
1158 2689 1217 2750 έν
1272 2684 1467 2765 ταύτῃ
1514 2695 1588 2766 τῇ
1641 2687 1852 2768 ἡλικίᾳ
1897 2684 2186 2762 λέγοντες
2237 2688 2382 2764 πρὸς
2433 2687 2633 2766 ὑμᾶς,
2686 2689 2746 2752 ἐν

362 2789 400 2873 ᾖ
463 2791 539 2858 ἂν
603 2791 827 2868 adme-⁹
876 2791 1248 2858 ε’πιςεύσατε
1310 2791 1598 2861 παῖδες
1650 2789 1911 2868 ὄντες,
1963 2789 2094 2856 ἔνιοι
2145 2792 2196 2855 δ’
2249 2793 2413 2868 ὑμῶν
2464 2794 2564 2857 καὶ
2617 2817 2749 2868 μει-

366 2899 571 2978 ράκια.
616 2897 793 2963 Haec
840 2897 1139 2981 equidem
1188 2903 1355 2962 certe
1404 2919 1525 2960 non
1570 2896 1903 2983 intelligo,
1955 2919 2137 2976 nam,
2189 2900 2245 2962 si
2293 2899 2551 2964 additur
2595 2921 2749 2965 non·

364 3004 579 3078 nullos
642 3005 753 3088 qui
801 3009 957 3068 tunc
1002 3003 1247 3067 iudices
1294 3003 1618 3081 sederent,
1668 3024 1817 3067 cum
1864 3003 2082 3068 Nubes
2129 3009 2491 3088 agerentur,
2543 3005 2749 3071 adhuc
2799 3026 2806 3034 ·

363 3109 561 3174 fuisse
624 3107 1093 3185 adulescentes,
1143 3107 1401 3173 videtur
1444 3110 1562 3172 hoc
1609 3106 1798 3193 plane
1846 3111 2045 3172 otiose
2093 3109 2259 3187 addi,
2306 3111 2431 3172 nisi
2477 3130 2753 3197 praec-es-

366 3216 522 3281 serit
582 3211 918 3298 plerosque
980 3213 1176 3277 fuisse
1240 3211 1431 3296 paulo
1493 3215 1766 3279 maiores
1825 3217 2003 3276 natu.
2067 3211 2238 3278 Hinc
2301 3213 2358 3275 ἐν
2424 3215 2624 3294 ταύτῃ
2672 3225 2747 3295 τῇ

369 3319 577 3400 ἡλικίᾳ
628 3318 689 3381 ἐν
736 3315 774 3400 ᾗ
819 3319 895 3383 ἂν
945 3317 1166 3392 μάλις’
1218 3318 1591 3385 ε’πιςεύσατε
1633 3317 1710 3383 de
1751 3338 1822 3385 ea
1862 3322 2068 3382 aetate
2106 3320 2406 3402 usurpari
2441 3321 2748 3404 suspicor,

366 3442 493 3509 qua
537 3423 832 3489 homines
878 3429 1188 3491 vocantur
1237 3424 1569 3501 νεανίσκοι,
1622 3423 1889 3500 νεανίαι,
1937 3422 2154 3504 κομιδῇ
2203 3424 2350 3488 νέοι·
2393 3425 2492 3489 his
2531 3431 2749 3490 autem

366 3531 453 3595 τά
516 3529 811 3608 μειράκια
864 3536 928 3594 et
976 3531 1026 3594 οἱ
1075 3529 1453 3608 μειρακίσκοι
1502 3550 1629 3594 uno
1678 3534 1742 3593 et
1793 3526 1993 3594 altero
2043 3550 2204 3594 anno
2248 3531 2530 3596 iuniores
2577 3536 2750 3596 sunt.

366 3635 617 3701 Sciolus
664 3636 785 3700 hoc
823 3655 1156 3722 perperam
1196 3637 1439 3720 accepit
1476 3640 1540 3700 et
1581 3637 1839 3720 putavit
1877 3657 2107 3720 pueros
2143 3634 2469 3702 Socratem
2509 3618 2750 3703 dicere:

366 3743 516 3808 hinc
580 3762 912 3827 perperam
977 3741 1255 3806 addidit:
1321 3742 1613 3812 παῖδες
1678 3740 1712 3806 ὅ
1726 3765 1902 3812 ντες
1963 3741 2070 3808 vel
2131 3743 2346 3826 potius
2393 3741 2483 3806 ἔτι
2533 3743 2751 3814 παῖδες

366 3845 556 3918 ὄντες.
627 3846 699 3911 Si
764 3845 981 3911 locum
1051 3847 1207 3912 bene
1278 3849 1735 3932 interpretatus
1805 3852 1969 3911 esset
2028 3851 2095 3911 et
2155 3848 2511 3932 scripsisset
2572 3849 2753 3913 verbi

367 3972 557 4019 causa
635 3951 851 4032 κομιδῇ
934 3950 1043 4016 νέοι
1125 3953 1320 4030 ὄντες,
1394 3954 1568 4018 fraus
1638 3952 1904 4017 fortasse
1972 3950 2270 4017 latuisset
2347 3951 2451 4017 vel
2521 3952 2750 4018 saltem

364 4079 493 4123 non
555 4059 709 4122 satis
772 4057 1101 4122 evidenter
1161 4061 1478 4142 potuisset
1540 4059 1760 4144 argui,
1823 4079 1991 4122 nunc
2054 4078 2170 4122 suo
2221 4078 2286 4122 se
2334 4057 2569 4122 indicio
2615 4080 2754 4143 pro·

368 4163 485 4229 dit.
549 4161 726 4227 Idem
789 4161 964 4227 valet
1025 4161 1102 4227 de
1161 4184 1311 4249 pag.
1376 4161 1566 4228 230:
1632 4165 1682 4227 οἱ
1749 4163 1856 4226 νέοι
1921 4156 2005 4233 οἷς
2068 4159 2316 4238 μάλιςα
2377 4166 2581 4244 σχολή
2631 4165 2753 4229 {em

366 4270 464 4352 [οἱ
539 4269 686 4334 τῶν
766 4269 1474 4352 πλουσιωτάτων],
1554 4269 1667 4333 ubi
1744 4266 2210 4333 Herwerdenus
2277 4267 2400 4339 ὑεῖς
2461 4271 2753 4334 inseruit.

367 4371 638 4439 Putavit
711 4375 923 4438 nescio
1000 4377 1143 4458 quis
1213 4376 1477 4439 iuvenes
1548 4376 1660 4459 qui
1728 4375 2052 4458 imprimis
2122 4374 2254 4438 otio
2325 4372 2753 4454 abundarent,

366 4476 653 4565 intelligi
718 4476 1260 4544 divitissimorum
1320 4482 1559 4545 civium
1625 4479 1824 4557 filios,
1891 4479 1995 4544 sed
2043 4500 2164 4544 non
2217 4485 2313 4543 est
2357 4481 2484 4544 ita:
2535 4501 2754 4546 omnes

2399 4599 2462 4646 10
