3392 5384
704 394 838 462 350
1762 406 2013 458 numus.

692 578 905 662 yaleas
960 596 1075 662 pro
1132 575 1332 656 qalea.
1401 573 1506 661 Ad.
1561 574 1897 640 tutandam
1958 573 2231 640 Miilleri
2284 574 2871 659 interpretationem
2918 573 3084 638 nihil

699 687 926 770 utique
971 681 1142 747 valet
1187 680 1462 768 Vergilii
1505 679 1718 759 locus,
1770 702 1959 766 quem
2008 679 2357 768 Valmaggi
2404 680 2627 745 attulit
2657 679 2726 761 ¹),
2783 682 2895 745 ubi
2946 680 3088 766 plu-

699 793 872 855 rium
922 788 1213 853 militum
1252 785 1472 873 plures
1510 787 1734 874 galeae
1773 791 2213 852 memorantur
2240 784 2313 866 ²).
2360 786 2584 871 Itaque
2624 787 2819 853 verba
2855 785 3090 850 tradita

699 896 865 960 mihi
923 898 1176 980 integra
1236 916 1359 959 non
1409 894 1730 972 videntur.
1779 893 2025 958 Rursus
2072 914 2108 958 a
2156 898 2370 958 tenore
2418 897 2847 978 contextuque
2895 894 3089 978 huius

698 1002 827 1068 loci
893 1001 1058 1066 nihil
1125 1002 1342 1066 abesse
1411 1001 1687 1078 videtur,
1763 1005 1869 1086 ut·
1898 1021 2091 1084 quem
2155 999 2465 1064 excidisse
2524 1021 2784 1064 versum
2848 999 3093 1064 Vahlen

700 1109 1060 1192 suspicatus
1107 1111 1238 1186 est,
1290 1109 1358 1170 in
1406 1127 1479 1171 eo
1528 1106 1681 1191 quid
1732 1096 2082 1184 fuerit,'ne
2130 1086 2494 1170 coniciendo
2536 1106 2795 1190 quidem
2837 1107 3088 1190 assequi

614 1252 620 1257 ·
697 1217 958 1300 possim.
1022 1212 1252 1278 Tribus
1315 1215 1650 1278 commatis
1712 1213 2110 1280 brevissimis
2172 1211 2438 1297 depingi
2485 1211 2764 1290 videtur,
2816 1213 2959 1296 quis
3006 1212 3093 1274 sit

699 1321 956 1386 effectus
995 1318 1309 1385 telorum:
1363 1318 1397 1383 1
1440 1319 1773 1405 configunt
1813 1339 2139 1404 parmam,
2190 1318 2230 1382 2
2273 1321 2471 1383 tinnit
2505 1317 2847 1383 hastilibus
2870 1319 3091 1395 umbe,

701 1427 742 1492 3
804 1437 1016 1493 aerato
1078 1429 1292 1491 sonitu
1352 1425 1595 1512 galeae.
1661 1424 1911 1490 Ultima
1956 1426 2155 1490 verba
2203 1430 2278 1489 ut
2322 1423 2613 1511 intelligi
2660 1427 2939 1511 possint,
2990 1425 3091 1488 bis

699 1533 983 1599 addenda
1030 1533 1286 1598 videtur
1331 1531 1547 1598 littera
1591 1552 1657 1596 s:
1709 1539 1943 1596 aeratos
1984 1534 2217 1596 sonitus
2248 1533 2463 1613 yaleae
2500 1534 2637 1597 sive
2678 1540 2919 1596 aeratus
2956 1555 3003 1597 s.
3026 1555 3089 1612 y.

699 1646 764 1706 et
825 1646 1038 1706 mente
1099 1627 1526 1726 supplendum
1588 1641 1860 1704 verbum
1926 1647 2033 1703 est.
2098 1638 2382 1704 Ennium
2447 1641 2621 1726 enim
2684 1639 2890 1704 adhuc
2936 1660 3091 1705 casu

697 1749 1098 1812 nominativo
1143 1753 1378 1810 aeratos
1423 1748 1783 1831 scripsisse,
1831 1767 2028 1830 paene
2077 1751 2325 1811 certum
2366 1753 2482 1810 est.
2533 1745 2713 1825 Quod
2752 1749 2807 1811 si
2844 1747 3089 1813 vitium

696 1854 1153 1939 posterioribus
1198 1854 1598 1938 temporibus
1647 1858 1897 1929 ortum,
1949 1873 2201 1918 necesse
2240 1859 2375 1918 erat
2411 1859 2622 1916 aerata
2660 1854 3096 1938 corrigeretur

697 1962 767 2024 in
815 1966 1040 2023 aerata

789 2069 1050 2130 Aet-atus
1109 2065 1340 2129 sonitus
1401 2064 1701 2130 similiter
1762 2065 2007 2131 dictum
2072 2071 2169 2131 est
2230 2070 2419 2150 atque
2466 2067 2720 2150 ferreus
2781 2045 2961 2129 imber'
3016 2068 3088 2129 in

699 2193 796 2240 vs.
848 2171 1001 2238 284.

790 2354 897 2421 Vs.
949 2355 1082 2420 419

1060 2462 1387 2526 Matronae
1430 2483 1650 2525 moero-5·
1696 2461 1987 2543 complent
2021 2469 2284 2544 spectare
2306 2463 2615 2546 favente-5.

787 2569 862 2633 In
924 2574 1099 2634 strue
1163 2567 1554 2634 scholiorum
1615 2567 1694 2633 ad
1758 2567 2123 2654 Vergilium
2183 2568 2393 2634 Servii
2440 2589 2601 2654 quae
2646 2569 2939 2633 feruntur
2987 2569 3094 2634 bis

696 2677 804 2741 hic
848 2696 1072 2740 versus
1128 2678 1364 2740 citatur
1411 2713 1496 2722 —
1544 2677 1614 2738 in
1662 2674 1801 2739 cod.
1851 2675 2294 2740 Lemovicensi
2342 2675 2421 2739 ad
2469 2673 2704 2762 Georg.
2753 2675 2803 2754 I,
2858 2675 2964 2753 18,
3018 2679 3091 2739 in

696 2780 1001 2847 Vaticano
1048 2781 1126 2846 ad
1166 2781 1274 2860 IV,
1314 2781 1446 2846 230
1487 2786 1748 2867 propter
1785 2781 2177 2867 singularem
2220 2784 2357 2846 vim
2399 2783 2579 2846 verbi
2603 2784 2872 2867 favendi
2912 2783 3092 2867 quod

695 2889 802 2953 hic
849 2889 1020 2953 idem
1068 2890 1198 2953 fere
1245 2888 1458 2953 v-alere
1500 2896 1692 2972 atque
1732 2889 1886 2952 velle
1924 2889 2333 2954 contendunt.
2385 2889 2510 2954 Sed
2549 2889 2700 2954 fides
2740 2893 2877 2954 eius
2916 2890 3095 2975 quod

697 2994 953 3073 dicunt,
1003 3017 1131 3060 non
1177 3003 1473 3082 augetur,
1524 2995 1696 3081 quod
1744 2995 1911 3080 apud
1960 2994 2321 3082 Vergilium
2370 2994 2635 3083 (Georg.
2685 2996 2735 3074 Ι,
2790 2995 2900 3077 ll)
3004 3007 3013 3015 ·

1060 3103 1236 3181 Pan,
1287 3103 1479 3166 ovium
1524 3109 1735 3181 custo-5,
1784 3110 1889 3166 tua
1933 3102 1989 3166 si
2036 3103 2149 3165 tibi
2195 3103 2490 3166 Maenala
2536 3127 2745 3183 curae,
2800 3157 2808 3164 .

1060 3209 1263 3288 Adsis,
1314 3231 1346 3272 ο
1395 3210 1663 3290 Teyeaee,
1699 3210 1933 3293 favens

691 3318 964 3383 verbum
997 3318 1222 3401 favere
1265 3317 1439 3382 idem
1488 3316 1847 3402 significare
1895 3316 2272 3382 scholiastae
2314 3317 2754 3382 Lemovicensi
2803 3318 3081 3383 videtur.

696 3424 834 3504 Qua
901 3427 969 3488 in
1027 3446 1095 3489 re
1158 3445 1352 3508 quam
1415 3425 1758 3509 insigniter
1818 3428 2018 3501 erret,
2083 3423 2506 3489 demonstrari
2565 3446 2692 3489 non
2756 3430 2849 3489 est
2898 3447 3079 3509 opus.

694 3531 847 3596 Inde
892 3532 959 3594 in
1007 3530 1474 3595 dubitationem
1521 3533 1739 3596 venire
1787 3551 2160 3615 possumus,
2226 3553 2385 3594 uum
2434 3535 2678 3596 veteres
2723 3531 3081 3596 lexicorum

693 3640 1062 3722 scriptores,
1113 3657 1389 3721 quorum
1437 3658 1514 3702 ex
1560 3636 1742 3701 libris
1792 3636 2165 3702 scholiastae
2204 3638 2589 3714 hauserunt,
2632 3638 2851 3702 eodem
2894 3643 3076 3723 pacto

693 3745 1043 3808 erraverint
1098 3745 1167 3806 in
1225 3742 1362 3808 loco
1425 3742 1751 3820 Enniam,
1817 3764 1965 3808 cum
2026 3745 2403 3828 praesertim
2449 3744 2599 3808 huic
2647 3742 2788 3808 loco
2836 3747 3077 3830 optime

694 3852 1031 3916 conveniat
1085 3852 1184 3914 vis
1241 3850 1555 3929 studendi,
1621 3870 1781 3934 quae
1844 3856 1921 3914 ut
1980 3848 2135 3914 alibi
2192 3852 2287 3915 ita
2345 3850 2487 3917 Liv.
2552 3849 2752 3929 1-25,
2782 3853 2821 3915 9
2877 3857 2974 3915 est
3004 3848 3073 3930 3).

764 4055 816 4119 1)
851 4056 970 4104 Aen.
1005 4052 1074 4102 IX
1111 4053 1207 4102 666
1227 4069 1294 4118 sq.
1331 4053 1579 4102 Sternitur
1613 4068 1745 4102 omne
1776 4053 1925 4102 solum
1961 4051 2086 4110 telis,
2126 4056 2225 4100 tum
2262 4057 2401 4101 scula
2436 4068 2663 4116 cavaeque

1324 4137 1447 4185 dant
1480 4135 1702 4195 sonitum¹
1712 4135 1863 4200 flictu
1890 4136 2072 4198 qaleae,
2096 4151 2262 4198 puyna
2294 4151 2459 4198 aspera
2491 4136 2662 4200 sur-qil.

761 4221 818 4284 2)
868 4219 977 4268 Alia
1021 4223 1092 4268 est
1137 4218 1260 4268 ratio
1309 4219 1517 4268 locorum
1565 4218 1721 4282 qualis
1756 4221 1827 4266 est
1865 4219 1957 4267 Ov.
1993 4219 2114 4266 Met.
2150 4217 2254 4277 XV,
2288 4219 2411 4269 806:
2457 4221 2523 4268 Et
2568 4219 2843 4268 Diomedeos
2888 4220 3075 4269 Aeneas

678 4303 890 4366 sufferat
933 4317 1076 4360 emes,
1123 4300 1200 4350 ubi
1247 4317 1380 4350 enses
1415 4301 1661 4349 Diomedei
1693 4300 1896 4365 exempli
1933 4300 2090 4363 gratia
2124 4310 2452 4350 memorantur
2486 4304 2534 4350 et
2570 4301 2897 4364 significantur
2931 4317 3067 4351 enses

689 4387 740 4434 et
776 4383 1019 4433 Diomedis
1053 4386 1102 4432 ct
1135 4384 1371 4433 sociorum
1406 4383 1524 4433 cius.

759 4468 814 4530 3)
856 4467 968 4516 Tum
1002 4468 1203 4516 clamore
1232 4466 1390 4531 qualis
1422 4481 1518 4516 esse
1549 4482 1608 4515 ea·
1641 4466 1883 4529 insperato
1903 4465 2181 4531 faventium
2214 4467 2347 4527 solet,
2381 4466 2583 4516 Romani
2617 4467 2851 4516 adiuvant
2877 4466 3079 4516 militem

690 4565 822 4600 suum
834 4570 852 4608 ,·
885 4553 933 4600 et
965 4549 1051 4599 ille
1083 4549 1284 4614 defungi
1312 4549 1492 4612 proelio
1514 4548 1758 4614 festinat.
1926 4547 1931 4553 ‘
