3392 5384
1361 427 1741 476 rumonim.
2612 413 2741 481 169

341 596 455 682 gia
515 593 881 661 Aristotelis
944 594 1269 660 doctrinae
1332 615 1659 680 superesse
1722 593 1891 680 apud
1954 594 2266 660 Photium
2328 617 2390 662 v.
2455 594 2607 670 ἵννος
2676 604 2741 665 31

346 705 541 772 νᾶνος.
588 701 812 787 Itaque
861 701 1068 767 foetus
1111 703 1181 765 in
1229 706 1413 766 utero
1452 703 2053 788 aegrotanS‚.cuius
2093 707 2288 788 caput
2325 707 2391 768 31
2427 704 2739 791 genitalia

345 829 540 894 supra
603 807 870 873 modum
932 812 1303 886 creverunt,
1369 806 1619 893 reliquo
1665 807 2042 894 corpusculo
2092 807 2288 874 debili
2334 816 2398 875 31
2444 809 2739 889 infirmo,

345 915 586 980 dicitur
649 918 820 987 νᾶνος
884 914 952 979 111
998 918 1096 980 331
1141 921 1480 979 monstrum.
1533 914 1715 995 Quod
1761 937 1964 1001 quum
2012 915 2322 982 obstetrix
2370 915 2457 981 ali
2505 917 2741 996 credit,

341 1023 483 1087 sive
549 1025 722 1086 certa
785 1023 970 1108 signa
1017 1025 1268 1100 secuta,
1319 1023 1456 1086 sive
1501 1022 1765 1088 incertis
1812 1022 2282 1106 suspicionibus
2330 1026 2396 1087 et
2441 1026 2745 1108 supersti-

341 1129 628 1193 tionibus
691 1125 960 1204 confisa‚
1025 1132 1102 1192 ut
1155 1132 1485 1192 succurrat
1533 1136 1610 1208 τῇ
1668 1125 2176 1208 μαλακιζομένῳ,
2225 1128 2377 1192 facit
2422 1129 2741 1194 abortum.

341 1234 638 1300 Admove
683 1255 851 1299 nunc
892 1233 1182 1299 Platonis
1218 1233 1436 1299 locum
1478 1237 1543 1298 et
1581 1234 1848 1299 fortasse
1888 1234 2053 1298 mihi
2094 1233 2272 1299 dabis
2302 1255 2528 1300 verum
2572 1255 2739 1301 esse:

344 1341 450 1406 καὶ
519 1344 753 1405 νοῖνον
817 1339 893 1406 ἂν
955 1339 1095 1422 δόξῃ
1160 1340 1565 1419 ἄμβλίσκειν,
1616 1340 2104 1418 ἆμβλίσκουσιν.
2160 1341 2409 1420 Σεμναὶ,
2450 1336 2622 1406 οὖσαι
2678 1343 2743 1406 αἱ

341 1455 536 1527 μαῖαι
584 1469 709 1513 11011
758 1447 1065 1512 necabant
1111 1448 1236 1511 nisi
1282 1446 1452 1532 quod
1499 1469 1623 1512 non
1673 1446 1875 1514 vita-le
1922 1447 2103 1514 foret.
2587 1440 2594 1446 ⁸

432 1668 592 1734 Ibid.
641 1690 703 1754 p.
756 1664 990 1733 155B:
1039 1665 1190 1733 ὅταν
1241 1673 1458 1746 Φῶμεν
1507 1666 1616 1743 ἐμὲ
1659 1665 1961 1741 τηλικόνδ“
2002 1665 2146 1732 ὄντα
2188 1666 2349 1744 μήτε
2393 1663 2732 1743 αὐξηθέντα

339 1776 506 1854 μήτε
548 1775 891 1841 τούναντίον
931 1774 1246 1852 παθόντα,
1287 1775 1363 1839 ἐν
1405 1775 1745 1854 ἐνιαυτῷ
1787 1778 1893 1838 σοῦ
1934 1777 2041 1838 τοῦ
2083 1772 2211 1838 νέου
2253 1778 2354 1838 νῦν
2391 1773 2506 1851 μὲν
2546 1771 2734 1854 μείζω

338 1878 530 1960 εἶναι,
596 1879 795 1960 ὕςερον
857 1881 908 1945 δ’
976 1881 1241 1947 ἐλοὶττω.
1310 1880 1701 1946 Admonitus
1766 1902 1954 1946 nemo
2017 1879 2230 1945 credet
2276 1883 2368 1946 sic
2416 1882 2742 1965 scripsisse

338 1989 678 2055 Platonem
718 1991 785 2054 et
821 1990 1028 2073 primo
1070 1989 1305 2053 obtutu
1345 1990 1788 2074 unusquisque
1827 1986 2066 2053 incidet
2100 1990 2170 2052 in
2214 1988 2271 2052 ἐν
2314 1986 2424 2052 ἐν)
2466 1987 2738 2068 ἐνιαυτῷ.

337 2095 535 2161 Feret
581 2094 699 2160 boc
746 2114 894 2159 sane
941 2092 1341 2160 tolerabilius
1380 2114 1572 2180 quam
1614 2093 1889 2181 vulgata
1927 2093 2153 2172 lecti0,
2195 2093 2304 2159 sed
2343 2092 2510 2158 nihil
2553 2095 2740 2159 otiosi

340 2200 813 2269 admittendum
878 2206 973 2266 est
1036 2203 1103 2265 in
1167 2221 1383 2286 pressa
1445 2207 1508 2266 et
1571 2203 1877 2267 concinna
1940 2199 2223 2266 Socratis
2285 2199 2772 2285 disputatione.-

340 2311 613 2375 Prorsus
653 2306 818 2372 nihil
857 2305 935 2372 ad
974 2329 1144 2386 rem,
1185 2313 1408 2372 utrum
1451 2329 1613 2373 anno
1657 2312 1945 2373 vertente
1983 2307 2369 2372 Theaetetus
2408 2306 2737 2372 Socratem

341 2421 590 2483 statura
657 2419 918 2499 superet
977 2435 1057 2479 an
1119 2419 1358 2500 postea.
1430 2413 1667 2480 Reseca
1731 2418 2031 2498 corrupta
2095 2413 2290 2479 verba
2354 2417 2419 2478 31
2481 2433 2740 2498 prorsus

338 2520 505 2588 nihil
553 2522 865 2606 requires:
915 2520 1227 2607 quidquid
1269 2520 1623 2598 addideris,
1665 2519 1852 2585 facile
1890 2518 2221 2607 intelliges
2258 2520 2326 2584 id
2364 2518 2532 2585 male
2566 2518 2733 2585 addi.

342 2629 564 2713 Itaque
625 2650 748 2694 non
810 2627 1132 2693 intercedo
1195 2629 1540 2714 quominus
1589 2627 1654 2692 id
1706 2627 1875 2712 quod
1922 2627 2205 2692 abundat
2251 2633 2317 2692 31
2358 2625 2620 2692 offendit
2662 2628 2732 2692 in

341 2737 702 2822 marginem
749 2733 1094 2821 relegetur,
1143 2733 1332 2800 modo
1381 2735 1574 2800 verba
1619 2736 1713 2799 ita
1760 2735 2119 2799 scribantur
2156 2740 2231 2799 ut
2271 2732 2557 2819 intelligi
2596 2755 2734 2818 pos-

339 2845 425 2908 sit
485 2840 654 2906 unde
717 2839 1007 2906 Platonis
1072 2847 1288 2906 textus
1353 2847 1485 2906 tam
1535 2844 1701 2906 mire
1751 2843 2033 2926 potuerit
2078 2843 2422 2925 inquinari.
2472 2840 2638 2921 Quid
2682 2843 2737 2906 si

340 2948 418 3014 ad
465 2947 532 3012 id
580 2947 749 3032 quod
795 2953 890 3012 est
937 2949 1284 3012 τούναντίον
1333 2947 1733 3034 adscriptum
1780 2948 1906 3012 fuit
1955 2947 2147 3013 olim:
2200 2949 2258 3010 ἐν
2310 2948 2478 3020 ἐνίοις
2534 2948 2741 3012 ἐναν-

342 3056 550 3126 τίως.
615 3053 940 3120 Incertum
1002 3055 1120 3119 hoc
1181 3075 1317 3119 esse
1380 3052 1592 3120 dices?
1640 3053 1943 3122 Concedo
1985 3061 2048 3120 et
2093 3054 2447 3142 amplectar
2491 3057 2547 3119 si
2594 3056 2740 3140 quis

339 3159 832 3247 probabiliorem
879 3162 1193 3226 rationem
1242 3159 1558 3239 attulerit,
1607 3160 1717 3226 sed
1764 3181 1837 3227 ea
1884 3166 1981 3226 est
2020 3166 2383 3226 nostrorum
2427 3159 2735 3249 Codicum

342 3268 644 3347 conditio,
708 3272 784 3332 ut
831 3269 1084 3353 saepius
1131 3289 1326 3353 quam
1374 3266 1618 3346 velles,
1664 3270 1925 3332 incertis
1972 3269 2439 3352 suspicionibus
2490 3274 2737 3333 conten·

342 3381 450 3439 tus
496 3396 630 3441 esse
680 3374 924 3440 debeas.
975 3373 1146 3439 Mihi
1195 3385 1363 3440 certe
1409 3396 1530 3440 non
1582 3375 1899 3460 persuasit
1944 3373 2344 3439 Schmidtius
2390 3373 2466 3438 ad
2506 3373 2741 3440 Theae-

342 3485 556 3546 tetum
602 3502 664 3566 p.
715 3479 868 3546 454.

434 3700 596 3766 Ibid.
652 3700 889 3767 155D:
957 3701 1143 3778 μάλα
1192 3704 1318 3782 γὰρ
1366 3700 1836 3781 Φιλοσόφοὺ
1885 3705 2063 3767 τοῦτο
2111 3701 2181 3766 τὸ
2232 3702 2444 3776 πάθος.
2496 3703 2730 3769 Malim

343 3807 738 3874 adiectivum
779 3808 1242 3890 Φιλόσοφον
1282 3813 1347 3873 31
1387 3808 1507 3874 1100
1545 3811 1799 3895 ipsum,
1838 3809 2181 3891 φιλόσοφον
2224 3810 2451 3890 πάθος,
2492 3808 2737 3896 legitur

345 3913 503 4000 Rep.
553 3913 617 3980 11
667 3911 796 3981 3¹76
817 3915 888 3979 B.

432 4118 594 4184 Ibid.
648 4119 884 4184 158B:
951 4115 1102 4183 ὅταν
1164 4121 1215 4183 οἱ
1278 4120 1392 4197 μὲν
1457 4120 1570 4184 θεοὶ
1637 4119 1872 4184 οἴωνται
1935 4116 2127 4200 εἶναι,
2192 4122 2243 4183 οἱ
2294 4121 2353 4185 δὲ
2407 4122 2621 4195 πτηνοί
2668 4145 2735 4186 τε

341 4227 444 4291 καὶ
493 4229 568 4298 ὥς
619 4226 938 4303 πετόμενοι
990 4211 1503 4293 διανοῶνται.
1551 4226 1782 4305 Miror,
1830 4227 2002 4313 quod
2047 4227 2339 4292 nondum
2379 4233 2738 4294 correctum

339 4332 467 4397 fuit
537 4332 1138 4412 διαλέγωνται,
1209 4336 1398 4399 3101111
1469 4332 1661 4419 paulo
1734 4341 1879 4419 post
1940 4339 2110 4399 recte
2178 4335 2513 4400 scribitur:
2580 4336 2742 4401 οὐδὲν

338 4439 556 4504 κωλύει
625 4439 730 4502 καὶ
779 4441 838 4502 ἐν
885 4441 970 4518 τῷ
1023 4437 1184 4519 ὕπνῳ
1235 4443 1534 4512 αλλήλοις
1585 4439 2006 4517 διαλέγεσθαι.
2059 4439 2153 4505 De
2199 4441 2521 4508 adverbiis
2569 4439 2733 4523 ὕπαρ

339 4551 402 4611 31
448 4543 587 4625 ὄναρ
634 4548 851 4611 omnia
897 4553 1048 4612 nota
1092 4552 1158 4612 et
1204 4545 1352 4613 vide
1401 4567 1562 4631 quae
1610 4545 1851 4632 protuli
1899 4549 2126 4613 Mnem.
2183 4547 2357 4614 1888
2403 4571 2465 4634 p.
2521 4548 2668 4615 100.
