3392 5384
721 417 855 485 366
1481 433 1568 483 nn
1611 433 1930 484 summme
1974 429 2293 482 nauseo.
2346 395 2353 402 ’

717 601 928 687 perito
986 599 1189 666 iudici
1235 598 1490 665 credam
1541 635 1625 650 -
1671 600 1930 664 etiamsi
1976 597 2141 664 nihil
2186 596 2503 665 addiderit
2552 601 2899 666 sententiae
2946 621 3089 666 suae

719 708 843 771 nisi
879 703 1045 770 illud
1085 726 1256 784 „non
1295 726 1558 792 possum
1597 705 1833 782 dicere,
1876 693 2138 789 quare''.
2185 704 2411 770 Nonne
2445 704 2620 771 idem
2645 707 2712 770 in
2746 712 2879 771 arte
2902 705 3095 791 philo-

718 811 930 900 logica
966 809 1176 878 valet?
1223 811 1293 878 Si
1332 813 1476 898 quis
1519 813 1620 877 vir
1661 811 1887 876 doctus
1904 859 1919 889 ,
1959 813 2028 875 in
2070 813 2277 898 poetis
2316 814 2578 900 tragicis
2615 815 3097 892 versatissimus,

717 917 1116 997 litterarum,
1158 919 1312 983 artis
1356 918 1765 1004 rhythmicae
1804 918 2236 1003 peritissimus
2256 966 2271 995 ,
2313 924 2536 1003 poetae
2578 918 2835 985 cuidam
2870 917 3097 985 Graeco

719 1045 884 1111 opus
944 1023 1263 1109 quoddam
1325 1026 1460 1090 sive
1523 1023 1797 1109 deneget
1854 1025 1993 1088 sive
2054 1024 2296 1088 tribuat
2316 1073 2332 1102 ,
2400 1027 2565 1091 ratio
2614 1026 2779 1091 mihi
2824 1025 3099 1092 habenda

717 1130 976 1197 videtur
1039 1132 1178 1195 eius
1235 1129 1462 1195 iudicii
1482 1177 1498 1206 ,
1561 1130 1822 1194 etiamsi
1884 1127 2012 1194 alia
2069 1135 2486 1214 argumenta,
2534 1137 2786 1216 praeter
2832 1151 2907 1197 ea
2949 1151 3098 1217 quae

719 1258 799 1304 ex
849 1239 1121 1315 „intimo
1159 1234 1274 1302 illo
1313 1235 1545 1301 sensu’'
1588 1240 1921 1321 petuntur,
1962 1235 2191 1301 desint.
2234 1236 2403 1316 Quid
2442 1239 2685 1303 mirum
2727 1237 2900 1323 quod
2937 1237 3098 1302 haud

717 1343 953 1411 leviter
989 1345 1207 1409 animo
1245 1361 1672 1419 commoveor,
1716 1361 1865 1406 cum
1902 1343 2118 1406 virum
2151 1346 2365 1408 tantae
2389 1345 2814 1423 auctoritatis,
2840 1348 3101 1429 quantae

719 1453 952 1516 merito
1010 1451 1179 1515 inter
1236 1469 1350 1514 nos
1409 1452 1506 1514 est
1570 1446 2105 1513 Wilamowitzius
2124 1497 2139 1527 ,
2204 1451 2389 1514 annis
2452 1451 2727 1537 triginta
2773 1455 3101 1536 postquam

717 1560 1007 1644 primum
1044 1556 1413 1622 Pirithoum
1458 1552 1794 1620 delendam
1832 1556 2115 1632 censuit,
2154 1557 2421 1641 gravius
2460 1559 2656 1622 etiam
2696 1558 3103 1623 condemnan-

717 1670 855 1730 tem
902 1663 1124 1729 audio:
1178 1659 1753 1746 „Uneuripideisch
1798 1662 1887 1725 ist
1932 1657 2174 1726 alles’'l
2378 1733 2393 1747 ⁸

811 1770 936 1837 Sed
994 1768 1150 1835 licet
1209 1770 1276 1833 in
1331 1769 1650 1853 pictarum
1699 1765 2071 1832 tabularum
2117 1769 2449 1854 genuitate
2497 1768 2937 1848 diiudicanda,
2983 1789 3099 1854 qua

718 1898 837 1965 par
896 1880 994 1960 est
1051 1874 1366 1941 modestia
1384 1923 1400 1952 ,
1461 1875 1720 1960 proprio
1767 1873 2006 1940 iudicio
2054 1895 2314 1961 prorsus
2360 1876 2718 1942 abstineam
2766 1883 2831 1942 et
2878 1877 3099 1963 princi-

719 2005 880 2070 pum
927 1983 1274 2048 sententias
1319 1982 1555 2046 tacitus
1601 2001 1831 2066 sequar
1878 2017 1963 2029 -
2016 1982 2073 2046 si
2117 1981 2378 2066 quidem
2425 1985 2838 2050 consentiunt
2885 1985 3104 2070 princi-

719 2087 867 2176 pesl
919 2125 1004 2148 —-.
1053 2108 1204 2154 cum
1249 2091 1468 2172 poetas
1515 2083 1791 2153 Graecos
1838 2107 1937 2153 res
1984 2093 2261 2173 spectat,
2309 2091 2649 2175 praecipue
2697 2111 2849 2156 cum
2897 2092 3102 2176 agitur

721 2198 797 2262 de
860 2195 1206 2281 Euripide,
1268 2196 1467 2260 etiam
1513 2197 1857 2280 postquam
1908 2193 2436 2260 Wilamowitzius
2482 2218 2599 2281 pro
2648 2199 2964 2262 sententia
3007 2197 3104 2260 Pi·

718 2303 1009 2369 rithoum
1074 2302 1239 2368 abici
1299 2302 1525 2378 iussit,
1575 2321 1836 2386 prorsus
1882 2299 2165 2368 diffidere
2211 2303 2468 2387 proprio
2514 2302 2755 2368 iudicio
2802 2325 2934 2369 non
2976 2322 3103 2388 pos-

719 2432 887 2477 sum.
935 2410 1104 2476 Nam
1153 2411 1207 2474 si
1244 2411 1525 2494 ingenue
1563 2406 1864 2493 profitear
1903 2406 2057 2492 quid
2095 2407 2172 2473 de
2209 2408 2486 2474 Pirithoi
2526 2409 2911 2495 fragmentis
2946 2408 3101 2474 mihi

717 2516 1037 2595 videatur,
1077 2517 1190 2582 vix
1229 2518 1448 2600 potero
1489 2515 1749 2579 brevius
1787 2515 2174 2579 sent-entiam
2212 2517 2623 2600 pronuntiare
2663 2537 2879 2582 meam
2918 2537 3122 2603 quam·

717 2627 841 2690 ita:
895 2621 1382 2708 „Euripideisch
1435 2623 1522 2686 ist
1567 2619 1789 2686 alles'’.
1853 2619 2163 2697 Numeri,
2211 2643 2523 2688 versuum
2569 2623 2809 2689 formae
2837 2671 2853 2700 ,
2894 2623 3103 2688 dictio·

715 2734 818 2797 nis
865 2732 1027 2796 ratio
1044 2779 1061 2809 ,
1111 2730 1461 2795 sententiae
1499 2726 1816 2814 prolatae,
1858 2726 2132 2813 denique
2172 2731 2390 2794 omnia
2427 2751 2577 2794 cum
2615 2729 2929 2816 Euripide
2968 2750 3096 2796 con·

718 2839 936 2904 venire
1007 2835 1172 2901 mihi
1241 2834 1564 2901 videntur.
1657 2834 2064 2919 Quamquam
2147 2837 2355 2923 igitur
2436 2841 2843 2922 compertum
2913 2837 3099 2902 habeo

721 2941 1055 3009 dialectica
1115 2942 1358 3018 ratione
1419 2941 1678 3026 probari
1736 2962 1861 3006 non
1920 2961 2101 3026 posse
2122 2989 2137 3019 ,
2186 2943 2392 3027 operis
2438 2945 2671 3027 poetici
2718 2945 2867 3029 quis
2915 2943 3098 3008 fuerit

718 3054 900 3136 pater
941 3086 1015 3101 —
1070 3068 1372 3113 numeros
1418 3049 1592 3112 enim
1634 3051 1698 3112 et
1737 3046 2045 3112 dictiones
2086 3068 2247 3132 quae
2287 3048 2649 3135 euripideae
2688 3049 2858 3114 mihi
2901 3049 3099 3114 viden-

719 3162 847 3234 tur,
910 3155 1176 3220 fortasse
1230 3173 1606 3220 communes
1668 3155 1728 3218 ei
1793 3174 1941 3218 cum
2006 3155 2231 3220 ceteris
2291 3155 2556 3220 fuerunt
2602 3193 2688 3204 -—
2736 3157 3095 3241 opinionem

719 3283 932 3329 meam
976 3260 1320 3327 lectoribus
1364 3259 1810 3327 commendare
1857 3260 2161 3340 conabor3
2210 3263 2460 3327 utinam
2509 3267 2575 3328 et
2614 3261 3095 3330 Wilamowitzio

717 3371 846 3455 ipsi
891 3364 1339 3455 persuadeam!

809 3475 902 3541 Ut
939 3495 1238 3541 numeros
1274 3473 1658 3560 Euripideos
1697 3493 1832 3540 esse
1870 3473 2302 3540 demonstrem
2342 3497 2468 3541 non
2502 3475 2816 3543 adhibebo
2845 3475 3094 3546 ληκύθια

719 3579 1078 3669 Aeschylea
1096 3628 1113 3659 ,
1176 3579 1333 3646 licet
1393 3579 1610 3665 plures
1677 3601 1757 3646 ex
1826 3581 2207 3668 fragmentis
2268 3583 2503 3649 nostris
2564 3604 2788 3650 versus
2850 3601 3096 3650 caesura

718 3691 988 3755 utantur
1034 3687 1275 3753 eadem.
1324 3686 1493 3753 Nam
1539 3689 1593 3752 si
1637 3707 1862 3753 revera
1909 3688 2210 3760 ληκυθίοις
2250 3691 2383 3753 suis
2421 3710 2563 3755 eam
2602 3711 2857 3776 carpere
2897 3688 3096 3757 voluit

719 3792 1108 3881 Aeschylus,
1156 3791 1370 3859 labore
1414 3793 1588 3858 haud
1635 3795 2023 3879 gravissimo
2072 3816 2223 3860 eum
2270 3795 2653 3862 confundere
2698 3799 2978 3883 propriis
3015 3815 3098 3860 ar-

718 3903 846 3967 mis
923 3904 1218 3985 potuerat
1285 3898 1650 3984 Euripides.
1739 3896 2018 3966 ansura
2088 3901 2585 3986 penthemimeri
2652 3923 2852 3987 aeque
2922 3918 3096 3986 saepe

717 4011 995 4072 utuntur
1039 4006 1269 4091 tragici
1312 4025 1532 4070 omnes
1579 4009 1672 4085 (et
1719 4007 1952 4072 merito
1997 4007 2218 4091 itaque
2264 4006 2683 4074 Leeuwenius
2728 4011 2983 4074 monuit
3026 4004 3096 4070 ad

715 4112 876 4178 Rau.
943 4109 1116 4176 1203
1177 4132 1300 4176 non
1361 4133 1661 4177 numeros
1724 4111 2103 4198 Euripideos
2168 4113 2276 4178 sed
2331 4113 2676 4181 dictionem
2724 4117 3096 4197 μικροπρεπῆ

718 4220 892 4303 carpi
951 4216 1031 4282 ab
1093 4215 1463 4304 Aeschylo).
1532 4217 1658 4283 Sed
1720 4219 2233 4304 quandoquidem
2296 4226 2545 4286 constat
2603 4228 2825 4307 poetas
2887 4239 3097 4286 omnes

717 4326 830 4411 qui
875 4322 1083 4389 multa
1127 4329 1195 4388 et
1239 4326 1540 4390 continuo
1587 4325 1901 4404 scribant,
1948 4328 2016 4390 in
2064 4325 2351 4392 eiusdem
2398 4329 2654 4413 generis
2697 4328 2988 4394 versibus
3026 4323 3096 4390 ad

713 4436 917 4496 certas
965 4429 1273 4515 quasdam
1321 4451 1576 4496 normas
1621 4453 1810 4518 saepe
1859 4434 2096 4498 inscios
2142 4454 2501 4513 recurrere,
2550 4434 2755 4520 idque·
2786 4455 2858 4500 eo
2896 4433 3096 4519 magis

717 4557 844 4623 quo
908 4536 1300 4623 simpliciora
1361 4558 1434 4602 ac
1493 4537 1863 4624 vulgatiora
1908 4542 1991 4605 iis
2036 4542 2169 4606 sint
2212 4542 2633 4620 enuntianda,
2684 4543 2886 4608 redire
2934 4537 3095 4626 apud
