3392 5384
1165 425 1250 472 nn
1296 425 1612 474 numnms
1658 427 1977 474 murmoo.
2570 415 2585 421 “
2622 411 2749 477 381

368 591 774 670 ἀγύμναστος
838 589 1064 671 φρένας
1110 596 1330 676 (quem
1379 593 1776 676 experientia
1823 591 2123 658 docuerat
2171 592 2238 656 τὸ
2285 600 2551 676 φρονεῖν)
2595 597 2651 659 is
2698 598 2757 660 ei

365 698 704 764 videbatur
764 700 876 784 qui
937 702 1190 762 mutato
1253 703 1470 763 vetere
1532 698 1874 784 proverbio
1941 701 2191 783 primus
2252 699 2467 766 docuit
2515 707 2638 773 τοῖς
2691 697 2756 765 εὖ

365 811 647 887 Φρονοῦοι
695 807 805 882 τὴν
851 805 1053 883 τύχην
1101 803 1597 883 συλλαμβάνειν.

457 1018 879 1106 Theologiam
936 1019 1351 1105 Euripideam
1409 1020 1588 1085 brevi
1637 1041 1952 1104 exponere
2002 1019 2350 1087 molestum
2402 1024 2531 1100 est;
2580 1020 2759 1087 lucu-

362 1126 569 1192 lenter
615 1131 835 1192 autem
882 1132 947 1190 et
995 1127 1227 1192 diserte
1276 1125 1352 1191 de
1401 1128 1538 1191 eius
1580 1125 1976 1213 cosmologia
2020 1132 2085 1192 et
2129 1126 2591 1214 meteorologia
2637 1127 2761 1193 dis-

361 1254 566 1299 serere
613 1235 810 1298 etiam
858 1231 1202 1297 difficilius.
1268 1231 1483 1297 Habet
1530 1234 1704 1297 enim
1744 1233 1864 1298 hoc
1904 1231 2281 1318 Euripides,
2324 1233 2492 1318 quod
2533 1233 2763 1299 multis

359 1340 822 1406 recentioribus
893 1341 1131 1424 poetiS,
1197 1340 1575 1424 praesertim
1649 1339 2011 1405 eruditione
2084 1338 2359 1424 quadam
2421 1325 2759 1426 praeditis,

363 1452 576 1512 nostra
639 1467 889 1532 quoque
953 1452 1159 1511 aetate
1222 1447 1554 1531 proprium
1609 1451 1741 1510 est:
1806 1445 2030 1511 doctus
2075 1452 2247 1526 erat3
2296 1446 2610 1532 quidquid
2660 1449 2763 1513 sui

362 1556 674 1640 temporis
718 1553 1088 1639 philosophi
1137 1555 1518 1638 scripserant
1562 1552 1786 1618 sedulo
1831 1552 2187 1632 lectitarat,
2239 1552 2349 1619 sed
2387 1555 2481 1618 ita
2516 1553 2762 1620 lectita-

366 1666 468 1726 rat
495 1666 573 1725 ut
594 1660 973 1746 plerumque
999 1660 1206 1725 solent
1229 1665 1470 1746 poetae.
1514 1658 1937 1745 Empedoclea
1965 1661 2373 1745 Aristagorea
2397 1660 2762 1727 Heraclitea

368 1767 760 1832 delibaverat
769 1788 786 1848 3
830 1788 989 1852 quae
1029 1787 1140 1832 seu
1167 1768 1511 1833 verborum
1544 1769 1870 1853 gravitate
1896 1787 2007 1832 seu
2031 1767 2399 1853 imaginum
2423 1773 2761 1833 venustate

367 1872 770 1958 placuerant,
835 1879 1159 1958 receperat
1205 1875 1456 1950 animo,
1506 1893 1621 1938 nec
1669 1878 1888 1937 tamen
1934 1871 2468 1959 physiologorum
2516 1878 2762 1939 senten-

366 1982 496 2045 tiae
534 1981 790 2064 penitus
825 1982 895 2044 in
933 1986 1149 2045 mente
1188 1982 1328 2046 eius
1362 1980 1799 2045 inhaerebant.
1847 1979 2026 2044 Idem
2073 1979 2221 2058 ille,
2263 1983 2375 2066 qui
2421 1981 2761 2046 hominum

370 2089 616 2152 animos
677 2088 1064 2172 perscrutari
1128 2107 1459 2172 nunquam
1521 2085 1711 2152 desiit
1774 2123 1856 2134 —
1920 2107 2035 2151 nec
2095 2086 2458 2171 desperavit
2504 2087 2637 2153 fore
2686 2092 2762 2152 ut

371 2193 708 2280 cogitando
771 2196 945 2260 notio
991 2194 1068 2259 de
1116 2214 1372 2259 summo
1420 2195 1685 2258 numine
1734 2192 1923 2259 altior
1967 2195 2319 2279 certiorque
2367 2215 2561 2279 quam
2608 2195 2761 2259 Pro-

371 2306 631 2387 tagorea
669 2302 1106 2385 acquireretur
1145 2338 1228 2349 —
1263 2299 1678 2386 physicorum
1720 2301 2421 2384 astronomicorumque
2454 2299 2759 2365 doctrinis

371 2428 495 2473 non
557 2407 682 2471 nisi
746 2405 975 2472 leviter
1034 2406 1363 2482 imbutus,
1436 2405 1638 2470 doctis
1702 2403 1957 2490 quidem
2025 2406 2238 2470 verbis
2304 2405 2380 2471 de
2441 2408 2522 2471 iis
2569 2406 2759 2472 rebus

370 2514 624 2579 disserit
687 2511 796 2577 sed
855 2514 1202 2576 sententias
1251 2513 1520 2576 minime
1569 2510 1768 2586 claras
1813 2513 2135 2597 proponit.
2197 2511 2420 2597 Itaque
2467 2514 2759 2598 quotiens

371 2621 740 2706 quaerimus
803 2618 1134 2704 Euripidis
1197 2619 1272 2684 de
1321 2617 1539 2684 divina
1587 2620 1899 2704 sapientia
1947 2617 2289 2684 clementia
2332 2621 2585 2684 iustitia
2631 2619 2762 2705 pla-

371 2720 530 2807 cita,
597 2727 769 2792 haud
829 2746 1088 2813 prorsus
1148 2726 1358 2791 inanis
1418 2728 1539 2790 erit
1603 2724 1787 2790 labor
1841 2724 2182 2811 quaerendi
2202 2746 2219 2804 ;
2272 2725 2381 2790 sed
2428 2729 2495 2790 in
2542 2747 2757 2791 rerum

367 2839 597 2900 natura
665 2834 1036 2921 explicanda
1103 2836 1156 2897 si
1228 2835 1366 2920 ipse
1429 2838 1617 2918 poeta
1676 2854 1804 2898 non
1864 2832 2039 2898 ultra
2099 2835 2373 2898 incertas
2421 2835 2750 2918 opiniones

370 2943 701 3024 processit,
749 2939 903 3025 quid
949 2961 1065 3005 nos
1113 2941 1238 3005 nisi
1279 2940 1524 3004 incerta
1571 2938 1646 3004 de
1693 2961 1767 3005 eo
1815 2937 2255 3024 proferemus?

461 3044 585 3110 Sed
646 3046 800 3131 quid
862 3044 937 3110 de
995 3047 1296 3111 universa
1340 3044 1668 3130 Euripidis
1719 3044 2111 3131 cosmologia
2158 3045 2542 3112 censendum
2588 3047 2756 3112 mihi

370 3149 669 3216 videatur
705 3171 1017 3236 exponere
1056 3173 1184 3216 non
1222 3151 1417 3215 huius
1452 3157 1548 3216 est
1586 3149 1733 3216 loci.
1782 3151 1969 3216 Nunc
2010 3173 2231 3217 meum
2263 3156 2395 3232 est,
2439 3157 2753 3237 quantum

367 3278 665 3343 possum,
728 3259 1130 3344 argumentis
1191 3257 1659 3335 demonstrare,
1723 3278 1795 3322 ea
1857 3277 2017 3342 quae
2079 3258 2461 3343 fragmentis
2511 3258 2641 3323 593
2691 3266 2757 3325 et

369 3362 501 3428 594
542 3363 950 3449 proferuntur
987 3384 1112 3429 non
1155 3363 1490 3428 abhorrere
1529 3383 1565 3427 a
1605 3365 1832 3434 ceteris
1866 3362 2192 3449 Euripidis
2216 3363 2492 3449 placitis.
2535 3363 2608 3429 In
2634 3386 2758 3450 qua

364 3492 432 3536 re
481 3471 600 3537 hoc
639 3473 927 3558 primum
969 3470 1324 3536 cavendum
1367 3470 1625 3536 videtur
1663 3491 1745 3534 ne
1786 3468 2136 3555 quidquam
2174 3471 2536 3536 tribuamus
2576 3471 2758 3536 Euri-

365 3576 501 3662 pidi
549 3577 716 3663 quod
763 3600 888 3643 non
933 3584 1157 3662 poetae
1203 3577 1313 3642 sed
1360 3579 1498 3642 eius
1542 3578 1883 3661 interpreti
1931 3575 2255 3642 debeatur.
2306 3575 2544 3642 Scribit
2580 3579 2753 3644 enim

366 3681 662 3750 Olemens
724 3683 986 3764 (Strom.
1036 3683 1092 3748 V
1138 3705 1201 3768 p.
1256 3680 1384 3750 71¹7
1451 3683 1532 3748 cf.
1581 3683 1814 3748 Euseb.
1862 3683 1936 3747 P.
1986 3682 2059 3748 E.
2112 3682 2291 3748 XIII.
2346 3681 2505 3764 681)
2569 3684 2629 3747 ἐν
2695 3684 2756 3749 δὲ

363 3793 446 3868 τῷ
496 3792 742 3872 Πειρίθῳ
793 3787 1063 3871 δράματι
1113 3789 1140 3854 ὅ
1189 3789 1375 3862 αὐτὸς
1425 3790 1528 3855 καὶ
1579 3790 1730 3855 τάδε
1778 3789 2115 3871 τραγῳδεῖ·
2188 3863 2197 3870 ,

911 3897 977 3961 σὲ
1025 3898 1127 3962 τὸν
1175 3899 1504 3980 αὐτοφυὶἑ,
1555 3898 1656 3962 τὸν
1709 3897 1767 3960 ἐν
1817 3898 2049 3978 αἰθερίῳ

906 4002 1122 4083 ῥόμβῳ
1172 4005 1418 4068 πάντων
1465 4003 1655 4083 Φύσιν
1703 4003 2100 4081 ἔμπλέξανθ’,

911 4105 973 4173 ὃν
1019 4109 1150 4190 πέρι
1199 4109 1310 4185 μὲν
1357 4115 1528 4189 Φῶς,
1579 4108 1714 4186 πέρι
1767 4107 1819 4172 δ’
1867 4109 2131 4187 ὄρφναία

909 4213 1015 4290 νὺξ
1062 4215 1437 4295 αἱολόχρως,
1487 4213 1730 4295 ἄκριτός
1783 4217 1841 4276 τ’
1890 4213 2127 4293 ἄστρων

905 4319 1094 4402 ὄχλος
1145 4320 1477 4402 ἐνδελεχῶς
1529 4319 1984 4402 ἄμφιχορεύει·

362 4425 625 4490 ἐνταῦθα
690 4424 817 4504 γὰρ
866 4426 969 4490 τὸν
1017 4427 1129 4502 μὲν
1180 4426 1462 4505 αὐτοφυῆ
1513 4428 1616 4490 τὸν
1664 4425 2026 4506 δημιουργὸν
2074 4429 2203 4491 νοῦν
2253 4426 2503 4504 εἴρηκεν,
2552 4427 2636 4490 τὰ
2687 4425 2750 4491 δὲ

362 4531 500 4609 ἑξῆς
565 4532 666 4596 ἐπὶ
734 4535 841 4595 τοῦ
904 4532 1130 4610 κόσμου
1177 4530 1523 4610 τάσσεται,
1575 4533 1634 4596 ἐν
1681 4527 1725 4615 ᾧ
1775 4534 1875 4598 καὶ
1928 4533 1993 4597 αι’
2043 4534 2162 4613 (ita
2209 4535 2447 4599 rectius
2494 4532 2753 4614 Euseb.)
