<?xml version="1.0" encoding="UTF-8"?>
<!DOCTYPE html PUBLIC "-//W3C//DTD XHTML 1.0 Transitional//EN"
    "http://www.w3.org/TR/xhtml1/DTD/xhtml1-transitional.dtd">
<html xmlns="http://www.w3.org/1999/xhtml" xml:lang="en" lang="en">
 <head>
  <title>
</title>
<meta http-equiv="Content-Type" content="text/html;charset=utf-8" />
  <meta name='ocr-system' content='tesseract 3.04.00' />
  <meta name='ocr-capabilities' content='ocr_page ocr_carea ocr_par ocr_line ocrx_word'/>
</head>
<body>
  <div class='ocr_page' id='page_1' title='image "./mnemosynebiblio13servgoog_0312.png"; bbox 0 0 3392 5384; ppageno 0'>
   <div class='ocr_carea' id='block_1_1' title="bbox 688 425 2039 491">
    <p class='ocr_par' dir='ltr' id='par_1_1' title="bbox 688 425 2039 491">
     <span class='ocr_line' id='line_1_1' title="bbox 688 425 2039 491; baseline -0.003 0"><span class='ocrx_word' id='word_1_1' title='bbox 688 425 822 491; x_wconf 84' lang='grc'><strong>300</strong></span> <span class='ocrx_word' id='word_1_2' title='bbox 1725 438 2039 489; x_wconf 65' lang='lat' dir='ltr'><strong>nonnus.</strong></span> 
     </span>
    </p>
   </div>
   <div class='ocr_carea' id='block_1_2' title="bbox 571 607 3107 3124">
    <p class='ocr_par' dir='ltr' id='par_1_2' title="bbox 684 607 3077 806">
     <span class='ocr_line' id='line_1_2' title="bbox 779 607 3077 695; baseline -0.001 -19"><span class='ocrx_word' id='word_1_3' title='bbox 779 610 940 676; x_wconf 89' lang='lat' dir='ltr'><strong>Ibid.</strong></span> <span class='ocrx_word' id='word_1_4' title='bbox 991 609 1078 676; x_wconf 87' lang='lat'><strong>43</strong></span> <span class='ocrx_word' id='word_1_5' title='bbox 1127 613 1192 676; x_wconf 84' lang='lat' dir='ltr'><strong>et</strong></span> <span class='ocrx_word' id='word_1_6' title='bbox 1240 608 1325 676; x_wconf 88' lang='grc'><strong>46</strong></span> <span class='ocrx_word' id='word_1_7' title='bbox 1396 609 1685 695; x_wconf 86' lang='lat' dir='ltr'><strong>Utraque</strong></span> <span class='ocrx_word' id='word_1_8' title='bbox 1750 611 1942 674; x_wconf 89' lang='lat' dir='ltr'><strong>series</strong></span> <span class='ocrx_word' id='word_1_9' title='bbox 2004 608 2263 674; x_wconf 79' lang='lat' dir='ltr'><strong>exhibet</strong></span> <span class='ocrx_word' id='word_1_10' title='bbox 2325 607 2404 674; x_wconf 85' lang='lat' dir='ltr'><strong>ad</strong></span> <span class='ocrx_word' id='word_1_11' title='bbox 2465 609 2582 675; x_wconf 91' lang='lat' dir='ltr'><strong>hos</strong></span> <span class='ocrx_word' id='word_1_12' title='bbox 2628 607 2813 676; x_wconf 76' lang='lat' dir='ltr'><strong>locos</strong></span> <span class='ocrx_word' id='word_1_13' title='bbox 2876 608 3077 675; x_wconf 79' lang='lat' dir='ltr'><strong>schol.</strong></span> 
     </span>
     <span class='ocr_line' id='line_1_3' title="bbox 684 715 1573 806; baseline -0.001 -23"><span class='ocrx_word' id='word_1_14' title='bbox 684 719 970 806; x_wconf 84' lang='lat' dir='ltr'><strong>genuina</strong></span> <span class='ocrx_word' id='word_1_15' title='bbox 989 767 1006 797; x_wconf 88' lang='lat'><em>,</em></span> <span class='ocrx_word' id='word_1_16' title='bbox 1056 716 1226 783; x_wconf 89' lang='lat' dir='ltr'><strong>nihil</strong></span> <span class='ocrx_word' id='word_1_17' title='bbox 1272 715 1573 803; x_wconf 85' lang='lat' dir='ltr'><strong>amplius.</strong></span> 
     </span>
    </p>

    <p class='ocr_par' dir='ltr' id='par_1_3' title="bbox 680 808 3107 1742">
     <span class='ocr_line' id='line_1_4' title="bbox 774 808 3073 915; baseline 0 -27"><span class='ocrx_word' id='word_1_18' title='bbox 774 823 938 890; x_wconf 89' lang='lat' dir='ltr'><strong>Ibid.</strong></span> <span class='ocrx_word' id='word_1_19' title='bbox 989 822 1073 889; x_wconf 88' lang='grc'><strong>49</strong></span> <span class='ocrx_word' id='word_1_20' title='bbox 1146 823 1274 889; x_wconf 88' lang='lat' dir='ltr'><strong>De.</strong></span> <span class='ocrx_word' id='word_1_21' title='bbox 1337 823 1467 915; x_wconf 59' lang='lat' dir='ltr'><strong>Ita.⁸</strong></span> <span class='ocrx_word' id='word_1_22' title='bbox 1498 827 1574 888; x_wconf 88' lang='lat' dir='ltr'><strong>ut</strong></span> <span class='ocrx_word' id='word_1_23' title='bbox 1635 808 1819 888; x_wconf 85' lang='lat' dir='ltr'><strong>dieis.</strong></span> <span class='ocrx_word' id='word_1_24' title='bbox 1882 821 2058 908; x_wconf 83' lang='lat' dir='ltr'><strong>Ergo</strong></span> <span class='ocrx_word' id='word_1_25' title='bbox 2123 825 2273 886; x_wconf 85' lang='lat' dir='ltr'><strong>tum</strong></span> <span class='ocrx_word' id='word_1_26' title='bbox 2314 842 2465 887; x_wconf 83' lang='lat' dir='ltr'><strong>eum</strong></span> <span class='ocrx_word' id='word_1_27' title='bbox 2508 821 2908 909; x_wconf 79' lang='lat' dir='ltr'>advenissem</span> <span class='ocrx_word' id='word_1_28' title='bbox 2958 828 3073 904; x_wconf 82' lang='lat' dir='ltr'><strong>(sc.</strong></span> 
     </span>
     <span class='ocr_line' id='line_1_5' title="bbox 680 929 2278 1010; baseline -0.001 -15"><span class='ocrx_word' id='word_1_29' title='bbox 680 933 745 995; x_wconf 91' lang='lat' dir='ltr'><strong>in</strong></span> <span class='ocrx_word' id='word_1_30' title='bbox 796 929 1137 1010; x_wconf 85' lang='lat' dir='ltr'><strong>iudicium)</strong></span> <span class='ocrx_word' id='word_1_31' title='bbox 2274 943 2278 947; x_wconf 84' lang='lat'>&#39;</span> 
     </span>
     <span class='ocr_line' id='line_1_6' title="bbox 681 1033 3079 1122; baseline -0 -20"><span class='ocrx_word' id='word_1_32' title='bbox 681 1034 686 1037; x_wconf 75' lang='grc'><strong>’</strong></span> <span class='ocrx_word' id='word_1_33' title='bbox 772 1036 1014 1122; x_wconf 81' lang='lat' dir='ltr'><strong>Lepida</strong></span> <span class='ocrx_word' id='word_1_34' title='bbox 1076 1036 1500 1121; x_wconf 87' lang='lat' dir='ltr'><strong>Demiphouis</strong></span> <span class='ocrx_word' id='word_1_35' title='bbox 1549 1034 1770 1101; x_wconf 77' lang='lat' dir='ltr'><strong>verba</strong></span> <span class='ocrx_word' id='word_1_36' title='bbox 1801 1034 1939 1112; x_wconf 87' lang='lat' dir='ltr'><strong>„Ita</strong></span> <span class='ocrx_word' id='word_1_37' title='bbox 1986 1039 2063 1098; x_wconf 91' lang='lat' dir='ltr'><strong>ut</strong></span> <span class='ocrx_word' id='word_1_38' title='bbox 2111 1033 2312 1099; x_wconf 86' lang='lat' dir='ltr'><strong>dicis&#39;&#39;</strong></span> <span class='ocrx_word' id='word_1_39' title='bbox 2362 1039 2651 1119; x_wconf 82' lang='lat' dir='ltr'><strong>spectant</strong></span> <span class='ocrx_word' id='word_1_40' title='bbox 2696 1040 2953 1101; x_wconf 85' lang='lat' dir='ltr'><strong>tantum</strong></span> <span class='ocrx_word' id='word_1_41' title='bbox 3002 1055 3079 1101; x_wconf 87' lang='lat' dir='ltr'><strong>ea</strong></span> 
     </span>
     <span class='ocr_line' id='line_1_7' title="bbox 683 1141 3075 1233; baseline -0.001 -25"><span class='ocrx_word' id='word_1_42' title='bbox 683 1165 844 1230; x_wconf 86' lang='lat' dir='ltr'><strong>quae</strong></span> <span class='ocrx_word' id='word_1_43' title='bbox 884 1144 1189 1208; x_wconf 88' lang='lat' dir='ltr'>Phormio</span> <span class='ocrx_word' id='word_1_44' title='bbox 1214 1143 1393 1233; x_wconf 29' lang='lat' dir='ltr'><strong>,dixit</strong></span> <span class='ocrx_word' id='word_1_45' title='bbox 1429 1163 1524 1208; x_wconf 86' lang='lat' dir='ltr'><strong>vs.</strong></span> <span class='ocrx_word' id='word_1_46' title='bbox 1569 1141 1692 1208; x_wconf 86' lang='lat'><strong>46:</strong></span> <span class='ocrx_word' id='word_1_47' title='bbox 1739 1143 2035 1226; x_wconf 80' lang='lat' dir='ltr'><strong>„primus</strong></span> <span class='ocrx_word' id='word_1_48' title='bbox 2075 1162 2242 1206; x_wconf 86' lang='lat' dir='ltr'><strong>esses</strong></span> <span class='ocrx_word' id='word_1_49' title='bbox 2281 1143 2657 1207; x_wconf 82' lang='lat' dir='ltr'><strong>memoriter</strong></span> <span class='ocrx_word' id='word_1_50' title='bbox 2694 1143 3075 1227; x_wconf 82' lang='lat' dir='ltr'><strong>progeniem</strong></span> 
     </span>
     <span class='ocr_line' id='line_1_8' title="bbox 683 1247 3077 1336; baseline -0.002 -20"><span class='ocrx_word' id='word_1_51' title='bbox 683 1255 968 1316; x_wconf 85' lang='lat' dir='ltr'><strong>vostram</strong></span> <span class='ocrx_word' id='word_1_52' title='bbox 1035 1271 1235 1336; x_wconf 89' lang='lat' dir='ltr'><strong>usque</strong></span> <span class='ocrx_word' id='word_1_53' title='bbox 1282 1250 1360 1315; x_wconf 87' lang='lat' dir='ltr'><strong>ab</strong></span> <span class='ocrx_word' id='word_1_54' title='bbox 1408 1270 1527 1315; x_wconf 82' lang='lat' dir='ltr'><strong>avo</strong></span> <span class='ocrx_word' id='word_1_55' title='bbox 1575 1255 1767 1335; x_wconf 85' lang='lat' dir='ltr'><strong>atque</strong></span> <span class='ocrx_word' id='word_1_56' title='bbox 1816 1252 2007 1314; x_wconf 84' lang='lat' dir='ltr'><strong>atavo</strong></span> <span class='ocrx_word' id='word_1_57' title='bbox 2054 1247 2443 1333; x_wconf 85' lang='lat' dir='ltr'><strong>proferens&#39;&#39;,</strong></span> <span class='ocrx_word' id='word_1_58' title='bbox 2488 1269 2615 1314; x_wconf 89' lang='lat' dir='ltr'><strong>non</strong></span> <span class='ocrx_word' id='word_1_59' title='bbox 2662 1248 2742 1313; x_wconf 86' lang='lat' dir='ltr'><strong>ad</strong></span> <span class='ocrx_word' id='word_1_60' title='bbox 2785 1248 2855 1313; x_wconf 91' lang='lat' dir='ltr'><strong>id</strong></span> <span class='ocrx_word' id='word_1_61' title='bbox 2901 1247 3077 1334; x_wconf 91' lang='lat' dir='ltr'><strong>quod</strong></span> 
     </span>
     <span class='ocr_line' id='line_1_9' title="bbox 683 1353 3074 1441; baseline -0 -20"><span class='ocrx_word' id='word_1_62' title='bbox 683 1356 798 1422; x_wconf 79' lang='lat' dir='ltr'><strong>ille</strong></span> <span class='ocrx_word' id='word_1_63' title='bbox 860 1357 1107 1422; x_wconf 79' lang='lat' dir='ltr'><strong>dixerat</strong></span> <span class='ocrx_word' id='word_1_64' title='bbox 1169 1377 1265 1423; x_wconf 77' lang='lat' dir='ltr'><strong>vs.</strong></span> <span class='ocrx_word' id='word_1_65' title='bbox 1334 1355 1420 1421; x_wconf 90' lang='lat'><strong>46</strong></span> <span class='ocrx_word' id='word_1_66' title='bbox 1488 1358 1589 1434; x_wconf 82' lang='lat' dir='ltr'><strong>„si</strong></span> <span class='ocrx_word' id='word_1_67' title='bbox 1638 1354 1966 1421; x_wconf 79' lang='lat' dir='ltr'><strong>talentum</strong></span> <span class='ocrx_word' id='word_1_68' title='bbox 2012 1375 2150 1420; x_wconf 90' lang='lat' dir='ltr'><strong>rem</strong></span> <span class='ocrx_word' id='word_1_69' title='bbox 2197 1353 2562 1439; x_wconf 79' lang='lat' dir='ltr'><strong>reliquisset</strong></span> <span class='ocrx_word' id='word_1_70' title='bbox 2612 1353 2895 1433; x_wconf 82' lang='lat' dir='ltr'><strong>deeem&#39;’‚</strong></span> <span class='ocrx_word' id='word_1_71' title='bbox 2944 1376 3074 1441; x_wconf 91' lang='lat' dir='ltr'><strong>quo</strong></span> 
     </span>
     <span class='ocr_line' id='line_1_10' title="bbox 684 1460 3078 1548; baseline -0.001 -20"><span class='ocrx_word' id='word_1_72' title='bbox 684 1484 1020 1548; x_wconf 85' lang='lat' dir='ltr'><strong>perperam</strong></span> <span class='ocrx_word' id='word_1_73' title='bbox 1072 1469 1272 1529; x_wconf 85' lang='lat' dir='ltr'><strong>tracta</strong></span> <span class='ocrx_word' id='word_1_74' title='bbox 1319 1467 1470 1527; x_wconf 91' lang='lat' dir='ltr'><strong>sunt</strong></span> <span class='ocrx_word' id='word_1_75' title='bbox 1519 1463 1597 1528; x_wconf 88' lang='lat' dir='ltr'><strong>ab</strong></span> <span class='ocrx_word' id='word_1_76' title='bbox 1642 1462 1907 1528; x_wconf 82' lang='lat' dir='ltr'><strong>Editore</strong></span> <span class='ocrx_word' id='word_1_77' title='bbox 1955 1464 2019 1526; x_wconf 89' lang='lat' dir='ltr'><strong>in</strong></span> <span class='ocrx_word' id='word_1_78' title='bbox 2073 1461 2286 1543; x_wconf 83' lang='lat' dir='ltr'>A(l):</span> <span class='ocrx_word' id='word_1_79' title='bbox 2332 1460 2432 1527; x_wconf 88' lang='lat' dir='ltr'><strong>Ita</strong></span> <span class='ocrx_word' id='word_1_80' title='bbox 2478 1482 2657 1540; x_wconf 91' lang='lat' dir='ltr'><strong>sum,</strong></span> <span class='ocrx_word' id='word_1_81' title='bbox 2706 1464 2957 1548; x_wconf 88' lang='lat' dir='ltr'><strong>inquit,</strong></span> <span class='ocrx_word' id='word_1_82' title='bbox 2999 1467 3078 1527; x_wconf 85' lang='lat' dir='ltr'><strong>ut</strong></span> 
     </span>
     <span class='ocr_line' id='line_1_11' title="bbox 685 1567 3107 1653; baseline 0.001 -21"><span class='ocrx_word' id='word_1_83' title='bbox 685 1568 841 1634; x_wconf 83' lang='lat' dir='ltr'><strong>dicis</strong></span> <span class='ocrx_word' id='word_1_84' title='bbox 889 1591 1122 1636; x_wconf 86' lang='lat' dir='ltr'><strong>avarus</strong></span> <span class='ocrx_word' id='word_1_85' title='bbox 1172 1576 1236 1635; x_wconf 87' lang='lat' dir='ltr'><strong>et</strong></span> <span class='ocrx_word' id='word_1_86' title='bbox 1287 1568 1618 1653; x_wconf 88' lang='lat' dir='ltr'><strong>superbus.</strong></span> <span class='ocrx_word' id='word_1_87' title='bbox 1670 1567 1884 1634; x_wconf 78' lang='lat' dir='ltr'><strong>Schol.</strong></span> <span class='ocrx_word' id='word_1_88' title='bbox 1932 1569 1988 1632; x_wconf 90' lang='lat' dir='ltr'>A</span> <span class='ocrx_word' id='word_1_89' title='bbox 2014 1567 2110 1650; x_wconf 99' lang='grc'><strong>(2)</strong></span> <span class='ocrx_word' id='word_1_90' title='bbox 2134 1567 2231 1650; x_wconf 84' lang='grc'><strong>(3)</strong></span> <span class='ocrx_word' id='word_1_91' title='bbox 2270 1573 2335 1633; x_wconf 89' lang='lat' dir='ltr'><strong>et</strong></span> <span class='ocrx_word' id='word_1_92' title='bbox 2372 1567 2425 1632; x_wconf 94' lang='lat' dir='ltr'><strong>B</strong></span> <span class='ocrx_word' id='word_1_93' title='bbox 2468 1567 2543 1633; x_wconf 91' lang='lat' dir='ltr'><strong>de</strong></span> <span class='ocrx_word' id='word_1_94' title='bbox 2582 1568 2908 1634; x_wconf 83' lang='lat' dir='ltr'><strong>schemate</strong></span> <span class='ocrx_word' id='word_1_95' title='bbox 2946 1568 3107 1635; x_wconf 71' lang='lat' dir='ltr'>Do-&#39;</span> 
     </span>
     <span class='ocr_line' id='line_1_12' title="bbox 681 1669 2872 1742; baseline 0.001 -2"><span class='ocrx_word' id='word_1_96' title='bbox 681 1678 818 1741; x_wconf 88' lang='lat' dir='ltr'><strong>nati</strong></span> <span class='ocrx_word' id='word_1_97' title='bbox 862 1682 1034 1742; x_wconf 87' lang='lat' dir='ltr'><strong>sunt.</strong></span> <span class='ocrx_word' id='word_1_98' title='bbox 1575 1729 1578 1734; x_wconf 95' lang='lat'>.</span> <span class='ocrx_word' id='word_1_99' title='bbox 2748 1669 2753 1674; x_wconf 44' lang='lat'>⁸</span> <span class='ocrx_word' id='word_1_100' title='bbox 2859 1735 2872 1742; x_wconf 92' lang='lat'>-</span> 
     </span>
    </p>

    <p class='ocr_par' dir='ltr' id='par_1_4' title="bbox 571 1781 3071 2081">
     <span class='ocr_line' id='line_1_13' title="bbox 771 1781 3071 1870; baseline 0 -23"><span class='ocrx_word' id='word_1_101' title='bbox 771 1781 933 1849; x_wconf 92' lang='lat' dir='ltr'><strong>Ibid.</strong></span> <span class='ocrx_word' id='word_1_102' title='bbox 986 1782 1251 1849; x_wconf 86' lang='lat'>51—59</span> <span class='ocrx_word' id='word_1_103' title='bbox 1322 1783 1448 1849; x_wconf 82' lang='lat' dir='ltr'><strong>Sex</strong></span> <span class='ocrx_word' id='word_1_104' title='bbox 1510 1781 1752 1848; x_wconf 83' lang='lat' dir='ltr'><strong>scholia</strong></span> <span class='ocrx_word' id='word_1_105' title='bbox 1798 1782 2094 1870; x_wconf 77' lang='lat' dir='ltr'><strong>breviora</strong></span> <span class='ocrx_word' id='word_1_106' title='bbox 2140 1781 2377 1847; x_wconf 84' lang='lat' dir='ltr'><strong>Donati</strong></span> <span class='ocrx_word' id='word_1_107' title='bbox 2420 1783 2487 1847; x_wconf 91' lang='lat' dir='ltr'><strong>in</strong></span> <span class='ocrx_word' id='word_1_108' title='bbox 2536 1784 2613 1847; x_wconf 88' lang='lat' dir='ltr'><strong>A.</strong></span> <span class='ocrx_word' id='word_1_109' title='bbox 2753 1781 2948 1848; x_wconf 84' lang='lat' dir='ltr'><strong>Deest</strong></span> <span class='ocrx_word' id='word_1_110' title='bbox 2993 1783 3071 1861; x_wconf 91' lang='lat' dir='ltr'><strong>B,</strong></span> 
     </span>
     <span class='ocr_line' id='line_1_14' title="bbox 687 1886 2479 1974; baseline 0.001 -22"><span class='ocrx_word' id='word_1_111' title='bbox 687 1891 797 1974; x_wconf 90' lang='lat' dir='ltr'><strong>qui</strong></span> <span class='ocrx_word' id='word_1_112' title='bbox 837 1894 1053 1955; x_wconf 82' lang='lat' dir='ltr'><strong>contra</strong></span> <span class='ocrx_word' id='word_1_113' title='bbox 1100 1888 1180 1954; x_wconf 88' lang='lat' dir='ltr'><strong>ad</strong></span> <span class='ocrx_word' id='word_1_114' title='bbox 1228 1888 1310 1954; x_wconf 90' lang='lat'><strong>61</strong></span> <span class='ocrx_word' id='word_1_115' title='bbox 1365 1888 1599 1955; x_wconf 87' lang='lat' dir='ltr'><strong>Donati</strong></span> <span class='ocrx_word' id='word_1_116' title='bbox 1647 1887 1847 1954; x_wconf 82' lang='lat' dir='ltr'><strong>schol.</strong></span> <span class='ocrx_word' id='word_1_117' title='bbox 1895 1888 2157 1954; x_wconf 82' lang='lat' dir='ltr'><strong>exhibet</strong></span> <span class='ocrx_word' id='word_1_118' title='bbox 2200 1886 2479 1974; x_wconf 81' lang='lat' dir='ltr'><strong>longius,</strong></span> 
     </span>
     <span class='ocr_line' id='line_1_15' title="bbox 571 1993 3070 2081; baseline 0 -21"><span class='ocrx_word' id='word_1_119' title='bbox 571 2052 578 2060; x_wconf 93' lang='lat'>.</span> <span class='ocrx_word' id='word_1_120' title='bbox 772 1994 936 2060; x_wconf 90' lang='lat' dir='ltr'><strong>Ibid.</strong></span> <span class='ocrx_word' id='word_1_121' title='bbox 988 1993 1074 2060; x_wconf 85' lang='lat'><strong>62</strong></span> <span class='ocrx_word' id='word_1_122' title='bbox 1144 1995 1441 2076; x_wconf 91' lang='grc' dir='ltr'>Α(1)(2)</span> <span class='ocrx_word' id='word_1_123' title='bbox 1496 1995 1720 2061; x_wconf 85' lang='lat' dir='ltr'><strong>brevia</strong></span> <span class='ocrx_word' id='word_1_124' title='bbox 1764 1993 2020 2060; x_wconf 86' lang='lat' dir='ltr'><strong>Donati.</strong></span> <span class='ocrx_word' id='word_1_125' title='bbox 2085 1993 2138 2057; x_wconf 95' lang='lat' dir='ltr'>B</span> <span class='ocrx_word' id='word_1_126' title='bbox 2186 1996 2416 2059; x_wconf 83' lang='lat' dir='ltr'><strong>tritum</strong></span> <span class='ocrx_word' id='word_1_127' title='bbox 2461 1993 2630 2060; x_wconf 92' lang='lat' dir='ltr'><strong>illud</strong></span> <span class='ocrx_word' id='word_1_128' title='bbox 2678 1993 3070 2081; x_wconf 83' lang='lat' dir='ltr'><strong>magistelli:</strong></span> 
     </span>
    </p>

    <p class='ocr_par' dir='ltr' id='par_1_5' title="bbox 688 2100 1342 2186">
     <span class='ocr_line' id='line_1_16' title="bbox 688 2100 1342 2186; baseline 0.002 -22"><span class='ocrx_word' id='word_1_129' title='bbox 688 2101 837 2179; x_wconf 86' lang='lat' dir='ltr'><strong>„id”</strong></span> <span class='ocrx_word' id='word_1_130' title='bbox 888 2123 1002 2186; x_wconf 88' lang='lat' dir='ltr'><strong>pro</strong></span> <span class='ocrx_word' id='word_1_131' title='bbox 1051 2100 1128 2166; x_wconf 93' lang='lat' dir='ltr'><strong>ob</strong></span> <span class='ocrx_word' id='word_1_132' title='bbox 1175 2101 1242 2165; x_wconf 90' lang='lat' dir='ltr'><strong>id</strong></span> <span class='ocrx_word' id='word_1_133' title='bbox 1274 2102 1342 2182; x_wconf 89' lang='lat'><strong>¹).</strong></span> 
     </span>
    </p>

    <p class='ocr_par' dir='ltr' id='par_1_6' title="bbox 688 2206 3071 2396">
     <span class='ocr_line' id='line_1_17' title="bbox 774 2206 3071 2293; baseline 0.001 -21"><span class='ocrx_word' id='word_1_134' title='bbox 774 2206 933 2272; x_wconf 93' lang='lat' dir='ltr'><strong>Ibid.</strong></span> <span class='ocrx_word' id='word_1_135' title='bbox 985 2206 1092 2285; x_wconf 89' lang='lat'><strong>64,</strong></span> <span class='ocrx_word' id='word_1_136' title='bbox 1145 2206 1250 2286; x_wconf 84' lang='lat'><strong>65,</strong></span> <span class='ocrx_word' id='word_1_137' title='bbox 1303 2207 1388 2272; x_wconf 89' lang='grc'><strong>66</strong></span> <span class='ocrx_word' id='word_1_138' title='bbox 1462 2207 1517 2272; x_wconf 89' lang='grc' dir='ltr'><strong>Α</strong></span> <span class='ocrx_word' id='word_1_139' title='bbox 1573 2211 1878 2293; x_wconf 86' lang='lat' dir='ltr'><strong>quattuor</strong></span> <span class='ocrx_word' id='word_1_140' title='bbox 1924 2207 2145 2273; x_wconf 81' lang='lat' dir='ltr'><strong>brevia</strong></span> <span class='ocrx_word' id='word_1_141' title='bbox 2193 2206 2452 2273; x_wconf 82' lang='lat' dir='ltr'><strong>Donati.</strong></span> <span class='ocrx_word' id='word_1_142' title='bbox 2524 2208 2577 2273; x_wconf 94' lang='lat' dir='ltr'><strong>B</strong></span> <span class='ocrx_word' id='word_1_143' title='bbox 2626 2208 2945 2274; x_wconf 82' lang='lat' dir='ltr'><strong>rhetorica</strong></span> <span class='ocrx_word' id='word_1_144' title='bbox 2990 2207 3071 2274; x_wconf 83' lang='lat' dir='ltr'><strong>ad</strong></span> 
     </span>
     <span class='ocr_line' id='line_1_18' title="bbox 688 2312 1480 2396; baseline 0 -17"><span class='ocrx_word' id='word_1_145' title='bbox 688 2312 775 2379; x_wconf 89' lang='grc'><strong>64</strong></span> <span class='ocrx_word' id='word_1_146' title='bbox 823 2319 887 2380; x_wconf 89' lang='lat' dir='ltr'><strong>et</strong></span> <span class='ocrx_word' id='word_1_147' title='bbox 936 2313 1021 2379; x_wconf 89' lang='lat'><strong>66</strong></span> <span class='ocrx_word' id='word_1_148' title='bbox 1048 2315 1120 2396; x_wconf 80' lang='grc'><strong>2).</strong></span> <span class='ocrx_word' id='word_1_149' title='bbox 1471 2343 1480 2352; x_wconf 77' lang='grc'><strong>-</strong></span> 
     </span>
    </p>

    <p class='ocr_par' dir='ltr' id='par_1_7' title="bbox 684 2417 3067 2613">
     <span class='ocr_line' id='line_1_19' title="bbox 774 2417 3067 2506; baseline 0 -20"><span class='ocrx_word' id='word_1_150' title='bbox 774 2420 938 2486; x_wconf 89' lang='lat' dir='ltr'><strong>Ibid.</strong></span> <span class='ocrx_word' id='word_1_151' title='bbox 988 2417 1070 2486; x_wconf 88' lang='grc'><strong>67</strong></span> <span class='ocrx_word' id='word_1_152' title='bbox 1143 2421 1276 2486; x_wconf 89' lang='lat' dir='ltr'><strong>Ph.</strong></span> <span class='ocrx_word' id='word_1_153' title='bbox 1343 2419 1524 2486; x_wconf 87' lang='lat' dir='ltr'><strong>Itane</strong></span> <span class='ocrx_word' id='word_1_154' title='bbox 1574 2419 1834 2486; x_wconf 86' lang='lat' dir='ltr'><strong>tandem</strong></span> <span class='ocrx_word' id='word_1_155' title='bbox 1881 2440 2148 2505; x_wconf 84' lang='lat' dir='ltr'><strong>quaese,</strong></span> <span class='ocrx_word' id='word_1_156' title='bbox 2199 2422 2526 2506; x_wconf 83' lang='lat' dir='ltr'><strong>virginem</strong></span> <span class='ocrx_word' id='word_1_157' title='bbox 2574 2442 2723 2487; x_wconf 82' lang='lat' dir='ltr'><strong>cum</strong></span> <span class='ocrx_word' id='word_1_158' title='bbox 2773 2421 3067 2500; x_wconf 85' lang='lat' dir='ltr'><strong>duxeris,</strong></span> 
     </span>
     <span class='ocr_line' id='line_1_20' title="bbox 684 2525 2343 2613; baseline 0.001 -22"><span class='ocrx_word' id='word_1_159' title='bbox 684 2527 1043 2593; x_wconf 83' lang='lat' dir='ltr'><strong>mercedem</strong></span> <span class='ocrx_word' id='word_1_160' title='bbox 1082 2527 1238 2593; x_wconf 86' lang='lat' dir='ltr'><strong>&#39;dare</strong></span> <span class='ocrx_word' id='word_1_161' title='bbox 1284 2527 1388 2593; x_wconf 85' lang='lat' dir='ltr'><strong>lex</strong></span> <span class='ocrx_word' id='word_1_162' title='bbox 1435 2528 1614 2592; x_wconf 78' lang='lat' dir='ltr'><strong>Iubet</strong></span> <span class='ocrx_word' id='word_1_163' title='bbox 1661 2529 1722 2592; x_wconf 86' lang='lat' dir='ltr'><strong>ei</strong></span> <span class='ocrx_word' id='word_1_164' title='bbox 1767 2532 1958 2613; x_wconf 86' lang='lat' dir='ltr'><strong>atque</strong></span> <span class='ocrx_word' id='word_1_165' title='bbox 2005 2525 2343 2593; x_wconf 79' lang='lat' dir='ltr'><strong>amittere?</strong></span> 
     </span>
    </p>

    <p class='ocr_par' dir='ltr' id='par_1_8' title="bbox 681 2632 3068 2828">
     <span class='ocr_line' id='line_1_21' title="bbox 771 2632 3068 2718; baseline 0.001 -20"><span class='ocrx_word' id='word_1_166' title='bbox 771 2635 829 2698; x_wconf 94' lang='lat' dir='ltr'>A</span> <span class='ocrx_word' id='word_1_167' title='bbox 877 2634 1044 2700; x_wconf 89' lang='lat' dir='ltr'><strong>Bene</strong></span> <span class='ocrx_word' id='word_1_168' title='bbox 1087 2635 1491 2712; x_wconf 84' lang='lat' dir='ltr'><strong>,‚amittere&#39;&#39;,</strong></span> <span class='ocrx_word' id='word_1_169' title='bbox 1534 2635 1685 2718; x_wconf 88' lang='lat' dir='ltr'><strong>quia</strong></span> <span class='ocrx_word' id='word_1_170' title='bbox 1724 2632 1868 2697; x_wconf 85' lang='lat' dir='ltr'><strong>finis</strong></span> <span class='ocrx_word' id='word_1_171' title='bbox 1908 2632 2281 2718; x_wconf 80' lang='lat' dir='ltr'><strong>cupiditatis</strong></span> <span class='ocrx_word' id='word_1_172' title='bbox 2328 2635 2679 2700; x_wconf 84' lang='lat' dir='ltr'><strong>amissio</strong></span> <span class='ocrx_word' id='word_1_173' title='bbox 2727 2639 2843 2700; x_wconf 90' lang='lat' dir='ltr'><strong>est.</strong></span> <span class='ocrx_word' id='word_1_174' title='bbox 2982 2634 3068 2700; x_wconf 82' lang='lat' dir='ltr'><strong>Et</strong></span> 
     </span>
     <span class='ocr_line' id='line_1_22' title="bbox 681 2726 3065 2828; baseline 0.001 -24"><span class='ocrx_word' id='word_1_175' title='bbox 681 2761 793 2826; x_wconf 88' lang='lat' dir='ltr'><strong>per</strong></span> <span class='ocrx_word' id='word_1_176' title='bbox 839 2761 904 2805; x_wconf 91' lang='lat' dir='ltr'><strong>se</strong></span> <span class='ocrx_word' id='word_1_177' title='bbox 954 2746 1017 2805; x_wconf 84' lang='lat' dir='ltr'><strong>et</strong></span> <span class='ocrx_word' id='word_1_178' title='bbox 1062 2741 1182 2806; x_wconf 84' lang='lat' dir='ltr'><strong>hoe</strong></span> <span class='ocrx_word' id='word_1_179' title='bbox 1226 2739 1362 2806; x_wconf 85' lang='lat' dir='ltr'><strong>loeo</strong></span> <span class='ocrx_word' id='word_1_180' title='bbox 1411 2743 1566 2805; x_wconf 84' lang='lat' dir='ltr'><strong>satis</strong></span> <span class='ocrx_word' id='word_1_181' title='bbox 1613 2738 1991 2819; x_wconf 81' lang='lat' dir='ltr'><strong>absurdum3</strong></span> <span class='ocrx_word' id='word_1_182' title='bbox 2043 2726 2364 2826; x_wconf 75' lang='lat' dir='ltr'><strong>siguificat</strong></span> <span class='ocrx_word' id='word_1_183' title='bbox 2401 2741 2573 2806; x_wconf 90' lang='lat' dir='ltr'><strong>enim</strong></span> <span class='ocrx_word' id='word_1_184' title='bbox 2622 2742 3065 2828; x_wconf 87' lang='lat' dir='ltr'><strong>repudiare.</strong></span> 
     </span>
    </p>

    <p class='ocr_par' dir='ltr' id='par_1_9' title="bbox 679 2845 3070 3124">
     <span class='ocr_line' id='line_1_23' title="bbox 772 2845 3069 2934; baseline 0.001 -24"><span class='ocrx_word' id='word_1_185' title='bbox 772 2845 934 2911; x_wconf 91' lang='lat' dir='ltr'><strong>Ibid.</strong></span> <span class='ocrx_word' id='word_1_186' title='bbox 985 2845 1072 2911; x_wconf 88' lang='grc'><strong>68</strong></span> <span class='ocrx_word' id='word_1_187' title='bbox 1158 2848 1213 2910; x_wconf 93' lang='grc' dir='ltr'><strong>Α</strong></span> <span class='ocrx_word' id='word_1_188' title='bbox 1240 2846 1334 2927; x_wconf 93' lang='grc'><strong>(1)</strong></span> <span class='ocrx_word' id='word_1_189' title='bbox 1395 2846 1698 2931; x_wconf 81' lang='lat' dir='ltr'><strong>Longum</strong></span> <span class='ocrx_word' id='word_1_190' title='bbox 1762 2852 1826 2910; x_wconf 82' lang='lat' dir='ltr'><strong>et</strong></span> <span class='ocrx_word' id='word_1_191' title='bbox 1888 2848 2222 2934; x_wconf 83' lang='lat' dir='ltr'><strong>integrum</strong></span> <span class='ocrx_word' id='word_1_192' title='bbox 2266 2845 2522 2914; x_wconf 86' lang='lat' dir='ltr'><strong>Donati.</strong></span> <span class='ocrx_word' id='word_1_193' title='bbox 2639 2847 2734 2930; x_wconf 92' lang='grc'><strong>(2)</strong></span> <span class='ocrx_word' id='word_1_194' title='bbox 2782 2848 3069 2914; x_wconf 85' lang='lat' dir='ltr'><strong>Rhetori-</strong></span> 
     </span>
     <span class='ocr_line' id='line_1_24' title="bbox 683 2951 3070 3041; baseline 0.001 -24"><span class='ocrx_word' id='word_1_195' title='bbox 683 2974 833 3017; x_wconf 85' lang='lat' dir='ltr'><strong>eum</strong></span> <span class='ocrx_word' id='word_1_196' title='bbox 861 2951 930 3034; x_wconf 79' lang='grc'><strong>3).</strong></span> <span class='ocrx_word' id='word_1_197' title='bbox 997 2952 1188 3017; x_wconf 87' lang='lat' dir='ltr'><strong>Vides</strong></span> <span class='ocrx_word' id='word_1_198' title='bbox 1233 2955 1443 3039; x_wconf 82' lang='lat' dir='ltr'><strong>igitur</strong></span> <span class='ocrx_word' id='word_1_199' title='bbox 1489 2961 1828 3037; x_wconf 85' lang='lat' dir='ltr'><strong>utramque</strong></span> <span class='ocrx_word' id='word_1_200' title='bbox 1876 2955 2108 3019; x_wconf 88' lang='lat' dir='ltr'><strong>seriem</strong></span> <span class='ocrx_word' id='word_1_201' title='bbox 2153 2954 2352 3021; x_wconf 87' lang='lat' dir='ltr'><strong>etiam</strong></span> <span class='ocrx_word' id='word_1_202' title='bbox 2400 2954 2746 3021; x_wconf 82' lang='lat' dir='ltr'><strong>rhetoricas</strong></span> <span class='ocrx_word' id='word_1_203' title='bbox 2792 2956 3070 3041; x_wconf 84' lang='lat' dir='ltr'><strong>interpo-</strong></span> 
     </span>
     <span class='ocr_line' id='line_1_25' title="bbox 679 3057 1600 3124; baseline 0 -2"><span class='ocrx_word' id='word_1_204' title='bbox 679 3057 951 3124; x_wconf 87' lang='lat' dir='ltr'><strong>lationes</strong></span> <span class='ocrx_word' id='word_1_205' title='bbox 998 3066 1230 3124; x_wconf 87' lang='lat' dir='ltr'><strong>tenere.</strong></span> <span class='ocrx_word' id='word_1_206' title='bbox 1302 3059 1355 3123; x_wconf 95' lang='lat' dir='ltr'>B</span> <span class='ocrx_word' id='word_1_207' title='bbox 1404 3059 1600 3124; x_wconf 85' lang='lat' dir='ltr'><strong>deest.</strong></span> 
     </span>
    </p>
   </div>
   <div class='ocr_carea' id='block_1_3' title="bbox 665 3162 3067 4195">
    <p class='ocr_par' dir='ltr' id='par_1_10' title="bbox 770 3162 2185 3251">
     <span class='ocr_line' id='line_1_26' title="bbox 770 3162 2185 3251; baseline 0.002 -22"><span class='ocrx_word' id='word_1_208' title='bbox 770 3165 930 3230; x_wconf 91' lang='lat' dir='ltr'><strong>Ibid.</strong></span> <span class='ocrx_word' id='word_1_209' title='bbox 983 3163 1068 3231; x_wconf 93' lang='grc'><strong>70</strong></span> <span class='ocrx_word' id='word_1_210' title='bbox 1115 3171 1181 3231; x_wconf 90' lang='lat' dir='ltr'><strong>et</strong></span> <span class='ocrx_word' id='word_1_211' title='bbox 1231 3162 1314 3231; x_wconf 95' lang='grc'><strong>72</strong></span> <span class='ocrx_word' id='word_1_212' title='bbox 1385 3166 1444 3230; x_wconf 91' lang='grc' dir='ltr'><strong>Α</strong></span> <span class='ocrx_word' id='word_1_213' title='bbox 1490 3165 1616 3251; x_wconf 85' lang='lat' dir='ltr'><strong>duo</strong></span> <span class='ocrx_word' id='word_1_214' title='bbox 1663 3166 1884 3233; x_wconf 83' lang='lat' dir='ltr'><strong>brevia</strong></span> <span class='ocrx_word' id='word_1_215' title='bbox 1930 3165 2185 3232; x_wconf 87' lang='lat' dir='ltr'><strong>Donati.</strong></span> 
     </span>
    </p>

    <p class='ocr_par' dir='ltr' id='par_1_11' title="bbox 770 3270 1953 3347">
     <span class='ocr_line' id='line_1_27' title="bbox 770 3270 1953 3347; baseline 0.003 -10"><span class='ocrx_word' id='word_1_216' title='bbox 770 3272 932 3338; x_wconf 86' lang='lat' dir='ltr'><strong>Ibid.</strong></span> <span class='ocrx_word' id='word_1_217' title='bbox 984 3270 1067 3339; x_wconf 82' lang='lat'><strong>&#39;73</strong></span> <span class='ocrx_word' id='word_1_218' title='bbox 1134 3271 1284 3338; x_wconf 83' lang='lat' dir='ltr'><strong>Sine</strong></span> <span class='ocrx_word' id='word_1_219' title='bbox 1332 3273 1520 3339; x_wconf 93' lang='lat' dir='ltr'><strong>modo</strong></span> <span class='ocrx_word' id='word_1_220' title='bbox 1948 3344 1953 3347; x_wconf 73' lang='grc'><strong>,</strong></span> 
     </span>
    </p>

    <p class='ocr_par' dir='ltr' id='par_1_12' title="bbox 681 3379 3067 3658">
     <span class='ocr_line' id='line_1_28' title="bbox 774 3379 3067 3463; baseline 0.001 -19"><span class='ocrx_word' id='word_1_221' title='bbox 774 3379 948 3461; x_wconf 90' lang='grc' dir='ltr'>Α(1)</span> <span class='ocrx_word' id='word_1_222' title='bbox 1017 3379 1193 3445; x_wconf 81' lang='lat' dir='ltr'><strong>Haec</strong></span> <span class='ocrx_word' id='word_1_223' title='bbox 1261 3382 1570 3445; x_wconf 88' lang='lat' dir='ltr'><strong>minantis</strong></span> <span class='ocrx_word' id='word_1_224' title='bbox 1639 3386 1793 3445; x_wconf 92' lang='lat' dir='ltr'><strong>sunt</strong></span> <span class='ocrx_word' id='word_1_225' title='bbox 1859 3381 2128 3447; x_wconf 44' lang='lat' dir='ltr'><strong>vel-bas</strong></span> <span class='ocrx_word' id='word_1_226' title='bbox 2215 3381 2311 3463; x_wconf 92' lang='grc'><strong>(2)</strong></span> <span class='ocrx_word' id='word_1_227' title='bbox 2382 3380 2551 3447; x_wconf 89' lang='lat' dir='ltr'><strong>Bene</strong></span> <span class='ocrx_word' id='word_1_228' title='bbox 2612 3383 2908 3446; x_wconf 82' lang='lat' dir='ltr'><strong>imitatus</strong></span> <span class='ocrx_word' id='word_1_229' title='bbox 2969 3388 3067 3447; x_wconf 88' lang='lat' dir='ltr'><strong>est</strong></span> 
     </span>
     <span class='ocr_line' id='line_1_29' title="bbox 681 3485 3065 3574; baseline 0 -23"><span class='ocrx_word' id='word_1_230' title='bbox 681 3485 946 3551; x_wconf 91' lang='lat' dir='ltr'><strong>modum</strong></span> <span class='ocrx_word' id='word_1_231' title='bbox 997 3489 1467 3552; x_wconf 87' lang='lat' dir='ltr'><strong>comminantis.</strong></span> <span class='ocrx_word' id='word_1_232' title='bbox 1585 3486 1686 3551; x_wconf 95' lang='lat' dir='ltr'><strong>IP</strong></span> <span class='ocrx_word' id='word_1_233' title='bbox 1734 3487 1853 3552; x_wconf 82' lang='lat' dir='ltr'><strong>hoc</strong></span> <span class='ocrx_word' id='word_1_234' title='bbox 1897 3485 2001 3551; x_wconf 91' lang='lat' dir='ltr'><strong>illi</strong></span> <span class='ocrx_word' id='word_1_235' title='bbox 2048 3509 2163 3573; x_wconf 90' lang='lat' dir='ltr'><strong>pro</strong></span> <span class='ocrx_word' id='word_1_236' title='bbox 2210 3493 2559 3574; x_wconf 81' lang='lat' dir='ltr'><strong>augmento</strong></span> <span class='ocrx_word' id='word_1_237' title='bbox 2608 3486 2922 3554; x_wconf 81' lang='lat' dir='ltr'><strong>addidisse</strong></span> <span class='ocrx_word' id='word_1_238' title='bbox 2970 3489 3065 3554; x_wconf 87' lang='lat' dir='ltr'><strong>vi-</strong></span> 
     </span>
     <span class='ocr_line' id='line_1_30' title="bbox 681 3592 889 3658; baseline 0 -2"><span class='ocrx_word' id='word_1_239' title='bbox 681 3592 889 3658; x_wconf 86' lang='lat' dir='ltr'><strong>detur.</strong></span> 
     </span>
    </p>

    <p class='ocr_par' dir='ltr' id='par_1_13' title="bbox 772 3698 1630 3785">
     <span class='ocr_line' id='line_1_31' title="bbox 772 3698 1630 3785; baseline 0 -21"><span class='ocrx_word' id='word_1_240' title='bbox 772 3699 825 3764; x_wconf 93' lang='lat' dir='ltr'>B</span> <span class='ocrx_word' id='word_1_241' title='bbox 888 3698 1013 3764; x_wconf 92' lang='lat' dir='ltr'><strong>duo</strong></span> <span class='ocrx_word' id='word_1_242' title='bbox 1060 3699 1280 3765; x_wconf 87' lang='lat' dir='ltr'><strong>brevia</strong></span> <span class='ocrx_word' id='word_1_243' title='bbox 1328 3701 1630 3785; x_wconf 85' lang='lat' dir='ltr'><strong>genuina.</strong></span> 
     </span>
    </p>

    <p class='ocr_par' dir='ltr' id='par_1_14' title="bbox 665 3803 3063 3978">
     <span class='ocr_line' id='line_1_32' title="bbox 769 3803 3063 3895; baseline 0.002 -25"><span class='ocrx_word' id='word_1_244' title='bbox 769 3805 930 3870; x_wconf 90' lang='lat' dir='ltr'><strong>Ibid.</strong></span> <span class='ocrx_word' id='word_1_245' title='bbox 976 3803 1059 3872; x_wconf 80' lang='lat'><strong>¹75</strong></span> <span class='ocrx_word' id='word_1_246' title='bbox 1128 3807 1186 3870; x_wconf 94' lang='lat' dir='ltr'>A</span> <span class='ocrx_word' id='word_1_247' title='bbox 1234 3806 1628 3871; x_wconf 83' lang='lat' dir='ltr'><strong>rhetoricum</strong></span> <span class='ocrx_word' id='word_1_248' title='bbox 1675 3809 1993 3892; x_wconf 89' lang='lat' dir='ltr'><strong>spurium.</strong></span> <span class='ocrx_word' id='word_1_249' title='bbox 2089 3807 2141 3872; x_wconf 93' lang='lat' dir='ltr'>B</span> <span class='ocrx_word' id='word_1_250' title='bbox 2183 3807 2309 3874; x_wconf 89' lang='lat' dir='ltr'><strong>duo</strong></span> <span class='ocrx_word' id='word_1_251' title='bbox 2347 3809 2646 3895; x_wconf 81' lang='lat' dir='ltr'><strong>genuina.</strong></span> <span class='ocrx_word' id='word_1_252' title='bbox 2746 3807 2830 3875; x_wconf 84' lang='lat'><strong>76</strong></span> <span class='ocrx_word' id='word_1_253' title='bbox 2870 3815 2936 3874; x_wconf 90' lang='lat' dir='ltr'><strong>et</strong></span> <span class='ocrx_word' id='word_1_254' title='bbox 2978 3805 3063 3875; x_wconf 87' lang='grc'><strong>78</strong></span> 
     </span>
     <span class='ocr_line' id='line_1_33' title="bbox 665 3911 1529 3978; baseline 0.001 -1"><span class='ocrx_word' id='word_1_255' title='bbox 665 3915 736 3977; x_wconf 88' lang='grc' dir='ltr'><strong>-Α</strong></span> <span class='ocrx_word' id='word_1_256' title='bbox 786 3911 1226 3978; x_wconf 83' lang='lat' dir='ltr'><strong>scholiunoula</strong></span> <span class='ocrx_word' id='word_1_257' title='bbox 1269 3915 1529 3978; x_wconf 80' lang='lat' dir='ltr'><strong>incerta.</strong></span> 
     </span>
    </p>

    <p class='ocr_par' dir='ltr' id='par_1_15' title="bbox 769 4017 3064 4107">
     <span class='ocr_line' id='line_1_34' title="bbox 769 4017 2937 4107; baseline 0.002 -24"><span class='ocrx_word' id='word_1_258' title='bbox 769 4018 929 4085; x_wconf 87' lang='lat' dir='ltr'><strong>Ibid.</strong></span> <span class='ocrx_word' id='word_1_259' title='bbox 977 4017 1058 4084; x_wconf 91' lang='grc'><strong>79</strong></span> <span class='ocrx_word' id='word_1_260' title='bbox 1124 4018 1339 4084; x_wconf 89' lang='lat' dir='ltr'><strong>Dem.</strong></span> <span class='ocrx_word' id='word_1_261' title='bbox 1520 4040 1669 4085; x_wconf 82' lang='lat' dir='ltr'><strong>eum</strong></span> <span class='ocrx_word' id='word_1_262' title='bbox 1713 4042 1910 4088; x_wconf 82' lang='lat' dir='ltr'><strong>uxore</strong></span> <span class='ocrx_word' id='word_1_263' title='bbox 1948 4022 2064 4087; x_wconf 84' lang='lat' dir='ltr'><strong>hac</strong></span> <span class='ocrx_word' id='word_1_264' title='bbox 2102 4023 2319 4106; x_wconf 88' lang='lat' dir='ltr'><strong>ipsum</strong></span> <span class='ocrx_word' id='word_1_265' title='bbox 2362 4022 2937 4107; x_wconf 63' lang='lat' dir='ltr'><strong>prohibebo*domo</strong></span> 
     </span>
    </p>

    <p class='ocr_par' dir='ltr' id='par_1_16' title="bbox 1117 4125 2281 4195">
     <span class='ocr_line' id='line_1_35' title="bbox 1117 4125 2281 4195; baseline 0.003 -5"><span class='ocrx_word' id='word_1_266' title='bbox 1117 4126 1250 4191; x_wconf 91' lang='lat' dir='ltr'><strong>Ph.</strong></span> <span class='ocrx_word' id='word_1_267' title='bbox 1301 4125 1408 4195; x_wconf 71' lang='lat' dir='ltr'><strong>Tu.</strong></span> <span class='ocrx_word' id='word_1_268' title='bbox 1447 4132 1512 4192; x_wconf 88' lang='lat' dir='ltr'><strong>te</strong></span> <span class='ocrx_word' id='word_1_269' title='bbox 1558 4127 1734 4192; x_wconf 87' lang='lat' dir='ltr'><strong>idem</strong></span> <span class='ocrx_word' id='word_1_270' title='bbox 1782 4126 2016 4193; x_wconf 87' lang='lat' dir='ltr'><strong>melius</strong></span> <span class='ocrx_word' id='word_1_271' title='bbox 2062 4128 2281 4195; x_wconf 81' lang='lat' dir='ltr'><strong>feceris</strong></span> 
     </span>
    </p>
   </div>
   <div class='ocr_carea' id='block_1_4' title="bbox 680 4303 1071 4313">
    <p class='ocr_par' dir='ltr' id='par_1_17' title="bbox 680 4303 1071 4313">
     <span class='ocr_line' id='line_1_36' title="bbox 680 4303 1071 4313; baseline 0 1071"><span class='ocrx_word' id='word_1_272' title='bbox 680 4303 1071 4313; x_wconf 95' lang='lat' dir='ltr'><strong> </strong></span> 
     </span>
    </p>
   </div>
   <div class='ocr_carea' id='block_1_5' title="bbox 743 4407 2312 4642">
    <p class='ocr_par' dir='ltr' id='par_1_18' title="bbox 743 4407 2312 4642">
     <span class='ocr_line' id='line_1_37' title="bbox 747 4407 1718 4474; baseline 0 -17"><span class='ocrx_word' id='word_1_273' title='bbox 747 4410 800 4470; x_wconf 90' lang='lat'><strong>1)</strong></span> <span class='ocrx_word' id='word_1_274' title='bbox 835 4409 910 4459; x_wconf 81' lang='lat' dir='ltr'><strong>Cf.</strong></span> <span class='ocrx_word' id='word_1_275' title='bbox 947 4410 1129 4458; x_wconf 86' lang='lat' dir='ltr'><strong>Mnem.</strong></span> <span class='ocrx_word' id='word_1_276' title='bbox 1166 4407 1351 4458; x_wconf 88' lang='lat' dir='ltr'>XXXII</span> <span class='ocrx_word' id='word_1_277' title='bbox 1387 4425 1432 4474; x_wconf 89' lang='lat' dir='ltr'><strong>p.</strong></span> <span class='ocrx_word' id='word_1_278' title='bbox 1473 4410 1570 4458; x_wconf 83' lang='lat'><strong>303</strong></span> <span class='ocrx_word' id='word_1_279' title='bbox 1606 4408 1718 4457; x_wconf 79' lang='lat' dir='ltr'><strong>adn.</strong></span> 
     </span>
     <span class='ocr_line' id='line_1_38' title="bbox 743 4491 1616 4556; baseline -0.001 -15"><span class='ocrx_word' id='word_1_280' title='bbox 743 4492 800 4555; x_wconf 82' lang='lat'><strong>2)</strong></span> <span class='ocrx_word' id='word_1_281' title='bbox 837 4492 909 4540; x_wconf 82' lang='lat' dir='ltr'><strong>Of.</strong></span> <span class='ocrx_word' id='word_1_282' title='bbox 950 4493 1131 4541; x_wconf 87' lang='lat' dir='ltr'><strong>Mnem.</strong></span> <span class='ocrx_word' id='word_1_283' title='bbox 1168 4491 1382 4540; x_wconf 83' lang='lat' dir='ltr'>XXXIII</span> <span class='ocrx_word' id='word_1_284' title='bbox 1421 4509 1465 4556; x_wconf 88' lang='lat' dir='ltr'><strong>p.</strong></span> <span class='ocrx_word' id='word_1_285' title='bbox 1499 4492 1616 4551; x_wconf 78' lang='grc'>246.</span> 
     </span>
     <span class='ocr_line' id='line_1_39' title="bbox 744 4574 2312 4642; baseline 0.003 -20"><span class='ocrx_word' id='word_1_286' title='bbox 744 4575 799 4639; x_wconf 75' lang='grc'><strong>3)</strong></span> <span class='ocrx_word' id='word_1_287' title='bbox 843 4574 947 4622; x_wconf 83' lang='grc' dir='ltr'><strong>Ηοο</strong></span> <span class='ocrx_word' id='word_1_288' title='bbox 981 4574 1284 4624; x_wconf 77' lang='lat' dir='ltr'><strong>inserendum</strong></span> <span class='ocrx_word' id='word_1_289' title='bbox 1319 4575 1370 4623; x_wconf 85' lang='lat' dir='ltr'><strong>in</strong></span> <span class='ocrx_word' id='word_1_290' title='bbox 1409 4575 1590 4625; x_wconf 81' lang='lat' dir='ltr'><strong>Mnem.</strong></span> <span class='ocrx_word' id='word_1_291' title='bbox 1629 4574 1842 4624; x_wconf 88' lang='lat' dir='ltr'>XXXIII</span> <span class='ocrx_word' id='word_1_292' title='bbox 1874 4591 1921 4641; x_wconf 86' lang='lat' dir='ltr'><strong>p.</strong></span> <span class='ocrx_word' id='word_1_293' title='bbox 1959 4575 2057 4624; x_wconf 79' lang='lat'><strong>246</strong></span> <span class='ocrx_word' id='word_1_294' title='bbox 2090 4581 2196 4642; x_wconf 82' lang='lat' dir='ltr'><strong>post</strong></span> <span class='ocrx_word' id='word_1_295' title='bbox 2232 4578 2312 4627; x_wconf 84' lang='lat'><strong>66.</strong></span> 
     </span>
    </p>
   </div>
   <div class='ocr_carea' id='block_1_6' title="bbox 3364 925 3366 1898">
    <p class='ocr_par' dir='ltr' id='par_1_19' title="bbox 3364 925 3366 1898">
     <span class='ocr_line' id='line_1_40' title="bbox 3364 925 3366 1898; baseline 0 0"><span class='ocrx_word' id='word_1_296' title='bbox 3364 925 3366 1898; x_wconf 95' lang='lat' dir='ltr'><strong> </strong></span> 
     </span>
    </p>
   </div>
  </div>
 </body>
</html>
