3392 5384
1361 423 1676 474 nonnus.
1944 492 1949 497 .
2587 404 2720 471 283
2826 390 2839 394 ’

415 587 870 674 Da.'Quid''is
913 589 1106 658 fecit?
1171 591 1302 659 Ge.
1351 592 1493 658 Hoc
1541 590 1886 658 consilium
1934 590 2105 676 quod
2151 587 2361 655 dicam
2408 587 2583 655 dedit

414 699 512 782 (3)
563 700 727 780 „Qui
772 697 1041 764 illum’':
1094 698 1292 785 „qui”
1343 700 1596 764 utinam
1642 703 1775 776 est,
1824 702 1901 763 ut
1947 695 2237 762 Lucilius
2282 697 2350 760 in
2398 695 2709 761 secundo:

324 807 494 887 „Qui
542 813 639 885 te,
688 807 1123 884 Nomentano,
1174 804 1466 872 malum”
1516 811 1636 872 etc.
1685 805 1894 887 Perqit
1939 811 2130 868 autem
2166 826 2285 888 per
2335 803 2483 881 „hoe
2529 801 2716 866 conei-

323 913 469 978 lium
532 915 692 999 quod
749 913 946 977 dicam
1007 913 1243 978 dedit”.
1388 912 1486 994 (4)
1556 911 1767 992 „Qui”
1809 916 1949 977 'aut
2012 909 2414 996 expletivum
2461 915 2558 974 est
2604 915 2719 975 aut

320 1041 693 1107 pronomen,
754 1008 880 1107 quo
927 1021 1240 1108 incipiens
1288 1020 1752 1086 Phormionem
1802 1017 2535 1102 describere‚cohorruit
2582 1037 2724 1082 con-

299 1119 697 1193 sideratione
758 1129 896 1193 eins
960 1133 1024 1193 et
1085 1129 1153 1192 in
1213 1127 1376 1194 hanc
1423 1149 1649 1194 vocem
1698 1129 1883 1212 quasi
1931 1125 2234 1192 confusus
2282 1125 2531 1210 erupit3
2594 1122 2717 1190 hoc
2830 1109 2841 1118 ³

319 1239 540 1300 autem
587 1238 836 1299 certum
884 1255 1091 1322 genus
1137 1238 1236 1299 est
1280 1233 1716 1314 παρενθέσεως.

411 1340 566 1406 Post
627 1345 870 1419 rectam
933 1338 1171 1406 Donati
1231 1343 1827 1428 interpretationem
1878 1339 2273 1405 affirmanter
2319 1339 2722 1424 propositam

318 1450 388 1513 in
425 1447 543 1529 (3),
583 1449 873 1534 sequitur
909 1447 1226 1512 dubitatio
1269 1446 1554 1512 Editoris
1575 1497 1592 1526 ,
1637 1449 1751 1533 qui
1792 1446 2055 1512 exhibet
2094 1445 2253 1511 alias
2291 1466 2419 1510 non
2457 1442 2718 1529 illepide

320 1556 615 1620 inventas
671 1561 736 1619 et
783 1545 1145 1639 expressas;
1198 1558 1377 1619 amat
1419 1552 1530 1619 ille
1586 1551 2030 1638 „expletivae”
2080 1550 2465 1638 particulae,
2514 1556 2590 1615 ut
2634 1549 2715 1616 ad

320 1660 486 1725 Eun.
535 1659 566 1724 Ι
612 1658 675 1725 2.
709 1658 836 1726 124
861 1658 980 1742 (2),
1043 1658 1107 1724 11
1156 1659 1329 1726 3.21
1359 1659 1478 1741 (2).
1549 1659 1672 1726 Sed
1739 1659 1895 1745 quid
1957 1660 2082 1724 sibi
2142 1657 2372 1724 volunt
2431 1656 2711 1738 ver-baa

320 1765 758 1832 Wessnero
802 1766 1131 1832 inclinatis
1175 1765 1414 1835 litteris
1463 1763 1801 1852 expressa?
1853 1767 1987 1831 Aut
2034 1763 2222 1831 fallor
2269 1767 2383 1829 aut
2428 1766 2495 1828 in
2543 1783 2713 1830 mar-

318 1875 470 1960 gine
513 1874 752 1958 scripta
797 1876 978 1938 erant
1023 1892 1060 1937 a
1104 1875 1422 1959 magistro
1469 1872 1752 1959 quodam
1798 1870 1876 1937 ad
1923 1893 1997 1937 ea
2044 1891 2206 1956 quae
2252 1869 2477 1936 Editor
2522 1871 2715 1956 scrip·

321 1985 492 2046 serat
553 1980 630 2044 de
689 1978 888 2064 „qui”
937 1981 1348 2066 pronomin03
1397 2001 1629 2065 nempe
1677 1984 1848 2044 recte
1894 1980 2210 2064 magister
2253 1974 2611 2056 intellexit,
2662 1977 2718 2040 si

325 2086 524 2172 „qui”
587 2107 933 2173 pronomen
995 2088 1115 2166 sit,
1180 2089 1486 2172 coniungi
1525 2106 1734 2172 ,posse
1796 2105 1913 2170 pro
1976 2085 2259 2150 subiecto
2306 2104 2454 2148 cum
2502 2083 2716 2148 verbis

323 2193 487 2272 „hoc
525 2242 540 2259 .
570 2241 585 2258 .
615 2240 630 2258 .
672 2191 914 2270 dedit’',
964 2192 1115 2257 hinc
1161 2191 1528 2278 adscripsit:
1583 2195 1843 2278 „pergit
1890 2196 2130 2269 autem,
2180 2195 2357 2268 (cum
2403 2211 2531 2255 non
2578 2210 2713 2254 am-

209 2362 220 2373 ,
320 2299 494 2385 plius
556 2299 942 2380 cohorreret)
1003 2320 1116 2385 per
1176 2298 1241 2364 h.
1268 2320 1320 2364 c.
1348 2320 1408 2384 q.
1438 2299 1498 2364 d.
1527 2298 1634 2363 d.'’
1687 2337 1773 2348 ——
1825 2295 2226 2383 Compilator
2270 2296 2424 2362 haec
2471 2295 2713 2362 iniusto

319 2405 459 2471 loco
521 2407 812 2471 inseruit.
875 2404 1093 2470 Etiam
1142 2425 1333 2491 supra
1381 2404 1674 2491 exempla
1723 2405 2070 2470 habuimus
2118 2402 2491 2469 huiusmodi
2536 2408 2712 2467 nota·-

318 2535 468 2579 rum
521 2511 984 2599 marginalium
1031 2513 1099 2577 in
1146 2510 1445 2577 Editione
1489 2510 1907 2597 interpolata,
1958 2531 2083 2596 qua
2129 2506 2531 2596 Compilator
2575 2515 2711 2574 ute-

318 2621 529 2686 batur.

408 2726 568 2793 Ibid.
620 2724 708 2791 84
773 2722 1130 2790 Iocularem
1179 2721 1547 2789 audaciam!

409 2833 572 2898 Don.
621 2830 718 2914 (2)
757 2832 1046 2911 Εἲρωνεία
1088 2830 1232 2895 κατ’
1267 2832 1659 2912 ἄντίφρασιν,
1707 2831 1827 2896 hoc
1867 2835 1965 2895 est
2012 2832 2353 2895 minime
2400 2829 2709 2895 iocula-

317 2961 508 3006 rem.
645 2938 762 3004 Ed.
811 2937 909 3019 (3)
954 2938 1056 3002 An
1105 2958 1267 3022 quae
1314 2959 1394 3003 ex
1439 2937 1594 3004 ludo
1644 2943 1710 3002 et
1755 2939 1895 3002 ioco
1940 2939 2008 3001 in
2046 2935 2411 3022 periculum
2450 2933 2710 3001 veniat?

409 3047 587 3112 Haec
646 3067 771 3112 non
834 3043 1122 3110 multum
1169 3044 1506 3121 differunt,
1557 3047 1613 3110 si
1661 3044 1900 3110 Donati
1946 3044 2343 3130 periphrasin
2390 3045 2482 3108 sic
2526 3042 2713 3107 intel-

314 3153 625 3240 ligimus:
685 3143 1022 3218 ‘audaciam
1084 3153 1353 3228 seriam,
1417 3150 1865 3236 periculosam.
1932 3149 2020 3214 Et
2080 3149 2199 3215 hoc
2247 3147 2568 3235 significat
2612 3170 2716 3214 ex-

316 3259 649 3338 clamatio,
699 3263 774 3323 ut
821 3261 1180 3324 monstrant
1229 3258 1520 3342 proxima
1569 3255 1737 3321 Davi
1785 3255 2013 3322 verba:
2066 3255 2162 3333 „0
2211 3253 2409 3333 Geta,
2453 3255 2608 3340 quid
2649 3261 2711 3319 te

314 3366 616 3432 futurum
677 3362 852 3430 est!''
916 3362 1252 3430 Sloman
1315 3364 1532 3427 minus
1593 3367 1799 3428 recte:
1868 3359 2106 3439 „What
2151 3363 2455 3446 amusing
2499 3363 2712 3446 impu-

319 3470 590 3538 dence1”

409 3577 568 3644 Ibid.
618 3577 705 3644 92
775 3575 1079 3645 Ceterum
1123 3577 1390 3662 posthac
1437 3578 1492 3640 si
1541 3577 1919 3662 quicquam,
1969 3573 2062 3639 nil
2106 3594 2328 3660 precor

407 3685 569 3752 Don.
617 3685 712 3765 (1)
760 3683 976 3750 Facile
1021 3686 1398 3771 impretrat,
1450 3685 1561 3769 qui
1598 3705 1723 3748 non
1764 3684 1981 3748 omnia
2019 3685 2374 3767 extorquet.
2418 3716 2504 3729 -
2544 3681 2706 3763 Erqo

313 3815 418 3858 ars
441 3792 794 3877 precatoria
835 3798 921 3855 eet
959 3792 1236 3872 mibi-eure
1257 3789 1633 3872 praesentia,
1659 3790 1901 3875 fictura
1919 3788 2283 3872 permittere.
2335 3825 2420 3836 -
2469 3786 2565 3867 (3)
2594 3786 2709 3864 „Si
2780 3841 2815 3855 ,

322 3899 708 3985 quicquam”
775 3903 850 3962 ut
913 3896 1111 3974 solet,
1176 3895 1504 3982 eleganter
1565 3917 1679 3982 per
1728 3896 2027 3976 ἔλλειψιν.
2102 3933 2188 3944 —-
2258 3893 2355 3974 (4)
2403 3899 2468 3959 et
2513 3893 2713 3959 simul

317 4027 442 4072 non
502 4007 555 4070 si
620 4002 1118 4070 tantundem
1188 4004 1582 4088 peccaverit,
1648 4002 1759 4068 sed
1808 4005 1863 4067 si
1911 4001 2049 4069 vel
2092 4001 2572 4077 minimum,
2624 4037 2709 4050 -

316 4111 446 4177 tale
493 4118 590 4177 est
634 4109 800 4176 illud
847 4112 946 4188 „si
992 4129 1243 4175 sensero
1289 4109 1479 4174 hodie
1527 4111 1874 4194 quicquam
1920 4111 1992 4172 in
2040 4108 2143 4172 his
2189 4113 2253 4172 te
2299 4108 2546 4192 nuptiis
2593 4106 2713 4172 fal-

312 4217 513 4284 laciae
575 4217 854 4295 conari’',
919 4221 983 4282 et
1033 4218 1131 4294 „si
1198 4217 1542 4302 quicquam
1605 4216 1900 4281 invenies
1962 4236 2067 4280 me
2115 4215 2504 4292 mentitum,
2553 4215 2717 4279 occi-

310 4324 490 4391 dito”
555 4322 782 4405 (Andr.
840 4322 988 4388 196.
1040 4321 1224 4404 863).
1368 4320 1464 4404 (5)
1515 4319 1786 4401 „Nihil”
1836 4343 1951 4408 pro
2000 4342 2181 4386 non.
2233 4356 2317 4368 —-
2374 4320 2492 4383 Sed
2528 4319 2714 4402 plena

315 4431 551 4513 neyatio
599 4437 686 4496 est
735 4428 1003 4507 ‚mikib’fi

400 4538 854 4604 Additamenta
899 4558 1011 4622 per
1049 4559 1184 4618 erqo
1222 4537 1291 4599 in
1332 4537 1429 4617 (l)
1469 4542 1536 4602 et
1580 4538 1686 4599 sed
1723 4537 1791 4600 in
1828 4535 1927 4617 (5)
1960 4538 2091 4600 iam
2132 4537 2381 4601 notavit
2406 4534 2697 4601 Wessn.
