<?xml version="1.0" encoding="UTF-8"?>
<!DOCTYPE html PUBLIC "-//W3C//DTD XHTML 1.0 Transitional//EN"
    "http://www.w3.org/TR/xhtml1/DTD/xhtml1-transitional.dtd">
<html xmlns="http://www.w3.org/1999/xhtml" xml:lang="en" lang="en">
 <head>
  <title>
</title>
<meta http-equiv="Content-Type" content="text/html;charset=utf-8" />
  <meta name='ocr-system' content='tesseract 3.04.00' />
  <meta name='ocr-capabilities' content='ocr_page ocr_carea ocr_par ocr_line ocrx_word'/>
</head>
<body>
  <div class='ocr_page' id='page_1' title='image "./mnemosynebiblio13servgoog_0359.png"; bbox 0 0 3392 5384; ppageno 0'>
   <div class='ocr_carea' id='block_1_1' title="bbox 1429 402 2745 474">
    <p class='ocr_par' dir='ltr' id='par_1_1' title="bbox 1429 402 2745 474">
     <span class='ocr_line' id='line_1_1' title="bbox 1429 402 2745 474; baseline -0.001 -3"><span class='ocrx_word' id='word_1_1' title='bbox 1429 424 1680 474; x_wconf 69' lang='lat' dir='ltr'><strong>numus.</strong></span> <span class='ocrx_word' id='word_1_2' title='bbox 2615 402 2745 471; x_wconf 83' lang='lat'><strong>347</strong></span> 
     </span>
    </p>
   </div>
   <div class='ocr_carea' id='block_1_2' title="bbox 346 570 2750 1636">
    <p class='ocr_par' dir='ltr' id='par_1_2' title="bbox 346 570 2750 1636">
     <span class='ocr_line' id='line_1_2' title="bbox 353 570 2741 680; baseline -0.001 -19"><span class='ocrx_word' id='word_1_3' title='bbox 353 598 637 661; x_wconf 89' lang='lat' dir='ltr'><strong>amicitia</strong></span> <span class='ocrx_word' id='word_1_4' title='bbox 685 595 987 680; x_wconf 85' lang='lat' dir='ltr'><strong>dignatus</strong></span> <span class='ocrx_word' id='word_1_5' title='bbox 1033 599 1164 671; x_wconf 89' lang='lat' dir='ltr'><strong>est,</strong></span> <span class='ocrx_word' id='word_1_6' title='bbox 1215 593 1597 658; x_wconf 79' lang='lat' dir='ltr'><strong>describitur</strong></span> <span class='ocrx_word' id='word_1_7' title='bbox 1643 570 1725 658; x_wconf 42' lang='lat' dir='ltr'><strong>et·</strong></span> <span class='ocrx_word' id='word_1_8' title='bbox 1748 594 1929 677; x_wconf 90' lang='lat' dir='ltr'><strong>quasi</strong></span> <span class='ocrx_word' id='word_1_9' title='bbox 1970 612 2193 657; x_wconf 90' lang='lat' dir='ltr'><strong>norma</strong></span> <span class='ocrx_word' id='word_1_10' title='bbox 2233 590 2380 657; x_wconf 90' lang='lat' dir='ltr'><strong>talis</strong></span> <span class='ocrx_word' id='word_1_11' title='bbox 2420 593 2741 659; x_wconf 81' lang='lat' dir='ltr'>amicitiae</span> 
     </span>
     <span class='ocr_line' id='line_1_3' title="bbox 346 697 2738 787; baseline -0.001 -22"><span class='ocrx_word' id='word_1_12' title='bbox 346 704 745 787; x_wconf 78' lang='lat' dir='ltr'>proponitur,</span> <span class='ocrx_word' id='word_1_13' title='bbox 794 706 1044 786; x_wconf 88' lang='lat' dir='ltr'><strong>praeter</strong></span> <span class='ocrx_word' id='word_1_14' title='bbox 1089 702 1369 785; x_wconf 92' lang='lat' dir='ltr'><strong>quinque</strong></span> <span class='ocrx_word' id='word_1_15' title='bbox 1418 720 1641 765; x_wconf 84' lang='lat' dir='ltr'><strong>versus</strong></span> <span class='ocrx_word' id='word_1_16' title='bbox 1681 700 1751 763; x_wconf 89' lang='lat' dir='ltr'><strong>in</strong></span> <span class='ocrx_word' id='word_1_17' title='bbox 1790 701 1977 764; x_wconf 88' lang='lat' dir='ltr'><strong>initio</strong></span> <span class='ocrx_word' id='word_1_18' title='bbox 2018 701 2255 784; x_wconf 88' lang='lat' dir='ltr'><strong>positos</strong></span> <span class='ocrx_word' id='word_1_19' title='bbox 2294 719 2451 784; x_wconf 90' lang='lat' dir='ltr'><strong>quos</strong></span> <span class='ocrx_word' id='word_1_20' title='bbox 2490 697 2738 764; x_wconf 88' lang='lat' dir='ltr'><strong>nullam</strong></span> 
     </span>
     <span class='ocr_line' id='line_1_4' title="bbox 350 803 2741 892; baseline -0 -20"><span class='ocrx_word' id='word_1_21' title='bbox 350 807 791 873; x_wconf 89' lang='lat' dir='ltr'><strong>difficultatem</strong></span> <span class='ocrx_word' id='word_1_22' title='bbox 851 808 1224 892; x_wconf 76' lang='lat' dir='ltr'><strong>praebentes</strong></span> <span class='ocrx_word' id='word_1_23' title='bbox 1287 808 1511 883; x_wconf 87' lang='lat' dir='ltr'><strong>omisi,</strong></span> <span class='ocrx_word' id='word_1_24' title='bbox 1579 803 1789 870; x_wconf 89' lang='lat' dir='ltr'><strong>multa</strong></span> <span class='ocrx_word' id='word_1_25' title='bbox 1851 806 2079 881; x_wconf 88' lang='lat' dir='ltr'><strong>habet,</strong></span> <span class='ocrx_word' id='word_1_26' title='bbox 2126 825 2286 889; x_wconf 89' lang='lat' dir='ltr'><strong>quae</strong></span> <span class='ocrx_word' id='word_1_27' title='bbox 2334 807 2491 872; x_wconf 86' lang='lat' dir='ltr'><strong>viris</strong></span> <span class='ocrx_word' id='word_1_28' title='bbox 2538 805 2741 871; x_wconf 91' lang='lat' dir='ltr'><strong>doctis</strong></span> 
     </span>
     <span class='ocr_line' id='line_1_5' title="bbox 348 910 2743 998; baseline -0.001 -20"><span class='ocrx_word' id='word_1_29' title='bbox 348 917 483 979; x_wconf 92' lang='lat' dir='ltr'><strong>iam</strong></span> <span class='ocrx_word' id='word_1_30' title='bbox 524 913 636 978; x_wconf 91' lang='lat' dir='ltr'><strong>diu</strong></span> <span class='ocrx_word' id='word_1_31' title='bbox 676 912 1000 978; x_wconf 90' lang='lat' dir='ltr'><strong>molestias</strong></span> <span class='ocrx_word' id='word_1_32' title='bbox 1039 917 1445 997; x_wconf 86' lang='lat' dir='ltr'><strong>paraverunt.</strong></span> <span class='ocrx_word' id='word_1_33' title='bbox 1495 912 1779 998; x_wconf 78' lang='lat' dir='ltr'><strong>Apparet</strong></span> <span class='ocrx_word' id='word_1_34' title='bbox 1813 932 1907 977; x_wconf 86' lang='lat' dir='ltr'><strong>vs.</strong></span> <span class='ocrx_word' id='word_1_35' title='bbox 1937 910 2296 977; x_wconf 82' lang='lat'><strong>239—242</strong></span> <span class='ocrx_word' id='word_1_36' title='bbox 2337 912 2403 976; x_wconf 91' lang='lat' dir='ltr'><strong>id</strong></span> <span class='ocrx_word' id='word_1_37' title='bbox 2429 914 2743 997; x_wconf 81' lang='lat' dir='ltr'><strong>persequi,</strong></span> 
     </span>
     <span class='ocr_line' id='line_1_6' title="bbox 352 1017 2747 1105; baseline 0 -21"><span class='ocrx_word' id='word_1_38' title='bbox 352 1042 479 1105; x_wconf 94' lang='lat' dir='ltr'><strong>quo</strong></span> <span class='ocrx_word' id='word_1_39' title='bbox 527 1019 714 1085; x_wconf 91' lang='lat' dir='ltr'><strong>modo</strong></span> <span class='ocrx_word' id='word_1_40' title='bbox 761 1017 1074 1084; x_wconf 83' lang='lat' dir='ltr'><strong>Servilius</strong></span> <span class='ocrx_word' id='word_1_41' title='bbox 1121 1040 1236 1084; x_wconf 90' lang='lat' dir='ltr'><strong>suo</strong></span> <span class='ocrx_word' id='word_1_42' title='bbox 1281 1020 1487 1091; x_wconf 84' lang='lat' dir='ltr'><strong>amico</strong></span> <span class='ocrx_word' id='word_1_43' title='bbox 1536 1023 1779 1097; x_wconf 86' lang='lat' dir='ltr'><strong>utatur,</strong></span> <span class='ocrx_word' id='word_1_44' title='bbox 1827 1020 2231 1103; x_wconf 88' lang='lat' dir='ltr'><strong>insequentes</strong></span> <span class='ocrx_word' id='word_1_45' title='bbox 2280 1039 2468 1104; x_wconf 84' lang='lat' dir='ltr'><strong>agere</strong></span> <span class='ocrx_word' id='word_1_46' title='bbox 2514 1019 2590 1084; x_wconf 92' lang='lat' dir='ltr'><strong>de</strong></span> <span class='ocrx_word' id='word_1_47' title='bbox 2638 1041 2747 1084; x_wconf 91' lang='lat' dir='ltr'><strong>na-</strong></span> 
     </span>
     <span class='ocr_line' id='line_1_7' title="bbox 352 1123 2747 1211; baseline -0 -20"><span class='ocrx_word' id='word_1_48' title='bbox 352 1133 494 1192; x_wconf 91' lang='lat' dir='ltr'><strong>tura</strong></span> <span class='ocrx_word' id='word_1_49' title='bbox 540 1132 732 1211; x_wconf 89' lang='lat' dir='ltr'><strong>atque</strong></span> <span class='ocrx_word' id='word_1_50' title='bbox 779 1124 993 1191; x_wconf 89' lang='lat' dir='ltr'><strong>indole</strong></span> <span class='ocrx_word' id='word_1_51' title='bbox 1043 1128 1235 1191; x_wconf 91' lang='lat' dir='ltr'><strong>amici</strong></span> <span class='ocrx_word' id='word_1_52' title='bbox 1280 1126 1504 1211; x_wconf 89' lang='lat' dir='ltr'><strong>ipsius.</strong></span> <span class='ocrx_word' id='word_1_53' title='bbox 1553 1124 1626 1188; x_wconf 92' lang='lat' dir='ltr'><strong>In</strong></span> <span class='ocrx_word' id='word_1_54' title='bbox 1673 1123 1792 1190; x_wconf 92' lang='lat' dir='ltr'><strong>illa</strong></span> <span class='ocrx_word' id='word_1_55' title='bbox 1840 1131 2019 1209; x_wconf 90' lang='lat' dir='ltr'><strong>parte</strong></span> <span class='ocrx_word' id='word_1_56' title='bbox 2065 1127 2274 1210; x_wconf 89' lang='lat' dir='ltr'><strong>priore</strong></span> <span class='ocrx_word' id='word_1_57' title='bbox 2314 1124 2557 1209; x_wconf 91' lang='lat' dir='ltr'><strong>aliquid</strong></span> <span class='ocrx_word' id='word_1_58' title='bbox 2595 1127 2747 1190; x_wconf 91' lang='lat' dir='ltr'><strong>miri</strong></span> 
     </span>
     <span class='ocr_line' id='line_1_8' title="bbox 350 1230 2745 1317; baseline -0.001 -19"><span class='ocrx_word' id='word_1_59' title='bbox 350 1233 541 1298; x_wconf 91' lang='lat' dir='ltr'><strong>habet</strong></span> <span class='ocrx_word' id='word_1_60' title='bbox 587 1234 886 1317; x_wconf 76' lang='lat' dir='ltr'><strong>iocumque</strong></span> <span class='ocrx_word' id='word_1_61' title='bbox 932 1238 1054 1313; x_wconf 91' lang='grc' dir='ltr'><strong>(νε.</strong></span> <span class='ocrx_word' id='word_1_62' title='bbox 1107 1230 1290 1312; x_wconf 88' lang='grc'><strong>239),</strong></span> <span class='ocrx_word' id='word_1_63' title='bbox 1341 1236 1623 1296; x_wconf 88' lang='lat' dir='ltr'><strong>metrum</strong></span> <span class='ocrx_word' id='word_1_64' title='bbox 1670 1237 2049 1315; x_wconf 85' lang='lat' dir='ltr'><strong>corruptum</strong></span> <span class='ocrx_word' id='word_1_65' title='bbox 2097 1237 2195 1296; x_wconf 85' lang='lat' dir='ltr'><strong>est</strong></span> <span class='ocrx_word' id='word_1_66' title='bbox 2241 1233 2308 1295; x_wconf 90' lang='lat' dir='ltr'><strong>in</strong></span> <span class='ocrx_word' id='word_1_67' title='bbox 2353 1252 2448 1297; x_wconf 86' lang='lat' dir='ltr'><strong>vs.</strong></span> <span class='ocrx_word' id='word_1_68' title='bbox 2499 1230 2745 1298; x_wconf 71' lang='lat' dir='ltr'><strong>2400et</strong></span> 
     </span>
     <span class='ocr_line' id='line_1_9' title="bbox 348 1333 2748 1423; baseline -0.002 -19"><span class='ocrx_word' id='word_1_69' title='bbox 348 1342 508 1404; x_wconf 89' lang='lat' dir='ltr'><strong>item</strong></span> <span class='ocrx_word' id='word_1_70' title='bbox 548 1342 614 1404; x_wconf 92' lang='lat' dir='ltr'><strong>in</strong></span> <span class='ocrx_word' id='word_1_71' title='bbox 657 1361 748 1404; x_wconf 86' lang='lat' dir='ltr'><strong>vs.</strong></span> <span class='ocrx_word' id='word_1_72' title='bbox 793 1333 945 1403; x_wconf 87' lang='grc'><strong>242.</strong></span> <span class='ocrx_word' id='word_1_73' title='bbox 998 1337 1201 1403; x_wconf 88' lang='lat' dir='ltr'><strong>Verba</strong></span> <span class='ocrx_word' id='word_1_74' title='bbox 1240 1340 1413 1402; x_wconf 92' lang='lat' dir='ltr'><strong>enim</strong></span> <span class='ocrx_word' id='word_1_75' title='bbox 1455 1338 1552 1401; x_wconf 79' lang='lat' dir='ltr'><strong>eui</strong></span> <span class='ocrx_word' id='word_1_76' title='bbox 1588 1360 1682 1401; x_wconf 73' lang='lat' dir='ltr'><strong>ree</strong></span> <span class='ocrx_word' id='word_1_77' title='bbox 1726 1359 1967 1417; x_wconf 69' lang='lat' dir='ltr'><strong>maynae</strong></span> <span class='ocrx_word' id='word_1_78' title='bbox 1995 1359 2341 1422; x_wconf 73' lang='lat' dir='ltr'><strong>parvasque</strong></span> <span class='ocrx_word' id='word_1_79' title='bbox 2375 1338 2748 1423; x_wconf 74' lang='lat' dir='ltr'><strong>eloqueretur</strong></span> 
     </span>
     <span class='ocr_line' id='line_1_10' title="bbox 354 1444 2750 1530; baseline -0.002 -18"><span class='ocrx_word' id='word_1_80' title='bbox 354 1446 581 1512; x_wconf 82' lang='lat' dir='ltr'><strong>volunt</strong></span> <span class='ocrx_word' id='word_1_81' title='bbox 644 1446 772 1510; x_wconf 88' lang='lat' dir='ltr'><strong>fere</strong></span> <span class='ocrx_word' id='word_1_82' title='bbox 836 1445 1011 1511; x_wconf 91' lang='lat' dir='ltr'><strong>idem</strong></span> <span class='ocrx_word' id='word_1_83' title='bbox 1074 1444 1242 1530; x_wconf 91' lang='lat' dir='ltr'><strong>quod</strong></span> <span class='ocrx_word' id='word_1_84' title='bbox 1302 1444 1402 1508; x_wconf 80' lang='lat' dir='ltr'><strong>eui</strong></span> <span class='ocrx_word' id='word_1_85' title='bbox 1447 1444 1643 1519; x_wconf 80' lang='lat' dir='ltr'><strong>omnia</strong></span> <span class='ocrx_word' id='word_1_86' title='bbox 1691 1446 2041 1509; x_wconf 80' lang='lat' dir='ltr'><strong>concredere</strong></span> <span class='ocrx_word' id='word_1_87' title='bbox 2074 1451 2300 1527; x_wconf 72' lang='lat' dir='ltr'><strong>posset,</strong></span> <span class='ocrx_word' id='word_1_88' title='bbox 2349 1465 2386 1509; x_wconf 85' lang='lat' dir='ltr'><strong>a</strong></span> <span class='ocrx_word' id='word_1_89' title='bbox 2432 1466 2559 1529; x_wconf 91' lang='lat' dir='ltr'><strong>quo</strong></span> <span class='ocrx_word' id='word_1_90' title='bbox 2608 1465 2750 1509; x_wconf 92' lang='lat' dir='ltr'><strong>con-</strong></span> 
     </span>
     <span class='ocr_line' id='line_1_11' title="bbox 351 1550 2743 1636; baseline -0.001 -18"><span class='ocrx_word' id='word_1_91' title='bbox 351 1558 534 1619; x_wconf 89' lang='lat' dir='ltr'><strong>textu</strong></span> <span class='ocrx_word' id='word_1_92' title='bbox 578 1553 880 1636; x_wconf 75' lang='lat' dir='ltr'><strong>iocumque</strong></span> <span class='ocrx_word' id='word_1_93' title='bbox 925 1550 1331 1636; x_wconf 86' lang='lat' dir='ltr'><strong>aliquantum</strong></span> <span class='ocrx_word' id='word_1_94' title='bbox 1378 1551 1696 1615; x_wconf 88' lang='lat' dir='ltr'><strong>abhorret.</strong></span> <span class='ocrx_word' id='word_1_95' title='bbox 1762 1550 1987 1635; x_wconf 90' lang='lat' dir='ltr'><strong>Itaque</strong></span> <span class='ocrx_word' id='word_1_96' title='bbox 2050 1551 2316 1617; x_wconf 87' lang='lat' dir='ltr'><strong>fortasse</strong></span> <span class='ocrx_word' id='word_1_97' title='bbox 2378 1572 2457 1617; x_wconf 91' lang='lat' dir='ltr'><strong>ne</strong></span> <span class='ocrx_word' id='word_1_98' title='bbox 2518 1572 2743 1617; x_wconf 87' lang='lat' dir='ltr'><strong>versus</strong></span> 
     </span>
    </p>
   </div>
   <div class='ocr_carea' id='block_1_3' title="bbox 342 1659 2745 3147">
    <p class='ocr_par' dir='ltr' id='par_1_3' title="bbox 353 1659 1716 1956">
     <span class='ocr_line' id='line_1_12' title="bbox 353 1659 1361 1745; baseline -0.003 -20"><span class='ocrx_word' id='word_1_99' title='bbox 353 1660 484 1725; x_wconf 83' lang='lat'><strong>239</strong></span> <span class='ocrx_word' id='word_1_100' title='bbox 534 1659 793 1745; x_wconf 89' lang='lat' dir='ltr'><strong>quidem</strong></span> <span class='ocrx_word' id='word_1_101' title='bbox 838 1661 1100 1734; x_wconf 85' lang='lat' dir='ltr'><strong>omnino</strong></span> <span class='ocrx_word' id='word_1_102' title='bbox 1148 1678 1361 1724; x_wconf 89' lang='lat' dir='ltr'><strong>sanus.</strong></span> 
     </span>
     <span class='ocr_line' id='line_1_13' title="bbox 443 1764 871 1851; baseline -0.005 -18"><span class='ocrx_word' id='word_1_103' title='bbox 443 1764 747 1851; x_wconf 85' lang='lat' dir='ltr'><strong>Cogitavi</strong></span> <span class='ocrx_word' id='word_1_104' title='bbox 796 1765 871 1831; x_wconf 91' lang='lat' dir='ltr'><strong>de</strong></span> 
     </span>
     <span class='ocr_line' id='line_1_14' title="bbox 713 1865 1716 1956; baseline -0.003 -21"><span class='ocrx_word' id='word_1_105' title='bbox 713 1871 1108 1956; x_wconf 74' lang='lat' dir='ltr'><strong>Eloqueretur</strong></span> <span class='ocrx_word' id='word_1_106' title='bbox 1154 1877 1365 1935; x_wconf 79' lang='lat' dir='ltr'><strong>cuneta</strong></span> <span class='ocrx_word' id='word_1_107' title='bbox 1413 1877 1470 1934; x_wconf 72' lang='lat' dir='ltr'><strong>et</strong></span> <span class='ocrx_word' id='word_1_108' title='bbox 1522 1865 1716 1955; x_wconf 77' lang='lat' dir='ltr'><strong>(eui)</strong></span> 
     </span>
    </p>

    <p class='ocr_par' dir='ltr' id='par_1_4' title="bbox 345 1977 2745 2482">
     <span class='ocr_line' id='line_1_15' title="bbox 350 1977 2745 2084; baseline -0.001 -40"><span class='ocrx_word' id='word_1_109' title='bbox 350 1985 425 2044; x_wconf 91' lang='lat' dir='ltr'><strong>ut</strong></span> <span class='ocrx_word' id='word_1_110' title='bbox 485 1985 696 2084; x_wconf 46' lang='lat' dir='ltr'><strong>cuneta</strong></span> <span class='ocrx_word' id='word_1_111' title='bbox 755 1980 1013 2042; x_wconf 76' lang='lat' dir='ltr'><strong>iocorum</strong></span> <span class='ocrx_word' id='word_1_112' title='bbox 1074 1980 1257 2062; x_wconf 84' lang='lat' dir='ltr'><strong>quasi</strong></span> <span class='ocrx_word' id='word_1_113' title='bbox 1301 1999 1544 2043; x_wconf 83' lang='lat' dir='ltr'><strong>novum</strong></span> <span class='ocrx_word' id='word_1_114' title='bbox 1590 1979 1960 2041; x_wconf 89' lang='lat' dir='ltr'><strong>membrum</strong></span> <span class='ocrx_word' id='word_1_115' title='bbox 2010 1980 2360 2043; x_wconf 87' lang='lat' dir='ltr'><strong>sententiae</strong></span> <span class='ocrx_word' id='word_1_116' title='bbox 2409 1977 2745 2045; x_wconf 82' lang='lat' dir='ltr'><strong>adderetur</strong></span> 
     </span>
     <span class='ocr_line' id='line_1_16' title="bbox 349 2083 2744 2169; baseline -0.001 -19"><span class='ocrx_word' id='word_1_117' title='bbox 349 2092 539 2169; x_wconf 87' lang='lat' dir='ltr'><strong>atque</strong></span> <span class='ocrx_word' id='word_1_118' title='bbox 601 2087 692 2149; x_wconf 83' lang='lat' dir='ltr'><strong>ita</strong></span> <span class='ocrx_word' id='word_1_119' title='bbox 754 2085 942 2149; x_wconf 82' lang='lat' dir='ltr'><strong>iocum</strong></span> <span class='ocrx_word' id='word_1_120' title='bbox 984 2107 1110 2149; x_wconf 90' lang='lat' dir='ltr'><strong>non</strong></span> <span class='ocrx_word' id='word_1_121' title='bbox 1158 2083 1437 2169; x_wconf 89' lang='lat' dir='ltr'><strong>amplius</strong></span> <span class='ocrx_word' id='word_1_122' title='bbox 1485 2090 1619 2149; x_wconf 89' lang='lat' dir='ltr'><strong>arte</strong></span> <span class='ocrx_word' id='word_1_123' title='bbox 1668 2106 1820 2149; x_wconf 91' lang='lat' dir='ltr'><strong>cum</strong></span> <span class='ocrx_word' id='word_1_124' title='bbox 1868 2085 2080 2149; x_wconf 86' lang='lat' dir='ltr'><strong>verbis</strong></span> <span class='ocrx_word' id='word_1_125' title='bbox 2124 2107 2365 2165; x_wconf 71' lang='lat' dir='ltr'><strong>maynas</strong></span> <span class='ocrx_word' id='word_1_126' title='bbox 2398 2107 2744 2169; x_wconf 74' lang='lat' dir='ltr'><strong>parvasque</strong></span> 
     </span>
     <span class='ocr_line' id='line_1_17' title="bbox 345 2189 2742 2275; baseline -0.001 -20"><span class='ocrx_word' id='word_1_127' title='bbox 345 2213 441 2255; x_wconf 74' lang='lat' dir='ltr'><strong>ree</strong></span> <span class='ocrx_word' id='word_1_128' title='bbox 479 2191 856 2255; x_wconf 84' lang='lat' dir='ltr'><strong>cohaereret.</strong></span> <span class='ocrx_word' id='word_1_129' title='bbox 907 2189 1312 2275; x_wconf 81' lang='lat' dir='ltr'><strong>Quamquam</strong></span> <span class='ocrx_word' id='word_1_130' title='bbox 1353 2192 1534 2275; x_wconf 82' lang='lat' dir='ltr'><strong>origo</strong></span> <span class='ocrx_word' id='word_1_131' title='bbox 1573 2192 1725 2254; x_wconf 85' lang='lat' dir='ltr'><strong>vitii</strong></span> <span class='ocrx_word' id='word_1_132' title='bbox 1764 2190 1960 2254; x_wconf 88' lang='lat' dir='ltr'><strong>fuisse</strong></span> <span class='ocrx_word' id='word_1_133' title='bbox 1998 2196 2211 2274; x_wconf 88' lang='lat' dir='ltr'><strong>potest</strong></span> <span class='ocrx_word' id='word_1_134' title='bbox 2248 2192 2317 2254; x_wconf 91' lang='lat' dir='ltr'><strong>in</strong></span> <span class='ocrx_word' id='word_1_135' title='bbox 2351 2211 2507 2255; x_wconf 85' lang='lat' dir='ltr'><strong>voce</strong></span> <span class='ocrx_word' id='word_1_136' title='bbox 2531 2197 2742 2254; x_wconf 76' lang='lat' dir='ltr'><strong>cuneta</strong></span> 
     </span>
     <span class='ocr_line' id='line_1_18' title="bbox 345 2294 2740 2382; baseline -0 -20"><span class='ocrx_word' id='word_1_137' title='bbox 345 2300 562 2362; x_wconf 85' lang='lat' dir='ltr'><strong>versui</strong></span> <span class='ocrx_word' id='word_1_138' title='bbox 623 2299 1087 2382; x_wconf 87' lang='lat' dir='ltr'><strong>suprascripta,</strong></span> <span class='ocrx_word' id='word_1_139' title='bbox 1152 2300 1438 2359; x_wconf 88' lang='lat' dir='ltr'><strong>metrum</strong></span> <span class='ocrx_word' id='word_1_140' title='bbox 1500 2295 1630 2360; x_wconf 89' lang='lat' dir='ltr'><strong>fere</strong></span> <span class='ocrx_word' id='word_1_141' title='bbox 1691 2295 1867 2359; x_wconf 90' lang='lat' dir='ltr'><strong>idem</strong></span> <span class='ocrx_word' id='word_1_142' title='bbox 1931 2301 2030 2360; x_wconf 90' lang='lat' dir='ltr'><strong>est</strong></span> <span class='ocrx_word' id='word_1_143' title='bbox 2088 2298 2157 2359; x_wconf 90' lang='lat' dir='ltr'><strong>in</strong></span> <span class='ocrx_word' id='word_1_144' title='bbox 2205 2316 2299 2361; x_wconf 88' lang='grc' dir='ltr'><strong>νε.</strong></span> <span class='ocrx_word' id='word_1_145' title='bbox 2351 2294 2504 2372; x_wconf 87' lang='lat'><strong>334,</strong></span> <span class='ocrx_word' id='word_1_146' title='bbox 2554 2295 2740 2362; x_wconf 88' lang='lat' dir='ltr'><strong>facile</strong></span> 
     </span>
     <span class='ocr_line' id='line_1_19' title="bbox 345 2401 2118 2482; baseline -0.003 -11"><span class='ocrx_word' id='word_1_147' title='bbox 345 2406 795 2482; x_wconf 81' lang='lat' dir='ltr'><strong>concesserim,</strong></span> <span class='ocrx_word' id='word_1_148' title='bbox 847 2405 1276 2469; x_wconf 82' lang='lat' dir='ltr'><strong>coniecturam</strong></span> <span class='ocrx_word' id='word_1_149' title='bbox 1323 2403 1606 2468; x_wconf 85' lang='lat' dir='ltr'><strong>maxime</strong></span> <span class='ocrx_word' id='word_1_150' title='bbox 1653 2401 1915 2467; x_wconf 91' lang='lat' dir='ltr'><strong>dubiam</strong></span> <span class='ocrx_word' id='word_1_151' title='bbox 1965 2422 2118 2467; x_wconf 88' lang='lat' dir='ltr'><strong>esse.</strong></span> 
     </span>
    </p>

    <p class='ocr_par' dir='ltr' id='par_1_5' title="bbox 342 2505 2740 3147">
     <span class='ocr_line' id='line_1_20' title="bbox 439 2505 2737 2595; baseline -0.001 -20"><span class='ocrx_word' id='word_1_152' title='bbox 439 2510 704 2589; x_wconf 85' lang='lat' dir='ltr'><strong>Versus,</strong></span> <span class='ocrx_word' id='word_1_153' title='bbox 755 2511 866 2595; x_wconf 93' lang='lat' dir='ltr'><strong>qui</strong></span> <span class='ocrx_word' id='word_1_154' title='bbox 925 2514 1300 2594; x_wconf 86' lang='lat' dir='ltr'><strong>sequuntur,</strong></span> <span class='ocrx_word' id='word_1_155' title='bbox 1365 2507 1476 2573; x_wconf 91' lang='lat' dir='ltr'><strong>alii</strong></span> <span class='ocrx_word' id='word_1_156' title='bbox 1537 2506 1724 2572; x_wconf 86' lang='lat' dir='ltr'><strong>aliter</strong></span> <span class='ocrx_word' id='word_1_157' title='bbox 1783 2508 2190 2592; x_wconf 86' lang='lat' dir='ltr'><strong>interpretati</strong></span> <span class='ocrx_word' id='word_1_158' title='bbox 2262 2513 2434 2585; x_wconf 89' lang='lat' dir='ltr'><strong>sunt,</strong></span> <span class='ocrx_word' id='word_1_159' title='bbox 2496 2509 2562 2572; x_wconf 91' lang='lat' dir='ltr'><strong>in</strong></span> <span class='ocrx_word' id='word_1_160' title='bbox 2610 2505 2737 2573; x_wconf 87' lang='lat' dir='ltr'><strong>alia</strong></span> 
     </span>
     <span class='ocr_line' id='line_1_21' title="bbox 346 2612 2733 2701; baseline -0.002 -18"><span class='ocrx_word' id='word_1_161' title='bbox 346 2617 622 2683; x_wconf 88' lang='lat' dir='ltr'><strong>editione</strong></span> <span class='ocrx_word' id='word_1_162' title='bbox 683 2614 978 2701; x_wconf 85' lang='lat' dir='ltr'><strong>virgulae</strong></span> <span class='ocrx_word' id='word_1_163' title='bbox 1033 2615 1221 2681; x_wconf 88' lang='lat' dir='ltr'><strong>aliter</strong></span> <span class='ocrx_word' id='word_1_164' title='bbox 1278 2617 1541 2700; x_wconf 89' lang='lat' dir='ltr'><strong>positae.</strong></span> <span class='ocrx_word' id='word_1_165' title='bbox 1607 2613 1926 2699; x_wconf 82' lang='lat' dir='ltr'><strong>Equidem</strong></span> <span class='ocrx_word' id='word_1_166' title='bbox 1984 2612 2263 2679; x_wconf 89' lang='lat' dir='ltr'><strong>Vahleno</strong></span> <span class='ocrx_word' id='word_1_167' title='bbox 2309 2612 2584 2680; x_wconf 88' lang='lat' dir='ltr'><strong>libenter</strong></span> <span class='ocrx_word' id='word_1_168' title='bbox 2628 2614 2733 2680; x_wconf 88' lang='lat' dir='ltr'><strong>ad-</strong></span> 
     </span>
     <span class='ocr_line' id='line_1_22' title="bbox 343 2719 2733 2810; baseline -0 -22"><span class='ocrx_word' id='word_1_169' title='bbox 343 2723 639 2810; x_wconf 90' lang='lat' dir='ltr'><strong>stipulor‚</strong></span> <span class='ocrx_word' id='word_1_170' title='bbox 711 2725 834 2788; x_wconf 88' lang='lat' dir='ltr'><strong>nisi</strong></span> <span class='ocrx_word' id='word_1_171' title='bbox 896 2722 1065 2809; x_wconf 91' lang='lat' dir='ltr'><strong>quod</strong></span> <span class='ocrx_word' id='word_1_172' title='bbox 1128 2725 1196 2787; x_wconf 90' lang='lat' dir='ltr'><strong>in</strong></span> <span class='ocrx_word' id='word_1_173' title='bbox 1259 2720 1388 2789; x_wconf 83' lang='lat'><strong>247</strong></span> <span class='ocrx_word' id='word_1_174' title='bbox 1416 2744 1509 2808; x_wconf 91' lang='lat' dir='ltr'><strong>sq.</strong></span> <span class='ocrx_word' id='word_1_175' title='bbox 1575 2719 1873 2807; x_wconf 89' lang='lat' dir='ltr'><strong>paullum</strong></span> <span class='ocrx_word' id='word_1_176' title='bbox 1937 2721 2014 2786; x_wconf 89' lang='lat' dir='ltr'><strong>ab</strong></span> <span class='ocrx_word' id='word_1_177' title='bbox 2080 2742 2152 2786; x_wconf 88' lang='lat' dir='ltr'><strong>eo</strong></span> <span class='ocrx_word' id='word_1_178' title='bbox 2216 2721 2541 2787; x_wconf 88' lang='lat' dir='ltr'><strong>dissentio.</strong></span> <span class='ocrx_word' id='word_1_179' title='bbox 2605 2722 2733 2787; x_wconf 83' lang='lat' dir='ltr'><strong>Eos</strong></span> 
     </span>
     <span class='ocr_line' id='line_1_23' title="bbox 342 2828 2734 2917; baseline -0.001 -22"><span class='ocrx_word' id='word_1_180' title='bbox 342 2833 764 2917; x_wconf 85' lang='lat' dir='ltr'><strong>impugnans,</strong></span> <span class='ocrx_word' id='word_1_181' title='bbox 830 2833 942 2916; x_wconf 94' lang='lat' dir='ltr'><strong>qui</strong></span> <span class='ocrx_word' id='word_1_182' title='bbox 999 2829 1327 2896; x_wconf 85' lang='lat' dir='ltr'><strong>studentes</strong></span> <span class='ocrx_word' id='word_1_183' title='bbox 1389 2828 1664 2908; x_wconf 88' lang='lat' dir='ltr'><strong>efficere,</strong></span> <span class='ocrx_word' id='word_1_184' title='bbox 1734 2834 1809 2893; x_wconf 91' lang='lat' dir='ltr'><strong>ut</strong></span> <span class='ocrx_word' id='word_1_185' title='bbox 1869 2830 2254 2913; x_wconf 87' lang='lat' dir='ltr'><strong>posteriores</strong></span> <span class='ocrx_word' id='word_1_186' title='bbox 2302 2850 2527 2895; x_wconf 84' lang='lat' dir='ltr'><strong>versus</strong></span> <span class='ocrx_word' id='word_1_187' title='bbox 2584 2849 2734 2894; x_wconf 90' lang='lat' dir='ltr'><strong>cum</strong></span> 
     </span>
     <span class='ocr_line' id='line_1_24' title="bbox 345 2934 2740 3024; baseline 0 -23"><span class='ocrx_word' id='word_1_188' title='bbox 345 2940 664 3023; x_wconf 88' lang='lat' dir='ltr'><strong>prioribus</strong></span> <span class='ocrx_word' id='word_1_189' title='bbox 725 2943 1185 3024; x_wconf 82' lang='lat' dir='ltr'><strong>congruerent.</strong></span> <span class='ocrx_word' id='word_1_190' title='bbox 1248 2959 1399 3022; x_wconf 76' lang='lat' dir='ltr'><strong>quae</strong></span> <span class='ocrx_word' id='word_1_191' title='bbox 1457 2939 1526 3001; x_wconf 93' lang='lat' dir='ltr'><strong>in</strong></span> <span class='ocrx_word' id='word_1_192' title='bbox 1588 2957 1682 3001; x_wconf 88' lang='grc' dir='ltr'><strong>νε.</strong></span> <span class='ocrx_word' id='word_1_193' title='bbox 1735 2934 1867 3001; x_wconf 86' lang='grc'><strong>248</strong></span> <span class='ocrx_word' id='word_1_194' title='bbox 1928 2938 1995 3001; x_wconf 93' lang='lat' dir='ltr'><strong>in</strong></span> <span class='ocrx_word' id='word_1_195' title='bbox 2042 2958 2211 3021; x_wconf 82' lang='lat' dir='ltr'><strong>quem</strong></span> <span class='ocrx_word' id='word_1_196' title='bbox 2257 2938 2499 3003; x_wconf 89' lang='lat' dir='ltr'><strong>mutari</strong></span> <span class='ocrx_word' id='word_1_197' title='bbox 2544 2937 2740 3001; x_wconf 90' lang='lat' dir='ltr'><strong>iusse-</strong></span> 
     </span>
     <span class='ocr_line' id='line_1_25' title="bbox 348 3042 2736 3147; baseline -0.001 -38"><span class='ocrx_word' id='word_1_198' title='bbox 348 3050 535 3123; x_wconf 93' lang='lat' dir='ltr'><strong>runt,</strong></span> <span class='ocrx_word' id='word_1_199' title='bbox 584 3044 737 3109; x_wconf 88' lang='lat' dir='ltr'><strong>haec</strong></span> <span class='ocrx_word' id='word_1_200' title='bbox 778 3044 967 3108; x_wconf 90' lang='lat' dir='ltr'><strong>dicit:</strong></span> <span class='ocrx_word' id='word_1_201' title='bbox 1019 3045 1233 3126; x_wconf 73' lang='lat' dir='ltr'><strong>„Quae</strong></span> <span class='ocrx_word' id='word_1_202' title='bbox 1264 3044 1440 3128; x_wconf 76' lang='lat' dir='ltr'><strong>facit</strong></span> <span class='ocrx_word' id='word_1_203' title='bbox 1480 3064 1593 3127; x_wconf 90' lang='lat' dir='ltr'><strong>pro</strong></span> <span class='ocrx_word' id='word_1_204' title='bbox 1636 3045 1809 3109; x_wconf 86' lang='lat' dir='ltr'><strong>veris</strong></span> <span class='ocrx_word' id='word_1_205' title='bbox 1850 3042 2047 3108; x_wconf 90' lang='lat' dir='ltr'><strong>habeo</strong></span> <span class='ocrx_word' id='word_1_206' title='bbox 2088 3048 2154 3106; x_wconf 92' lang='lat' dir='ltr'><strong>et</strong></span> <span class='ocrx_word' id='word_1_207' title='bbox 2194 3044 2283 3106; x_wconf 88' lang='lat' dir='ltr'><strong>sic</strong></span> <span class='ocrx_word' id='word_1_208' title='bbox 2322 3045 2736 3147; x_wconf 75' lang='lat' dir='ltr'><strong>interpretor:</strong></span> 
     </span>
    </p>
   </div>
   <div class='ocr_carea' id='block_1_4' title="bbox 344 3147 2739 3341">
    <p class='ocr_par' dir='ltr' id='par_1_6' title="bbox 344 3147 2739 3341">
     <span class='ocr_line' id='line_1_26' title="bbox 346 3147 2738 3237; baseline -0.001 -22"><span class='ocrx_word' id='word_1_209' title='bbox 346 3151 537 3216; x_wconf 68' lang='lat' dir='ltr'><strong>multa</strong></span> <span class='ocrx_word' id='word_1_210' title='bbox 584 3174 734 3237; x_wconf 81' lang='lat' dir='ltr'><strong>quae</strong></span> <span class='ocrx_word' id='word_1_211' title='bbox 778 3156 1043 3214; x_wconf 69' lang='lat' dir='ltr'><strong>vetustas</strong></span> <span class='ocrx_word' id='word_1_212' title='bbox 1077 3150 1252 3234; x_wconf 75' lang='lat' dir='ltr'><strong>facit</strong></span> <span class='ocrx_word' id='word_1_213' title='bbox 1299 3149 1550 3233; x_wconf 75' lang='lat' dir='ltr'><strong>antiqua</strong></span> <span class='ocrx_word' id='word_1_214' title='bbox 1598 3156 1655 3212; x_wconf 72' lang='lat' dir='ltr'><strong>et</strong></span> <span class='ocrx_word' id='word_1_215' title='bbox 1702 3148 2007 3230; x_wconf 68' lang='lat' dir='ltr'><strong>sepulta.&#39;&#39;</strong></span> <span class='ocrx_word' id='word_1_216' title='bbox 2076 3147 2200 3213; x_wconf 82' lang='lat' dir='ltr'><strong>Sed</strong></span> <span class='ocrx_word' id='word_1_217' title='bbox 2246 3150 2479 3213; x_wconf 86' lang='lat' dir='ltr'><strong>rationi</strong></span> <span class='ocrx_word' id='word_1_218' title='bbox 2526 3151 2738 3235; x_wconf 83' lang='lat' dir='ltr'><strong>magis</strong></span> 
     </span>
     <span class='ocr_line' id='line_1_27' title="bbox 344 3252 2739 3341; baseline -0.003 -17"><span class='ocrx_word' id='word_1_219' title='bbox 344 3260 680 3324; x_wconf 88' lang='lat' dir='ltr'><strong>convenire</strong></span> <span class='ocrx_word' id='word_1_220' title='bbox 726 3256 1001 3333; x_wconf 85' lang='lat' dir='ltr'><strong>videtur,</strong></span> <span class='ocrx_word' id='word_1_221' title='bbox 1050 3261 1126 3319; x_wconf 92' lang='lat' dir='ltr'><strong>ut</strong></span> <span class='ocrx_word' id='word_1_222' title='bbox 1171 3262 1357 3341; x_wconf 89' lang='lat' dir='ltr'><strong>poeta</strong></span> <span class='ocrx_word' id='word_1_223' title='bbox 1404 3254 1638 3318; x_wconf 86' lang='lat' dir='ltr'><strong>dixerit</strong></span> <span class='ocrx_word' id='word_1_224' title='bbox 1676 3252 1941 3318; x_wconf 82' lang='lat' dir='ltr'><strong>Servilii</strong></span> <span class='ocrx_word' id='word_1_225' title='bbox 1982 3255 2265 3317; x_wconf 89' lang='lat' dir='ltr'><strong>amicum</strong></span> <span class='ocrx_word' id='word_1_226' title='bbox 2307 3252 2547 3318; x_wconf 87' lang='lat' dir='ltr'><strong>multas</strong></span> <span class='ocrx_word' id='word_1_227' title='bbox 2581 3256 2739 3318; x_wconf 91' lang='lat' dir='ltr'><strong>anti-</strong></span> 
     </span>
    </p>
   </div>
   <div class='ocr_carea' id='block_1_5' title="bbox 343 3358 2735 3554">
    <p class='ocr_par' dir='ltr' id='par_1_7' title="bbox 343 3358 2735 3554">
     <span class='ocr_line' id='line_1_28' title="bbox 345 3358 2734 3450; baseline -0.003 -21"><span class='ocrx_word' id='word_1_228' title='bbox 345 3386 622 3450; x_wconf 89' lang='lat' dir='ltr'><strong>quorum</strong></span> <span class='ocrx_word' id='word_1_229' title='bbox 684 3370 1052 3448; x_wconf 88' lang='lat' dir='ltr'><strong>temporum</strong></span> <span class='ocrx_word' id='word_1_230' title='bbox 1114 3382 1213 3426; x_wconf 92' lang='lat' dir='ltr'><strong>res</strong></span> <span class='ocrx_word' id='word_1_231' title='bbox 1275 3362 1594 3435; x_wconf 91' lang='lat' dir='ltr'><strong>tenuisse,</strong></span> <span class='ocrx_word' id='word_1_232' title='bbox 1646 3378 1809 3443; x_wconf 92' lang='lat' dir='ltr'><strong>quae</strong></span> <span class='ocrx_word' id='word_1_233' title='bbox 1857 3358 2201 3422; x_wconf 90' lang='lat' dir='ltr'><strong>hominum</strong></span> <span class='ocrx_word' id='word_1_234' title='bbox 2249 3361 2558 3423; x_wconf 90' lang='lat' dir='ltr'><strong>memoria</strong></span> <span class='ocrx_word' id='word_1_235' title='bbox 2603 3362 2734 3424; x_wconf 92' lang='lat' dir='ltr'><strong>iam</strong></span> 
     </span>
     <span class='ocr_line' id='line_1_29' title="bbox 343 3464 2735 3554; baseline -0.003 -17"><span class='ocrx_word' id='word_1_236' title='bbox 343 3469 726 3537; x_wconf 86' lang='lat' dir='ltr'><strong>excidissent</strong></span> <span class='ocrx_word' id='word_1_237' title='bbox 789 3475 854 3535; x_wconf 89' lang='lat' dir='ltr'><strong>et</strong></span> <span class='ocrx_word' id='word_1_238' title='bbox 916 3470 1101 3554; x_wconf 88' lang='lat' dir='ltr'><strong>quasi</strong></span> <span class='ocrx_word' id='word_1_239' title='bbox 1157 3465 1446 3552; x_wconf 87' lang='lat' dir='ltr'><strong>sepultae</strong></span> <span class='ocrx_word' id='word_1_240' title='bbox 1494 3471 1723 3530; x_wconf 90' lang='lat' dir='ltr'><strong>essent.</strong></span> <span class='ocrx_word' id='word_1_241' title='bbox 1795 3464 2194 3550; x_wconf 82' lang='lat' dir='ltr'><strong>Quapropter</strong></span> <span class='ocrx_word' id='word_1_242' title='bbox 2240 3464 2591 3551; x_wconf 86' lang='lat' dir='ltr'><strong>legendum</strong></span> <span class='ocrx_word' id='word_1_243' title='bbox 2638 3486 2735 3530; x_wconf 87' lang='lat' dir='ltr'><strong>ar-</strong></span> 
     </span>
    </p>
   </div>
   <div class='ocr_carea' id='block_1_6' title="bbox 341 3578 2513 3762">
    <p class='ocr_par' dir='ltr' id='par_1_8' title="bbox 341 3578 2513 3762">
     <span class='ocr_line' id='line_1_30' title="bbox 439 3597 578 3642; baseline 0 0"><span class='ocrx_word' id='word_1_244' title='bbox 439 3599 470 3642; x_wconf 90' lang='lat' dir='ltr'><strong>r</strong></span> <span class='ocrx_word' id='word_1_245' title='bbox 513 3597 578 3642; x_wconf 86' lang='lat' dir='ltr'><strong>r:</strong></span> 
     </span>
     <span class='ocr_line' id='line_1_31' title="bbox 341 3578 2513 3762; baseline -0 -20"><span class='ocrx_word' id='word_1_246' title='bbox 341 3578 439 3643; x_wconf 43' lang='grc' dir='ltr'><strong>ωε</strong></span> <span class='ocrx_word' id='word_1_247' title='bbox 473 3599 509 3643; x_wconf 74' lang='grc' dir='ltr'>Ο</span> <span class='ocrx_word' id='word_1_248' title='bbox 1161 3679 1351 3742; x_wconf 72' lang='lat' dir='ltr'><strong>multa</strong></span> <span class='ocrx_word' id='word_1_249' title='bbox 1399 3683 1600 3741; x_wconf 72' lang='lat' dir='ltr'><strong>tenens</strong></span> <span class='ocrx_word' id='word_1_250' title='bbox 1645 3675 1919 3762; x_wconf 72' lang='lat' dir='ltr'><strong>antiqua,</strong></span> <span class='ocrx_word' id='word_1_251' title='bbox 1967 3677 2206 3759; x_wconf 72' lang='lat' dir='ltr'><strong>sepulta</strong></span> <span class='ocrx_word' id='word_1_252' title='bbox 2252 3683 2513 3741; x_wconf 69' lang='lat' dir='ltr'><strong>vetustae</strong></span> 
     </span>
    </p>
   </div>
   <div class='ocr_carea' id='block_1_7' title="bbox 343 3785 2822 4618">
    <p class='ocr_par' dir='ltr' id='par_1_9' title="bbox 716 3785 1106 3871">
     <span class='ocr_line' id='line_1_32' title="bbox 716 3785 1106 3871; baseline 0 -22"><span class='ocrx_word' id='word_1_253' title='bbox 716 3788 881 3867; x_wconf 76' lang='lat' dir='ltr'><strong>Quae</strong></span> <span class='ocrx_word' id='word_1_254' title='bbox 913 3785 1106 3871; x_wconf 72' lang='lat' dir='ltr'><strong>facit.</strong></span> 
     </span>
    </p>

    <p class='ocr_par' dir='ltr' id='par_1_10' title="bbox 343 3892 2739 4403">
     <span class='ocr_line' id='line_1_33' title="bbox 438 3892 2737 3977; baseline -0 -21"><span class='ocrx_word' id='word_1_255' title='bbox 438 3892 712 3957; x_wconf 86' lang='lat' dir='ltr'><strong>Lubrica</strong></span> <span class='ocrx_word' id='word_1_256' title='bbox 750 3897 942 3976; x_wconf 89' lang='lat' dir='ltr'><strong>atque</strong></span> <span class='ocrx_word' id='word_1_257' title='bbox 979 3894 1217 3957; x_wconf 89' lang='lat' dir='ltr'><strong>incerta</strong></span> <span class='ocrx_word' id='word_1_258' title='bbox 1259 3896 1441 3970; x_wconf 90' lang='lat' dir='ltr'><strong>sunt,</strong></span> <span class='ocrx_word' id='word_1_259' title='bbox 1483 3912 1644 3977; x_wconf 89' lang='lat' dir='ltr'><strong>quae</strong></span> <span class='ocrx_word' id='word_1_260' title='bbox 1682 3892 1831 3957; x_wconf 90' lang='lat' dir='ltr'><strong>hinc</strong></span> <span class='ocrx_word' id='word_1_261' title='bbox 1870 3895 2262 3976; x_wconf 89' lang='lat' dir='ltr'><strong>sequuntur;</strong></span> <span class='ocrx_word' id='word_1_262' title='bbox 2290 3911 2496 3956; x_wconf 92' lang='lat' dir='ltr'><strong>unum</strong></span> <span class='ocrx_word' id='word_1_263' title='bbox 2522 3897 2737 3956; x_wconf 88' lang='lat' dir='ltr'><strong>tamen</strong></span> 
     </span>
     <span class='ocr_line' id='line_1_34' title="bbox 350 3995 2737 4083; baseline 0 -20"><span class='ocrx_word' id='word_1_264' title='bbox 350 4004 625 4063; x_wconf 87' lang='lat' dir='ltr'><strong>constat:</strong></span> <span class='ocrx_word' id='word_1_265' title='bbox 697 3996 942 4083; x_wconf 89' lang='lat' dir='ltr'><strong>aliquid</strong></span> <span class='ocrx_word' id='word_1_266' title='bbox 1004 3999 1336 4064; x_wconf 87' lang='lat' dir='ltr'><strong>turbatum</strong></span> <span class='ocrx_word' id='word_1_267' title='bbox 1400 4019 1570 4077; x_wconf 87' lang='lat' dir='ltr'><strong>esse;</strong></span> <span class='ocrx_word' id='word_1_268' title='bbox 1637 4000 1728 4062; x_wconf 92' lang='lat' dir='ltr'><strong>sic</strong></span> <span class='ocrx_word' id='word_1_269' title='bbox 1791 3995 2196 4063; x_wconf 75' lang='lat' dir='ltr'><strong>accusativus</strong></span> <span class='ocrx_word' id='word_1_270' title='bbox 2258 3999 2737 4063; x_wconf 87' lang='lat' dir='ltr'><strong>nominativum</strong></span> 
     </span>
     <span class='ocr_line' id='line_1_35' title="bbox 346 4088 2739 4190; baseline 0 -20"><span class='ocrx_word' id='word_1_271' title='bbox 346 4107 636 4190; x_wconf 90' lang='lat' dir='ltr'><strong>excipere</strong></span> <span class='ocrx_word' id='word_1_272' title='bbox 682 4126 806 4171; x_wconf 89' lang='lat' dir='ltr'><strong>non</strong></span> <span class='ocrx_word' id='word_1_273' title='bbox 853 4111 1084 4190; x_wconf 84' lang='lat' dir='ltr'><strong>potest.</strong></span> <span class='ocrx_word' id='word_1_274' title='bbox 1132 4104 1378 4171; x_wconf 89' lang='lat' dir='ltr'><strong>Vahlen</strong></span> <span class='ocrx_word' id='word_1_275' title='bbox 1427 4088 1936 4171; x_wconf 79' lang='lat' dir='ltr'><strong>emendationem</strong></span> <span class='ocrx_word' id='word_1_276' title='bbox 1985 4104 2312 4189; x_wconf 89' lang='lat' dir='ltr'><strong>desperat,</strong></span> <span class='ocrx_word' id='word_1_277' title='bbox 2361 4103 2561 4170; x_wconf 87' lang='lat' dir='ltr'><strong>multi</strong></span> <span class='ocrx_word' id='word_1_278' title='bbox 2609 4125 2739 4170; x_wconf 88' lang='lat' dir='ltr'><strong>me-</strong></span> 
     </span>
     <span class='ocr_line' id='line_1_36' title="bbox 345 4209 2737 4297; baseline -0 -22"><span class='ocrx_word' id='word_1_279' title='bbox 345 4209 552 4275; x_wconf 89' lang='lat' dir='ltr'><strong>delam</strong></span> <span class='ocrx_word' id='word_1_280' title='bbox 617 4217 1065 4291; x_wconf 88' lang='lat' dir='ltr'><strong>tentaverunt,</strong></span> <span class='ocrx_word' id='word_1_281' title='bbox 1131 4210 1243 4277; x_wconf 89' lang='lat' dir='ltr'><strong>alii</strong></span> <span class='ocrx_word' id='word_1_282' title='bbox 1307 4211 1524 4277; x_wconf 90' lang='lat' dir='ltr'><strong>aliam.</strong></span> <span class='ocrx_word' id='word_1_283' title='bbox 1587 4211 1805 4276; x_wconf 91' lang='lat' dir='ltr'><strong>Unum</strong></span> <span class='ocrx_word' id='word_1_284' title='bbox 1856 4210 2216 4297; x_wconf 86' lang='lat' dir='ltr'><strong>corrigendi</strong></span> <span class='ocrx_word' id='word_1_285' title='bbox 2264 4215 2737 4276; x_wconf 88' lang='lat' dir='ltr'><strong>tentamentum</strong></span> 
     </span>
     <span class='ocr_line' id='line_1_37' title="bbox 343 4320 1143 4403; baseline 0 -21"><span class='ocrx_word' id='word_1_286' title='bbox 343 4338 536 4403; x_wconf 87' lang='lat' dir='ltr'><strong>supra</strong></span> <span class='ocrx_word' id='word_1_287' title='bbox 584 4320 715 4383; x_wconf 88' lang='lat' dir='ltr'><strong>iam</strong></span> <span class='ocrx_word' id='word_1_288' title='bbox 765 4320 1143 4383; x_wconf 88' lang='lat' dir='ltr'><strong>memoravi.</strong></span> 
     </span>
    </p>

    <p class='ocr_par' dir='ltr' id='par_1_11' title="bbox 354 4422 2822 4618">
     <span class='ocr_line' id='line_1_38' title="bbox 435 4422 2822 4511; baseline -0.001 -21"><span class='ocrx_word' id='word_1_289' title='bbox 435 4425 607 4490; x_wconf 88' lang='lat' dir='ltr'><strong>Mihi</strong></span> <span class='ocrx_word' id='word_1_290' title='bbox 652 4424 1006 4511; x_wconf 83' lang='lat' dir='ltr'><strong>asyndeton</strong></span> <span class='ocrx_word' id='word_1_291' title='bbox 1045 4429 1432 4510; x_wconf 86' lang='lat' dir='ltr'><strong>perpetuum</strong></span> <span class='ocrx_word' id='word_1_292' title='bbox 1473 4445 1626 4490; x_wconf 86' lang='lat' dir='ltr'><strong>voce</strong></span> <span class='ocrx_word' id='word_1_293' title='bbox 1666 4431 1724 4487; x_wconf 71' lang='lat' dir='ltr'><strong>et</strong></span> <span class='ocrx_word' id='word_1_294' title='bbox 1762 4425 1826 4487; x_wconf 89' lang='lat' dir='ltr'><strong>in</strong></span> <span class='ocrx_word' id='word_1_295' title='bbox 1869 4445 1962 4489; x_wconf 82' lang='lat' dir='ltr'><strong>vs.</strong></span> <span class='ocrx_word' id='word_1_296' title='bbox 2001 4422 2135 4488; x_wconf 88' lang='grc'><strong>248</strong></span> <span class='ocrx_word' id='word_1_297' title='bbox 2179 4422 2429 4487; x_wconf 89' lang='lat' dir='ltr'><strong>turbari</strong></span> <span class='ocrx_word' id='word_1_298' title='bbox 2454 4423 2731 4504; x_wconf 85' lang='lat' dir='ltr'><strong>videtur,</strong></span> <span class='ocrx_word' id='word_1_299' title='bbox 2818 4453 2822 4457; x_wconf 94' lang='lat'>·</span> 
     </span>
     <span class='ocr_line' id='line_1_39' title="bbox 354 4529 2729 4618; baseline 0 -21"><span class='ocrx_word' id='word_1_300' title='bbox 354 4534 572 4618; x_wconf 90' lang='lat' dir='ltr'><strong>itaque</strong></span> <span class='ocrx_word' id='word_1_301' title='bbox 645 4533 1006 4616; x_wconf 87' lang='lat' dir='ltr'><strong>suspicatus</strong></span> <span class='ocrx_word' id='word_1_302' title='bbox 1067 4552 1250 4610; x_wconf 89' lang='lat' dir='ltr'><strong>sum,</strong></span> <span class='ocrx_word' id='word_1_303' title='bbox 1322 4533 1391 4595; x_wconf 92' lang='lat' dir='ltr'><strong>in</strong></span> <span class='ocrx_word' id='word_1_304' title='bbox 1453 4552 1524 4596; x_wconf 88' lang='lat' dir='ltr'><strong>ea</strong></span> <span class='ocrx_word' id='word_1_305' title='bbox 1580 4530 1779 4596; x_wconf 87' lang='lat' dir='ltr'><strong>latere</strong></span> <span class='ocrx_word' id='word_1_306' title='bbox 1840 4529 2157 4617; x_wconf 74' lang='lat' dir='ltr'><strong>syllabam</strong></span> <span class='ocrx_word' id='word_1_307' title='bbox 2216 4530 2267 4595; x_wconf 76' lang='lat' dir='ltr'><strong>it</strong></span> <span class='ocrx_word' id='word_1_308' title='bbox 2323 4531 2500 4597; x_wconf 85' lang='lat' dir='ltr'><strong>verbi</strong></span> <span class='ocrx_word' id='word_1_309' title='bbox 2551 4531 2729 4616; x_wconf 76' lang='lat' dir='ltr'><strong>facit</strong></span> 
     </span>
    </p>
   </div>
  </div>
 </body>
</html>
