3392 5384
1378 418 1709 466 armamus.
2641 396 2727 462 89

456 582 608 662 231,
637 583 721 648 12
780 586 1047 668 iamque
1105 581 1348 666 liquido
1409 585 1580 647 serui
1642 582 2019 666 nequissimi
2064 586 2255 664 atque
2302 577 2593 643 mulieris
2636 599 2740 643 ne-

354 691 596 773 quioris
639 688 970 774 patefactis
1023 686 1364 752 sceleribus
1411 707 1466 752 e.
1493 707 1552 770 q.
1582 707 1630 750 s.

443 791 581 858 Iam
628 792 898 858 Ovidius
945 792 1170 857 eodem
1215 791 1402 857 modo
1448 791 1919 876 superlativum
1962 792 2180 875 posuit
2223 789 2395 854 Fast.
2435 788 2487 865 Ι,
2530 787 2663 852 212

715 897 801 962 Et
845 918 988 962 cum
1040 896 1400 981 possideant
1445 895 1761 981 plurima,
1810 894 1997 980 plura
2037 900 2299 979 petunt;

353 1002 522 1088 quod
566 1006 818 1088 saepius
865 1006 1163 1068 imitatus
1210 1008 1305 1067 est
1346 1002 1643 1067 Sidonius
1692 1001 1870 1067 velut
1915 1000 1946 1065 I
1998 1000 2101 1078 11,
2129 1000 2171 1064 2
2219 1000 2557 1084 carpebant
2594 959 2736 1085 plu-

341 1110 584 1171 rimum
629 1110 824 1184 vitia,
873 1090 1022 1192 plus
1075 1107 1396 1172 homines.

438 1214 526 1278 At
585 1215 902 1298 positivus
965 1214 1148 1277 iuxta
1210 1211 1686 1297 superlativum
1752 1210 2091 1276 adhibetur
2138 1207 2245 1286 98,
2275 1208 2315 1272 6
2364 1205 2735 1272 dulcissima

348 1324 414 1383 et
459 1336 632 1392 cara;
691 1313 839 1394 157,
869 1314 907 1379 5
959 1319 1221 1402 pigrum
1271 1316 1841 1400 tardissimumque
1890 1320 1953 1379 et
2000 1316 2195 1378 nimis
2234 1315 2516 1390 asinum3
2569 1310 2721 1387 216,

351 1420 433 1485 15
498 1423 834 1505 saeuisque
897 1419 1031 1498 illis
1092 1429 1157 1486 et
1201 1421 1646 1498 ferocissimis,
1699 1421 1977 1505 denique
2024 1417 2178 1496 241,
2210 1417 2293 1483 19
2343 1419 2499 1483 bene
2544 1423 2733 1502 atque

350 1529 616 1611 optime.

411 1690 526 1749 231,
546 1691 610 1738 16
645 1693 845 1753 opportu
878 1690 928 1740 ἆ
961 1688 1026 1736 1¹¹²
1069 1687 1313 1752 opportuni
1356 1689 1442 1749 Γοῖ
1474 1689 1537 1736 Γ*
1565 1689 1765 1753 sab'osa
1799 1689 1837 1737 F
1871 1689 2037 1750 (etiam
2070 1688 2123 1737 in
2162 1689 2356 1752 marg).

441 1831 592 1911 231,
622 1829 703 1898 17
759 1837 825 1899 et
870 1832 1050 1899 illius
1097 1833 1355 1917 quidem
1402 1835 1569 1897 senis
1617 1833 1862 1897 famosa
1906 1838 2095 1917 atque
2140 1831 2427 1897 fabulosa
2471 1832 2730 1895 fortuna

348 1937 789 2021 prouidentiae
839 1937 1093 2003 diuinae
1142 1937 1533 2023 condignum
1581 1937 1811 2019 accepit
1856 1939 2127 2001 exitum.

440 2040 747 2108 Codicum
811 2042 861 2107 F
889 2052 942 2123 Φ
1005 2045 1322 2127 scriptura
1381 2042 1608 2124 accepit
1669 2045 1803 2122 (cui
1865 2063 1925 2107 v.
1978 2041 2038 2106 d.
2092 2040 2263 2105 Vliet
2309 2040 2542 2122 excepit
2587 2039 2733 2103 sub-

353 2149 593 2229 stituit)
643 2148 899 2213 videtur
943 2147 1197 2213 tolerari
1243 2169 1426 2233 posse
1473 2149 1550 2212 cf.
1607 2146 1755 2226 192,
1785 2146 1823 2210 5
1872 2145 2078 2211 adhuc
2121 2149 2561 2210 introeuntem
2607 2161 2735 2207 ma-

349 2253 550 2314 ritum
596 2273 816 2337 aspero
865 2273 1175 2318 sermone·
1199 2255 1430 2337 accipit
1476 2273 1529 2316 6.
1557 2273 1615 2335 q.
1643 2273 1692 2315 s.

420 2413 535 2470 231,
557 2414 622 2461 20
667 2414 1036 2463 adolescentium
1069 2420 1123 2476 φ.
1176 2417 1241 2465 23
1274 2416 1612 2479 coipwauerat
1647 2419 1729 2463 rat
1756 2415 1820 2463 13¹⁸
1867 2418 1918 2463 at
1952 2412 2280 2478 dittographia
2313 2415 2420 2477 post
2456 2412 2611 2461 deleta
2647 2382 2733 2460 est.

349 2493 693 2562 co’parauerat
726 2499 781 2555 φ.

1144 2594 1184 2614 ὶ-

440 2640 592 2718 231,
624 2641 710 2706 23
758 2641 1102 2714 miles.ille
1149 2646 1260 2727 qui
1305 2665 1410 2708 me
1463 2691 1653 2709 .....
1706 2647 1841 2709 sine
1887 2647 2095 2728 pretio
2148 2665 2338 2708 suum
2386 2611 2637 2708 fecerat.

437 2746 753 2813 Similiter
801 2749 1047 2812 dictum
1096 2755 1191 2814 est
1243 2749 1391 2826 198,
1420 2749 1505 2815 21
1557 2751 1770 2814 Pistor
1812 2750 1927 2815 ille
1975 2753 2086 2836 qui
2133 2771 2237 2815 me
2280 2753 2486 2836 pretio
2533 2769 2726 2814 suum

347 2853 606 2929 fecerat3
658 2856 1026 2938 oppositum
1073 2855 1200 2919 fere
1248 2854 1492 2940 legitur
1546 2853 1693 2932 170,
1725 2855 1763 2919 3
1802 2854 2020 2920 lancea
2056 2854 2214 2919 mali
2252 2853 2580 2941 Thrasylli
2622 2875 2724 2918 me
2846 2883 2857 2896 ⁸

346 2958 469 3022 tibi
514 2958 668 3022 fecit
713 2957 1018 3023 alienum.

438 3136 590 3216 232,
619 3136 660 3201 4
725 3139 1033 3204 adsciscor
1091 3142 1310 3224 itaque
1352 3143 1523 3206 inter
1567 3139 1727 3204 duos
1770 3139 1914 3208 illos
1961 3141 2187 3205 fratres
2234 3143 2465 3205 tertius
2510 3144 2733 3204 contu-

348 3243 648 3308 bernalis.

436 3347 660 3414 Nonne
709 3348 815 3414 hic
861 3328 1176 3433 Apuleius
1221 3349 1447 3414 irridet
1494 3347 1815 3415 Ciceronis
1857 3349 2081 3414 verba:
2123 3349 2227 3427 (de
2266 3347 2441 3413 Offic.
2482 3347 2576 3412 ΠΙ
2616 3348 2729 3429 45)

346 3454 582 3536 petivit
629 3457 702 3516 ut
749 3473 814 3516 se
860 3452 939 3517 ad
985 3455 1340 3518 amicitiam
1390 3455 1657 3518 tertium
1706 3451 2129 3518 ascriberent?
2175 3453 2251 3518 In
2292 3475 2452 3538 quae
2486 3455 2733 3518 iocatur

345 3559 482 3621 sine
550 3557 746 3622 dubio
817 3561 1086 3643 scriptor
1149 3564 1362 3624 noster
1419 3580 1610 3644 supra
1671 3558 1734 3635 2,
1767 3558 1848 3624 18
1912 3559 2159 3624 duobus
2221 3561 2569 3637 comitum,
2618 3563 2729 3645 qui

341 3661 504 3726 forte
551 3661 891 3746 paululum
937 3671 1434 3747 praecesserant,
1485 3667 1753 3729 tertium
1801 3687 1905 3730 me
1951 3665 2129 3729 facio,

431 3766 859 3832 Verisimilius
920 3771 1127 3854 igitur
1191 3774 1288 3833 est
1349 3767 1721 3835 Ciceronem
1784 3768 2003 3849 (Catil.
2067 3768 2098 3833 I
2144 3757 2199 3853 ς
2220 3769 2284 3849 1)
2347 3789 2540 3854 quam
2588 3768 2722 3833 Sal-

343 3871 617 3936 lustium
644 3872 695 3952 l)
741 3872 926 3950 (Bell.
976 3870 1112 3938 Cat.
1163 3873 1272 3951 20,
1299 3873 1366 3953 9)
1414 3874 1702 3939 denotari
1748 3876 1921 3939 hisce
1974 3874 2178 3939 verbis
2215 3873 2449 3958 Apulei
2488 3872 2624 3952 (66,
2652 3874 2721 3952 4)
2854 3946 2862 3950 ,

341 3996 466 4060 (1110
513 3996 713 4061 usque
753 3977 1012 4042 tandem
1050 3980 1451 4043 cantherium
1491 3981 1817 4068 patiemur
1857 3975 2103 4042 istum?
2141 3978 2316 4042 Haec
2340 3977 2723 4062 significatio

340 4086 567 4165 quater
636 4081 802 4146 redit
869 4085 1086 4148 minus
1147 4089 1365 4149 tamen
1424 4083 1793 4161 luculenta,
1844 4083 1984 4149 dico
2054 4081 2202 4160 136,
2234 4080 2349 4161 14;
2421 4081 2571 4160 156,
2601 4080 2724 4160 303

346 4185 496 4262 181,
531 4186 648 4265 16;
701 4185 854 4266 250,
886 4187 989 4252 13.
2018 4213 2031 4224 ’

415 4489 469 4550 1)
508 4487 610 4536 Hoc
642 4490 782 4552 putat
816 4488 1021 4536 Gatacha
1054 4486 1087 4536 l.
1123 4504 1163 4536 c.
1199 4504 1278 4552 pg.
1315 4490 1426 4536 154.
