3392 5384
689 377 818 444 120
1690 396 2068 446 rnaromm.
2165 349 2177 362 ⁶

779 559 1196 642 Gmnmnm,
1262 585 1324 648 p.
1383 561 1634 630 155Βο
1697 558 1802 636 ἧκε
1864 562 1993 644 γὰρ
2040 561 2472 645 (Charmides)
2518 561 2623 626 καὶ
2674 561 2918 636 ἐποίησε
2964 563 3075 640 γέ-

682 683 856 733 λωτοι
903 668 1129 734 πολύν·
1178 666 1439 742 ἕκαστος
1486 669 1615 748 γιὶρ
1665 672 1832 747 ἡμῶν
1880 677 1998 734 τῶν
2047 670 2398 745 καθημένων
2446 676 2887 748 συγχωρῶν
2936 669 3070 733 τὸν

682 775 942 850 πλησίον
980 776 1138 840 ἐώθει
1178 777 1442 858 σπουδῇ,
1483 772 1577 840 ἵνα
1621 782 1768 854 παρ’
1810 777 1978 856 αὐτῷ
2020 775 2327 858 καθέζοιτο
2343 756 2380 855 ,⁶
2402 772 2511 848 ἕως
2542 781 2659 839 τῶν
2684 775 2784 838 ἐπ’
2811 774 3067 856 ε’σχοίτῳ

683 881 1027 958 καθημένων
1077 884 1179 947 τὸν
1225 883 1339 959 μὲν
1387 882 1840 970 οὶνεστιξσοιμεν,
1888 883 1990 948 τὸν
2040 883 2104 948 δὲ
2132 881 2426 959 ’πλάγιον
2474 881 2936 959 κατεβάλομεν.

771 985 834 1052 Ν
836 992 1019 1052 eutra
1086 987 1471 1074 significatio
1540 988 1722 1053 verbi
1803 996 2151 1070 συγχωρεῖν
2232 987 2533 1069 (comitari
2600 993 2665 1053 et
2733 988 3065 1068 concedere)

683 1092 834 1158 huic
881 1091 1019 1158 loco
1067 1095 1396 1172 convenit,
1447 1095 1552 1158 cui
1597 1095 1969 1159 conveniret
2017 1093 2275 1180 quidem
2327 1093 2400 1171 ἔγ
2405 1099 2633 1172 χωρῶν,
2682 1093 2868 1156 locum
2899 1114 3065 1176 prae-

680 1199 822 1263 bens
884 1197 1336 1280 (Charmidea),
1399 1199 1510 1265 sed
1574 1206 1791 1264 tamen
1854 1197 1961 1265 vel
2004 1200 2124 1265 hoc
2171 1198 2521 1265 abundaret
2564 1203 2826 1286 propter
2871 1197 3063 1264 verba

679 1307 1009 1391 sequentia
1046 1302 1142 1369 ἵνα
1183 1309 1329 1384 παρ’
1371 1306 1536 1384 αὐτῷ
1575 1304 1906 1387 καθέζοιτο.
1951 1305 2157 1386 Quare
2183 1305 2529 1373 videndum
2558 1325 2767 1370 annon
2789 1308 3067 1390 praestet

680 1409 1031 1477 molestum
1077 1413 1492 1498 participium
1538 1432 1572 1489 e
1616 1415 1804 1476 textu
1853 1413 2214 1478 exturbare.

768 1599 844 1665 P.
900 1598 1028 1664 156
1047 1597 1117 1668 G.
1183 1601 1251 1665 ἐκ
1315 1601 1384 1676 δὴ
1449 1600 1664 1666 τούτου
1723 1605 1829 1666 τοῦ
1879 1600 2069 1678 λόγου
2116 1599 2389 1672 διαίταις
2440 1600 2538 1664 ἐπὶ
2587 1603 2716 1664 πᾶν
2765 1599 2835 1664 τὸ
2885 1604 3063 1674 σῶμα

678 1704 1034 1784 τρεπόμενοι
1079 1707 1251 1784 μετὰ
1300 1711 1410 1772 τοῦ
1448 1704 1587 1772 ὅλου
1629 1707 1698 1772 τὸ
1740 1706 1920 1787 μέρος
1965 1706 2371 1787 ἐπιχειροῦσιν
2413 1706 2767 1786 θεραπεύειν
2805 1728 2892 1768 τε
2933 1702 3062 1767 xx>

682 1812 989 1876 ἷέὶσθοιι.
1748 1824 1757 1832 ’

769 1916 1146 2002 Suspicione
1205 1940 1332 1984 non
1389 1926 1608 1986 carent
1665 1922 1793 1988 tria
1839 1917 2074 1984 ultima
2120 1918 2349 1996 verba,
2399 1919 2548 2005 quia
2592 1919 2659 1980 in
2706 1915 3067 1981 anteceden-

681 2023 856 2088 tibus
919 2029 994 2089 ut
1054 2011 1396 2103 ἱσοδύνιίμιι
1457 2029 1716 2093 variant
1773 2026 1967 2093 verba
2014 2025 2380 2106 θεραπεύειν,
2429 2047 2657 2102 curare,
2706 2029 2772 2091 et
2819 2023 3059 2098 ἰᾶσθαι,

680 2130 923 2196 mederi.

770 2320 845 2383 P.
900 2315 1028 2382 158
1053 2318 1131 2384 D.
1194 2319 1408 2400 Φαίνῃ.
1475 2319 1721 2384 Burnet
1782 2321 1849 2383 in
1904 2318 2403 2404 diligentissima
2448 2318 2741 2384 Platonis
2788 2318 3063 2384 editione

681 2424 1030 2490 Oxoniensi
1056 2427 1279 2509 *nescio
1317 2446 1396 2490 an
1436 2432 1604 2491 recte
1641 2425 1877 2511 ubique
1902 2425 2158 2491 Platoni
2182 2426 2524 2492 reddiderit
2550 2427 3064 2491 terminationem

679 2542 778 2603 W*
808 2551 923 2615 pro
983 2544 1031 2596 ῖι
1093 2533 1162 2594 in
1227 2531 1500 2596 secunda
1562 2553 1833 2617 persona
1893 2531 2234 2598 Indicativi
2281 2532 2478 2597 medii
2524 2538 2589 2597 et
2632 2534 2894 2617 passivi.
2942 2530 3065 2596 Vix

679 2637 852 2700 enim
921 2656 996 2699 ex
1068 2638 1331 2722 antiqua
1402 2639 1849 2703 terminatione
1912 2649 2023 2704 εῖΐ
2067 2640 2137 2702 in
2196 2639 2417 2704 Attica
2478 2640 2653 2714 nasci
2712 2639 2926 2722 potuit
2977 2649 3061 2713 ἃ,

677 2744 1052 2826 priusquam
1099 2762 1214 2827 pro
1261 2745 1437 2806 omni
1483 2756 1551 2820 W
1587 2743 1779 2808 scribi
1818 2727 2117 2829 coeptum
2155 2751 2253 2810 est
2293 2758 2342 2810 ε-ι
2366 2793 2381 2822 ,
2424 2749 2499 2808 ut
2537 2746 2605 2808 in
2644 2743 3062 2808 substantivis

677 2846 929 2925 βουλεῖ,
1001 2855 1180 2921 τιμεῖ
1232 2854 1380 2913 cett.
1442 2870 1556 2933 pro
1617 2849 1854 2931 βουλῇ,
1920 2861 2109 2931 τιμῇ,
2174 2853 2319 2915 sim.
2390 2849 2529 2930 Quo
2593 2852 2803 2936 magis
2867 2851 3065 2912 miror

679 2953 954 3018 eundem
1013 2952 1205 3018 fidem
1251 2955 1550 3020 habuisse
1598 2958 1802 3021 veteri
1848 2958 2291 3043 superstitioni
2336 2958 2919 3042 grammaticorum
2964 2974 3063 3017 ex,-

679 3057 970 3142 cipienda
1033 3079 1168 3123 esse
1234 3061 1437 3124 trium
1498 3061 1844 3126 verborum
1908 3063 2146 3126 formas
2206 3061 2456 3154 βοθλει,
2520 3059 2661 3137 οἴει,
2729 3059 2885 3133 ὄψει.
2958 3057 3055 3126 Cf.

677 3164 849 3248 apud
909 3163 1268 3230 Burnet-um
1328 3167 1466 3251 ipsa
1513 3169 1864 3253 sequentia.
1912 3165 2017 3233 Sic
2061 3169 2270 3253 igitur
2317 3165 2736 3232 statuendum
2781 3165 3055 3241 videtur,

676 3270 848 3356 apud
909 3273 1300 3357 antiquiores
1359 3277 1577 3357 poetas
1639 3275 2103 3358 scriptoresque
2164 3273 2414 3338 Atticos
2458 3272 2698 3357 ubique
2744 3272 2880 3337 sine
2924 3269 3057 3335 ulla

675 3379 1044 3462 exceptione
1106 3393 1171 3450 W
1233 3378 1638 3443 scribendum
1684 3400 1842 3444 esse.
1899 3377 2080 3459 Quod
2128 3382 2185 3444 si
2232 3381 2529 3464 quamvis
2578 3376 3059 3443 dubitabundus

674 3485 741 3547 in
789 3481 1064 3548 editione
1109 3504 1254 3548 mea
1299 3487 1539 3550 retinui
1586 3497 1675 3562 ε“ι,
1722 3485 1791 3552 id
1836 3505 2185 3570 puerorum
2232 3487 2619 3551 nostratium
2666 3503 2856 3549 causa
2901 3482 3052 3560 feci,

675 3609 825 3652 cum
889 3595 963 3653 ut
1023 3588 1276 3654 facilius
1339 3593 1779 3657 coniunctivos
1826 3591 1903 3656 ab
1949 3591 2314 3657 indicativis
2363 3592 2865 3678 distinguerent,
2914 3595 3053 3654 tum

677 3696 829 3780 quia
887 3696 955 3759 in
1016 3698 1251 3760 nostris
1310 3699 1755 3782 grammaticis
1817 3700 2184 3764 terminatio
2242 3711 2291 3760 ἴι
2340 3697 2811 3783 antiquioribus
2858 3696 3051 3761 etiam

675 3801 912 3866 Atticis
958 3801 1157 3866 tribui
1202 3801 1451 3869 assolet.

764 3986 838 4050 P.
892 3984 1112 4050 1603.
1161 3985 1380 4067 δυοῖν
1423 3985 1552 4064 γὰρ
1599 3986 1668 4059 δὲ
1719 3985 1817 4050 τὰ
1868 3982 2126 4066 ἕτερα.

767 4091 966 4176 Saepe
1003 4094 1071 4155 in
1108 4089 1291 4156 libris
1327 4091 1617 4176 Platonis
1654 4093 1911 4159 obviam
1954 4092 2027 4156 fit
2064 4093 2219 4159 haec
2260 4091 2541 4159 formula
2578 4114 2808 4178 parum
2844 4093 3047 4181 logica

540 4243 552 4253 ι
672 4201 856 4263 iuxta
901 4217 1042 4262 eam
1091 4218 1285 4281 quam
1330 4219 1481 4263 sana
1518 4201 1679 4264 ratio
1727 4199 2050 4284 postulare
2097 4199 2356 4265 videtur
2405 4198 2561 4264 δυοῖν
2586 4237 2671 4247 —
2698 4196 2963 4279 θᾶτερον.

765 4385 958 4450 LYSIS
1018 4405 1081 4470 p.
1130 4384 1258 4450 221
1280 4385 1358 4451 D.
1425 4383 1452 4450 ὃ
1513 4387 1578 4452 δὲ
1624 4387 1691 4451 τὸ
1741 4385 2022 4465 πρότερον
2070 4387 2371 4466 ἐλέγομεν
2421 4387 2604 4467 Φίλον
2652 4383 2829 4468 εἶναι,
2878 4383 3075 4461 ὕθλος’

675 4515 771 4564 τις
821 4485 908 4570 ἦν,
958 4487 1156 4572 ὥσπερ
1204 4492 1443 4569 ποίημα
1490 4494 1723 4574 μακρὸν
1767 4493 2227 4574 συγκείμενον.“
2332 4568 2337 4572 ,
