3392 5384
721 397 850 467 146
1720 415 2097 466 purorum.

713 586 979 649 iuvenes
1039 583 1482 658 Atheniense8‚
1540 585 1654 666 qui
1698 583 1961 670 quidem
2006 581 2357 648 liberaliter
2400 581 2652 645 educati
2698 584 2912 658 erant,
2961 582 3099 646 otio

713 687 1153 764 abundabant,
1225 689 1283 752 si
1347 695 1879 772 'compararentur
1961 709 2111 752 cum
2194 689 2419 753 ceteris
2492 687 2741 752 civibus
2826 688 3101 772 triginta

709 795 893 859 annis
951 793 1334 868 maioribus,
1385 796 1500 878 qui
1543 795 1744 860 variis
1791 795 2070 879 negotiis
2114 796 2181 859 in
2226 815 2293 858 re
2340 794 2589 878 privata
2634 796 2698 856 et
2742 791 3097 856 domestica

685 900 1192 965 distinebantur.
1258 898 1548 964 Socrates
1606 899 1726 965 hoc
1780 903 1921 986 agit
1980 907 2055 964 ut
2117 899 2394 985 explicet
2454 897 2772 984 quomodo
2833 900 2922 963 sit
2968 898 3097 962 fac-

709 1010 852 1069 tum
914 1011 988 1069 ut
1047 1006 1375 1069 iuniorum
1435 1003 1648 1069 studia
1710 1007 2121 1090 potissimum
2185 1006 2497 1070 excitarit.
2560 1001 2703 1068 Non
2764 1004 2920 1067 sinit
2977 1021 3095 1067 nos

706 1109 996 1176 dubitare
1065 1108 1406 1186 Isocrates,
1478 1111 1592 1194 qui
1657 1111 1728 1174 in
1796 1109 2024 1176 Helen.
2098 1109 2360 1175 Encom.
2432 1107 2584 1194 §62
2656 1109 2707 1173 οἱ
2772 1108 2931 1188 γὰρ,
2994 1109 3095 1172 in-

704 1218 884 1300 quit,
949 1215 1112 1291 μήτε
1170 1221 1288 1279 τῶν
1349 1213 1509 1280 ἰδίων
1574 1239 1667 1278 πω
1731 1216 1896 1292 μήτε
1956 1222 2077 1280 ’τῶν
2142 1221 2341 1280 κοινῶν
2386 1211 2808 1296 Φροντίζοντες
2852 1212 3089 1286 τούτοις

701 1321 950 1398 adarca
1015 1321 1297 1401 χαίρουσι
1359 1326 1475 1384 τῶν
1522 1319 1746 1400 λόγων.
1810 1321 1886 1386 In
1946 1323 2066 1388 hac
2110 1319 2685 1406 interpolationum
2730 1320 3093 1404 frequentia

700 1429 977 1513 suspicio
1047 1427 1215 1491 mihi
1288 1427 1512 1492 oborta
1572 1432 1671 1492 est
1736 1430 1933 1493 etiam
1998 1428 2074 1493 de
2136 1450 2200 1513 p.
2252 1426 2338 1492 25
2360 1427 2431 1504 B,
2496 1427 2609 1491 ubi
2671 1424 2961 1491 Socrates
3008 1425 3089 1490 de

699 1535 880 1618 equis
917 1535 1274 1618 interrogat
1317 1538 1540 1597 utrum
1582 1531 1799 1618 plures
1839 1535 1970 1598 sint
2008 1536 2122 1619 qui
2159 1531 2457 1598 meliores
2497 1530 2764 1596 reddant
2800 1551 2881 1596 an
2919 1549 3091 1596 unus

698 1637 889 1702 modo
952 1639 985 1712 ἢ
1051 1639 1215 1702 πάνυ
1263 1639 1482 1715 ὀλίγοι.
1529 1637 1672 1704 Non
1720 1640 1974 1724 scripsit
2021 1637 2209 1704 Plato
2255 1637 2601 1703 lectoribus
2647 1637 2879 1721 quibus
2926 1637 3089 1722 opu‘s

695 1749 832 1807 erat
874 1740 1332 1827 explicatione,
1396 1764 1592 1828 quam
1653 1743 1985 1828 hucusque
2044 1746 2239 1809 nimis
2285 1746 2601 1829 patienter
2651 1742 2961 1808 tulimus:
3012 1743 3085 1806 οἱ

697 1845 1042 1913 ἱππικοί.
1111 1848 1332 1934 Neque
1377 1848 1686 1913 Isocrates
1734 1848 1863 1913 tale
1910 1849 2064 1934 quid
2112 1849 2355 1914 addidit
2403 1849 2479 1913 de
2524 1846 2819 1913 Antidosi
2865 1845 3087 1932 5211.

697 1951 822 2018 Sed
880 1951 1045 2016 nihil
1100 1953 1219 2018 hoc
1279 1958 1374 2018 est
1434 1956 1489 2017 si
1551 1956 2023 2038 comparaveris
2071 1975 2219 2019 cum
2267 1975 2331 2038 p.
2384 1951 2579 2018 27E:
2633 1951 2824 2022 εἴτις
2876 1948 3083 2016 ἵππων

581 2043 588 2049 ’
700 2059 812 2133 μὲν
876 2056 1109 2129 παῖδας
1175 2059 1384 2135 ἡγοῖτο
1447 2059 1550 2122 καὶ
1615 2061 1775 2123 ὄνων.
1838 2058 1983 2124 Non
2030 2066 2189 2145 puto
2238 2059 2374 2124 dari
2418 2061 2486 2123 in
2535 2063 2668 2124 tota
2717 2056 3081 2123 Graecitate

699 2162 1017 2228 emblema
1078 2166 1286 2248 magis
1346 2162 1731 2243 ridiculum;
1790 2185 1941 2228 nam
2000 2184 2193 2249 quam
2256 2162 2529 2228 stolidus
2586 2163 2783 2227 fuerit
2830 2182 3083 2228 necesse

698 2273 830 2345 est,
884 2270 996 2352 qui
1035 2268 1369 2354 adscripsit
1408 2269 1547 2340 τοὺς
1590 2267 1897 2344 manave!
1947 2269 2209 2360 Primus
2246 2273 2464 2333 tamen
2502 2269 2569 2330 in
2608 2273 2790 2332 textu
2831 2268 3080 2332 uncinis

699 2375 984 2458 signavit
1044 2373 1475 2439 Hermannus.
1542 2374 1801 2454 Scribit
1826 2373 2291 2440 Herwerdenus
2336 2375 2469 2438 iam
2516 2374 2864 2438 Arrianum
2910 2373 3075 2438 Diss.

698 2478 909 2564 Epict.
971 2477 1032 2544 2.
1062 2479 1100 2542 5
1163 2479 1399 2565 legisse
1461 2480 1596 2551 τοὺς
1663 2481 1975 2556 ἡμιόνους·
2040 2502 2156 2546 nec
2215 2501 2352 2546 rem
2409 2485 2662 2564 praesto
2722 2484 2789 2545 et
2832 2478 3079 2544 multae

696 2583 1222 2674 interpolationes
1272 2587 1467 2650 nimis
1514 2591 1808 2653 vetustae
1853 2593 2025 2652 sunt.

787 2794 936 2862 Tria
1003 2801 1155 2862 sunt
1223 2796 1536 2862 adiectiva
1599 2797 1793 2882 probe
1857 2796 2312 2882 distinguenda
2374 2795 2640 2875 ἄλογος,
2721 2795 2949 2869 ἄτοπος
3010 2801 3077 2862 et

695 2901 938 2982 ἄπορος.
1005 2901 1304 2966 Primum
1366 2901 1573 2967 dicam
1621 2901 1776 2986 quid
1824 2902 2219 2988 significent,
2269 2907 2412 2967 tum
2458 2901 2769 2988 exemplis
2814 2902 3077 2988 quibus-

695 3007 844 3072 dam
905 3006 1241 3091 adscriptis
1308 3007 1387 3072 ad
1457 3007 1797 3072 discrimen
1866 3005 2372 3072 confirmandum
2435 3013 2764 3093 corruptos
2828 3006 3079 3095 aliquot

694 3112 869 3178 locos
939 3113 1424 3177 emendabimus
1440 3131 1456 3190 3
1527 3118 1674 3176 utar
1738 3118 1957 3178 autem
2021 3115 2101 3178 iis
2166 3133 2325 3198 quae
2390 3112 2468 3178 ad
2529 3113 2870 3178 Isocratem
2919 3113 3077 3177 olim

693 3239 1134 3303 congesseram
1182 3219 1404 3282 Mnem.
1461 3216 1632 3283 1879
1681 3240 1745 3303 p.
1796 3217 1903 3284 82.
1956 3217 2177 3302 Itaque
2226 3217 2456 3293 ἄλογον
2500 3224 2768 3284 vocatur
2802 3218 2870 3282 id
2912 3217 3080 3302 quod

691 3324 816 3388 sibi
858 3325 986 3407 ipsi
1033 3324 1407 3389 contradicit
1453 3330 1517 3390 et
1563 3345 1642 3389 ex
1689 3345 1756 3390 se
1800 3327 1941 3410 ipso
1989 3325 2223 3389 falsum
2271 3345 2405 3389 esse
2453 3326 2767 3410 arguitur.
2800 3323 3078 3388 ’Ἄτοπον

692 3435 789 3495 est
857 3428 1205 3494 ridiculum
1276 3435 1341 3496 et
1401 3429 1772 3494 absurdum.
1835 3429 2103 3509 ’Άπορον
2169 3429 2439 3514 denique
2508 3430 2683 3493 idem
2748 3434 2844 3494 est
2906 3429 3079 3514 quod

690 3534 974 3598 Homero
1037 3536 1384 3612 ἀμήχανον.
1450 3535 1614 3615 Quid
1677 3537 1764 3600 sit
1828 3533 2055 3612 ἄλογον
2117 3555 2434 3621 nusquam
2496 3534 2731 3599 melius
2777 3537 3076 3620 cognosci

691 3644 902 3724 potest
964 3661 1158 3724 quam
1217 3643 1285 3704 in
1347 3641 1584 3706 Phaed.
1636 3640 1831 3706 6213:
1880 3641 1983 3704 κοιὶ
2034 3642 2157 3720 γὰρ
2206 3641 2282 3706 ἂν
2330 3639 2554 3715 δόξειεν
2594 3637 2745 3704 οὕτω
2801 3643 2867 3717 γ’
2914 3636 3068 3704 εἶναι

688 3743 1034 3821 ἄλογον·
1086 3746 1150 3808 οὔ
1199 3745 1404 3822 μέντοι
1453 3749 1601 3810 ἀλλ’
1641 3745 1782 3818 ἴσως
1832 3743 1965 3824 ἔχει
2016 3745 2153 3810 τινὰ
2204 3746 2470 3826 λόγον.
2517 3744 2695 3810 Adde
2743 3744 3065 3811 Charmid.

693 3847 932 3916 1750:
984 3850 1217 3921 οὐδενὸς
1267 3848 1402 3916 ὅτου
1450 3852 1591 3933 οὐχὶ
1642 3851 2021 3928 ἀλογώτερον
2071 3852 2241 3914 τοῦτ’
2287 3849 2363 3916 ἂν
2411 3851 2676 3930 Φανείη,
2734 3850 2908 3916 idem
2953 3852 3069 3916 sci-

685 3954 839 4020 licet
898 3958 1056 4020 scire
1103 3962 1168 4020 et
1213 3959 1474 4022 nescire.
1517 3960 2025 4041 “Aa-onoqsaepe
2072 3955 2364 4020 Socrates
2412 3955 2679 4035 dicitur3
2731 3956 2879 4022 vide
2926 3978 2987 4023 v.
3015 3977 3069 4022 c.

687 4059 947 4127 Theaet.
993 4083 1056 4147 p.
1111 4061 1238 4126 149
1258 4063 1334 4141 A,
1384 4064 1499 4128 ubi
1542 4066 1680 4149 ipse
1730 4063 1919 4128 dicit:
1968 4061 2373 4132 &toneia-arde
2424 4063 2551 4137 εἰμι
2598 4062 2701 4127 καὶ
2745 4067 2891 4127 ποιῶ
2932 4062 3067 4135 τοὺς

686 4166 1019 4245 ἀνθρώπους
1090 4169 1355 4246 ἀπορεῖν,
1425 4169 1538 4234 ubi
1605 4174 1774 4246 certe
1844 4187 1994 4231 cum
2060 4165 2485 4232 Stallbaumio
2554 4189 2680 4233 non
2754 4170 3068 4261 corrigam

687 4273 1115 4351 ἀπορώτατος,
1181 4275 1258 4339 cf.
1320 4274 1406 4338 H.
1457 4272 1768 4339 Schmidt.
1800 4273 1900 4336 ad
1946 4272 2206 4338 Theaet.
2255 4295 2316 4358 p.
2369 4272 2534 4353 443;
2587 4274 2814 4340 deinde
2862 4273 3067 4340 Alcib.

684 4375 715 4440 I
776 4398 838 4461 p.
894 4377 1112 4455 106A,
1184 4378 1397 4444 116E.
1462 4378 1686 4465 Symp.
1739 4376 1963 4444 207113.
2030 4377 2189 4444 Crit.
2241 4379 2424 4444 4413.
2474 4379 2714 4446 Phaed.
2770 4378 2941 4457 6013,
2992 4379 3071 4445 ad

687 4502 877 4564 quem
941 4481 1154 4547 locum
1220 4483 1504 4550 scholion
1552 4489 1684 4561 est,
1735 4484 1811 4549 de
1859 4505 1985 4568 quo
2036 4486 2351 4570 quaesivit
2398 4484 2471 4548 F.-
2520 4484 2605 4550 H.
2654 4484 2731 4550 E.
2780 4485 2964 4550 Wolf
3000 4486 3068 4548 in
