3392 5384
1368 437 1696 486 nummus.
2596 418 2720 484 101

436 603 847 667 Pet-candidus
892 605 1223 669 invenitur
1262 603 1459 669 Solin.
1504 601 1609 682 37,
1640 603 1729 669 20
1767 611 2056 690 (gemma
2087 603 2513 688 percandida),
2558 601 2724 670 Cels.

344 707 399 771 V
448 708 555 786 19,
582 707 668 772 24
708 709 1115 794 (percandida
1160 711 1582 794 compositio).

435 859 588 938 254,
619 859 656 924 5
706 859 1079 926 multicolor
1123 862 1317 947 bysso
1365 863 1545 926 tenui
1594 862 1891 933 (armico)
1943 864 2234 945 pertexta
2279 881 2333 925 e.
2359 882 2419 945 q.
2446 882 2496 928 e.

434 965 736 1031 Dubitari
804 969 914 1031 vix
984 973 1193 1051 potest
1261 969 1415 1050 quin
1479 967 1684 1029 tunica
1743 955 2082 1044 exciderit}
2150 966 2490 1051 descriptio
2555 972 2725 1032 certe

342 1073 599 1137 tunicae
662 1071 868 1148 datur,
932 1075 1101 1138 sicut
1159 1094 1314 1137 mox
1376 1080 1497 1152 (vs.
1549 1071 1617 1153 8)
1678 1071 1921 1156 pallae,
1986 1091 2148 1156 quae
2200 1092 2391 1157 super
2439 1075 2723 1137 tunicam

340 1176 583 1243 solebat
645 1181 888 1263 gestari
918 1178 987 1257 ¹).
1050 1176 1169 1243 Illa
1230 1183 1445 1243 autem
1494 1199 1621 1244 vox
1666 1177 2000 1243 inserenda
2047 1177 2303 1242 videtur
2346 1184 2489 1262 post
2536 1178 2722 1257 tenui,

340 1303 619 1367 quacum
665 1283 979 1366 quandam
1029 1282 1522 1348 similitudinem
1570 1283 1796 1360 habet,
1839 1304 2000 1368 quae
2037 1282 2366 1347 collocatio
2407 1297 2725 1348 commen·

340 1389 530 1454 datur
568 1391 764 1454 etiam
807 1388 1280 1456 allitteratione.
1328 1391 1416 1472 At
1453 1388 1657 1454 editor
1695 1392 1764 1453 in
1805 1392 2014 1474 prima
2054 1374 2366 1454 sententia
2397 1389 2725 1475 supplevit

340 1493 529 1557 uestis
574 1494 798 1558 tunica.

432 1599 556 1663 Pro
626 1599 862 1676 tunica,
933 1598 1102 1683 quod
1171 1597 1557 1665 vocabulum
1628 1619 1814 1683 saepe
1886 1599 1963 1663 ab
2032 1596 2312 1683 Apuleio
2383 1599 2724 1665 adhibetur

339 1701 475 1783 (23,
506 1702 579 1783 43
633 1702 884 1783 27,19;
936 1703 1237 1783 262,19;
1288 1709 1457 1784 cet.‚)
1522 1724 2006 1788 nonnumquam
2067 1703 2294 1767 lacinia
2338 1715 2722 1790 usurpatum

338 1815 439 1874 est
482 1810 559 1874 cf.
612 1808 822 1888 5,19;
875 1809 1028 1888 262,
1060 1809 1143 1873 14
1190 1816 1307 1876 cet.

406 1962 520 2018 254.
542 1964 570 2011 5
620 1961 744 2010 bisso
786 1966 839 2022 φ.
909 1962 973 2010 10
1017 1961 1260 2010 humerum
1303 1966 1357 2022 Φ.
1422 1961 1485 2010 12
1531 1959 1674 2030 {toras
1719 1963 1810 2022 φ’.
1874 1961 1937 2008 14
1985 1959 2293 2010 coruscabant
2326 1959 2414 2018 1³¹⁸,
2458 1968 2508 2009 at
2552 1966 2659 2026 poet
2691 1979 2724 2010 u

336 2049 517 2114 scripta
562 2065 707 2114 supra
750 2066 797 2107 u,
848 2065 969 2113 quae
1001 2064 1149 2113 prope
1183 2048 1394 2127 evgnuit.
1466 2050 1527 2097 15
1574 2034 1803 2112 spiraha}
1847 2047 1936 2108 1³¹,
1978 2051 2029 2096 at
2073 2051 2181 2112 post
2222 2048 2490 2112 compendii
2532 2048 2722 2111 signum

339 2132 391 2194 (ι
426 2151 473 2172 =
500 2130 584 2194 ur)
620 2146 805 2180 erasum
840 2132 926 2180 eet.
977 2130 1043 2180 22
1074 2131 1182 2194 leue
1216 2130 1266 2180 F.
1320 2131 1385 2179 26
1418 2131 1532 2194 sole.
1585 2129 1648 2181 27
1684 2129 1894 2178 Arabiae
1909 2129 2096 2195 felicia
2128 2129 2181 2178 in
2214 2130 2254 2178 F
2286 2133 2357 2178 eet
2390 2130 2654 2180 inductum.

432 2257 587 2335 254,
614 2256 699 2324 27
747 2258 987 2340 spiram
1032 2259 1304 2323 Arabiae
1351 2256 1566 2323 felicia
1610 2260 1925 2343 germina.

429 2361 812 2448 Comparare
873 2384 1215 2449 possumus
1278 2363 1430 2442 246,
1461 2362 1498 2429 7
1549 2366 1861 2449 spirantes
1908 2365 2269 2428 cinnameos
2317 2362 2536 2427 odores
2580 2385 2723 2448 pro-

336 2471 647 2535 micarent
706 2491 883 2535 rosae
949 2475 1013 2534 et
1074 2469 1227 2547 265,
1256 2469 1294 2533 6
1344 2469 1688 2534 simulacra
1735 2471 2072 2553 spirantia3
2121 2468 2312 2553 paulo
2360 2467 2548 2533 aliter
2597 2469 2722 2534 dio-

337 2583 482 2640 tum
545 2580 641 2640 est
703 2576 898 2640 huius
945 2578 1219 2661 paginae
1265 2574 1454 2655 (254)
1500 2595 1592 2640 vs.
1646 2573 1729 2638 15
1779 2576 2145 2639 semenstris
2190 2573 2345 2639 luna
2389 2573 2718 2639 flammeos

336 2681 619 2766 spirabat
665 2684 868 2767 ignee.

428 2787 657 2852 Poetae
725 2790 1021 2852 imitatus
1088 2786 1402 2871 Apuleius
1472 2789 1681 2852 utitur
1750 2786 1988 2876 spirare
2056 2807 2170 2869 pro
2222 2788 2389 2869 flare
2448 2783 2601 2864 272,
2634 2784 2717 2852 17

335 2895 580 2978 spirant
645 2891 923 2958 flamina.
995 2892 1234 2957 Verum
1302 2887 1669 2978 imprimis⁴
1698 2892 2103 2957 attendamus
2177 2891 2326 2969 101,
2369 2890 2456 2956 23
2526 2891 2718 2956 deum

333 3001 537 3082 spirat
604 2998 859 3076 mulier,
929 3020 1203 3083 quocum
1265 2997 1583 3085 Weyman
1611 2996 1664 3078 ²)
1725 2999 1966 3063 confert
2027 2999 2352 3062 Ammian.
2427 2997 2716 3063 Marcell.

334 3103 527 3168 XXII
588 3102 649 3182 9,
696 3103 730 3167 1
803 3107 891 3169 At
961 3107 1277 3189 prosperis
1344 3104 1636 3170 Iulianus
1705 3103 1930 3170 elatior
1999 3103 2171 3168 ultra
2232 3104 2523 3168 homines
2583 3107 2715 3168 iam

332 3209 634 3294 spirabat.

403 3360 517 3418 254,
536 3358 598 3410 27
634 3375 748 3408 uoce
782 3359 843 3408 F¹
887 3362 937 3408 at
971 3363 1078 3424 poet
1110 3376 1143 3407 u
1173 3359 1364 3408 videtur
1398 3360 1642 3407 exaratam
1676 3373 1792 3410 esse,
1812 3373 1956 3422 supra
1988 3374 2032 3407 o.

404 3441 518 3500 255,
539 3442 566 3490 1
604 3445 658 3490 tu
688 3442 753 3490 Ι·η
795 3441 869 3490 tui
904 3441 988 3490 1³¹².
1042 3443 1073 3489 3
1106 3449 1311 3490 maman
1338 3441 1501 3489 aniam
1529 3441 1589 3488 Ε·
1628 3443 1679 3488 at
1710 3443 1816 3504 poet
1844 3438 2178 3504 compendium
2204 3438 2324 3487 illud
2359 3456 2386 3491 u
2411 3438 2719 3489 coniunctum

334 3525 409 3572 eet
452 3538 561 3574 cum
600 3523 779 3571 auium.
851 3524 894 3572 8.
944 3525 1093 3572 totum
1169 3523 1231 3571 10
1277 3526 1553 3572 autoctones
1587 3522 1624 3570 F
1660 3521 1940 3572 autotleones
1971 3526 2010 3582 φ
2046 3520 2198 3584 (idem
2231 3521 2280 3569 in
2314 3523 2503 3584 marg.)
2561 3521 2615 3568 ll
2655 3520 2720 3570 σι’-

332 3604 442 3669 prii
485 3609 539 3666 φ·
611 3604 675 3653 12
720 3603 997 3653 Dictinnam
1041 3609 1094 3666 φ.
1166 3605 1227 3653 13
1274 3604 1475 3669 Stiqiam
1518 3603 1621 3665 ΕΦ.
1690 3605 1753 3652 15
1803 3607 1884 3672 etQ
1922 3603 1986 3651 1³¹²
2030 3605 2104 3666 (ut
2139 3603 2254 3665 vid.)
2289 3606 2395 3667 poet
2433 3605 2480 3651 et
2514 3589 2718 3652 era'eum.

342 3694 403 3743 11
439 3692 819 3757 ’‘opinanti-sidem
852 3693 915 3741 1³¹²
957 3697 1031 3754 (ut
1067 3693 1181 3752 vid.)
1214 3692 1384 3757 reqinfi.
1414 3692 1584 3742 isidem
1619 3693 1707 3752 1³¹².

432 3819 585 3899 255,
614 3820 700 3885 23
750 3821 921 3885 diem
968 3823 1080 3906 qui
1127 3819 1261 3884 dies
1306 3842 1381 3886 ex
1429 3823 1553 3886 ista
1597 3827 1780 3885 nocte
1826 3791 2123 3885 nascetur
2168 3841 2221 3885 e.
2250 3841 2308 3904 q.
2335 3823 2390 3884 s?

439 3925 656 3994 Cicero
727 3931 864 4012 ipse
932 3948 1181 4012 quoque
1248 3949 1374 3993 non
1440 3930 1531 3992 ita
1600 3948 1742 3992 raro
1803 3927 2283 3991 substantivum
2346 3925 2721 3990 antecedens

355 4036 587 4118 repetit
623 4042 764 4118 post
804 4054 1147 4118 pronomen
1188 4031 1532 4098 relativum
1574 4033 1651 4097 cf.
1699 4032 1773 4097 In
1823 4030 2010 4097 Catil.
2053 4031 2084 4095 I
2131 4030 2230 4116 §7
2279 4031 2721 4096 Meministine

408 4300 462 4361 1)
508 4299 601 4348 Die
646 4298 955 4360 Gewandung
993 4297 1078 4345 der
1110 4296 1238 4345 alten
1274 4295 1509 4345 Griechen
1543 4296 1639 4344 und
1676 4297 1855 4344 Romer
1889 4311 1981 4344 von
2021 4295 2095 4343 W.
2133 4295 2386 4358 Amelung.
2421 4310 2499 4360 pg.
2536 4293 2598 4346 37
2617 4310 2720 4359 sqq.

338 4381 464 4526 νίὲ)
486 4378 598 4511 Tg?
632 4379 863 4525 {vxessan
912 4459 1110 4510 Studien
1152 4475 1211 4508 zu
1258 4459 1501 4524 Apuleius.
1548 4458 1868 4524 Sitzungsbet.
1903 4460 1986 4508 der
2020 4460 2144 4509 Κὸη.
2182 4459 2297 4524 Bay.
2333 4459 2485 4508 Akad.
2521 4460 2564 4507 d
2601 4457 2726 4508 Wis-

336 4542 1035 4609 aennoh.³ahrg.1898.11·=
1071 4542 1155 4590 Bd.
1195 4557 1273 4608 pg.
1307 4542 1419 4593 365.
