3392 5384
654 391 786 460 376
1445 409 1530 459 nn
1573 407 1896 458 nummum
1938 409 2261 458 rmmoo.

655 576 894 665 penda,
959 579 1198 663 quippe
1257 597 1420 662 quae
1479 582 1701 663 pareat
1745 598 1869 642 non
1914 574 2173 663 legibus
2220 578 2475 663 scriptis
2522 577 2631 643 sed
2678 579 2869 643 unius
2915 579 3046 644 viri

651 684 942 762 libidini,
989 687 1102 770 qui
1149 683 1323 750 solus
1369 688 1600 769 regnet
1645 683 1749 748 τὸν
1795 682 1974 758 νόμον
2021 683 2389 759 κεκτημένος
2431 683 2624 756 αὐτὸς
2666 686 2813 764 παρ’
2848 685 3041 763 αὐτῷ.

650 791 892 858 Verum
939 812 1062 856 nou
1109 811 1180 856 eo
1227 789 1394 876 quod
1441 789 1682 876 placuit
1731 789 2004 876 popule,
2049 789 2153 855 vel
2193 811 2266 855 eo
2316 789 2487 876 quod
2526 792 2765 877 scripta
2799 795 2896 856 est
2933 790 3044 855 lex

652 900 791 964 sive
835 896 1078 963 Theseo
1125 898 1262 962 sive
1310 899 1448 962 eius
1494 899 1719 983 poetae
1766 901 1982 961 sancta
2030 895 2310 962 videtur.
2360 896 2645 962 Eatenus
2685 896 2789 962 lex
2828 895 3044 962 valeat

652 1009 937 1091 oportet,
979 1009 1294 1090 quatenus
1332 1024 1482 1069 cum
1521 1024 1594 1068 eo
1635 1003 1807 1090 quod
1844 1005 1912 1068 in
1951 1003 2295 1069 hominum
2334 1006 2567 1069 animis
2600 1006 2770 1071 vivit
2798 1005 3039 1084 νομίμῳ

651 1113 971 1178 convenit.

683 1269 694 1278 .
742 1218 911 1298 Quid
945 1215 1110 1282 illud
1147 1223 1246 1282 est
1285 1214 1576 1292 νόμιμονῖ
1622 1215 1903 1282 Insitum
1941 1218 2158 1296 nobis,
2198 1215 2624 1283 innatumve?
2670 1217 2769 1282 Ex
2808 1221 3039 1282 natura

648 1329 789 1412 ipsa
849 1344 931 1389 an
993 1345 1070 1388 ex
1130 1322 1504 1389 educatione
1566 1321 2011 1408 procreatum?
2069 1323 2233 1390 Nolo
2278 1323 2398 1389 hoc
2442 1326 2669 1389 statim
2714 1344 3043 1410 quaerere.

649 1431 948 1497 Primum
986 1450 1242 1494 monere
1276 1427 1548 1494 lectores
1588 1427 1789 1495 velim
1808 1479 1823 1509 ,
1868 1433 1978 1496 vix
2011 1430 2362 1516 quidquam
2399 1431 2778 1517 Euripidem
2805 1430 3043 1496 vidisse

650 1540 720 1603 in
767 1541 982 1603 mente
1029 1537 1310 1601 humana
1355 1538 1624 1621 gravius
1675 1536 2074 1603 excelsiusve
2123 1559 2319 1623 quam
2363 1536 2547 1602 illud.
2594 1537 2717 1602 Est
2760 1538 2934 1602 enim
2983 1538 3041 1601 is

648 1665 871 1711 sensus
915 1646 1075 1709 iusti
1119 1643 1426 1729 probique
1471 1642 1650 1724 (ἱερὸν
1697 1653 1807 1718 τῆς
1858 1645 2048 1717 Δίκης
2096 1642 2166 1708 id
2211 1650 2399 1710 vocat
2444 1642 2744 1709 Theonoe
2777 1646 2847 1707 in
2885 1641 3037 1709 Hel.

657 1749 858 1828 1003)
907 1753 1020 1836 qui
1063 1753 1130 1815 in
1176 1748 1653 1815 calamitatibus
1699 1749 2028 1836 desperare
2076 1753 2253 1816 vetet
2299 1771 2445 1828 nos,
2487 1756 2564 1815 ut
2604 1755 2700 1814 est
2738 1751 2801 1813 in
2840 1747 3048 1814 Belle-

651 1858 962 1943 rophonte
1009 1856 1113 1939 (fr.
1161 1855 1322 1935 292)

1014 1965 1169 2028 νόσοι
1218 1962 1280 2028 δὲ
1328 1961 1550 2034 θνητῶν
1593 1954 1664 2026 αἳ
1709 1963 1824 2039 μέν
1870 1963 1985 2028 εἷσ’
2034 1962 2377 2044 αὐθαίρετοι

1015 2060 1083 2134 a?
1127 2070 1180 2136 δ’
1228 2069 1298 2134 ἐκ
1346 2068 1486 2134 θεῶν
1533 2069 1833 2151 πάρεισιν,
1882 2070 2057 2135 ἀλλὰ
2106 2071 2189 2150 τῷ
2238 2067 2398 2149 νόμῳ

1014 2174 1219 2252 iebus&
1269 2175 1493 2254 αὐτάς,

652 2287 809 2371 quin
869 2283 1359 2349 fundamentum
1421 2281 1536 2348 illa
1597 2284 1696 2349 vis
1749 2284 1910 2348 iusti
1958 2283 2221 2369 praebet
2267 2304 2391 2369 quo
2436 2284 2685 2349 nitatur
2731 2284 2844 2369 qui
2889 2281 3045 2349 deos

652 2413 786 2457 esse
855 2391 1088 2457 credat.
1159 2390 1367 2470 Quam
1429 2391 1558 2454 sint
1617 2389 1887 2475 proclivi
1934 2390 2243 2456 homines
2304 2389 2643 2476 Euripidei
2702 2390 2781 2454 ad
2844 2388 3089 2469 fidem*

652 2497 915 2564 deorum
980 2495 1411 2582 proiciendam
1473 2493 1747 2560 simulac
1799 2497 1971 2561 iusta
2016 2498 2278 2561 iniustis
2324 2498 2499 2562 vinci
2542 2497 2636 2561 eis
2680 2494 3042 2574 videantur,

649 2603 719 2670 id
773 2601 1082 2688 exemplis
1129 2602 1560 2668 demonstrare
1609 2604 1913 2667 otiosum.
1963 2600 2335 2670 Consentiet
2381 2600 2583 2668 lector
2628 2603 2840 2686 quivis
2886 2623 3043 2667 cum

651 2711 1065 2795 Athenagora
1115 2709 1299 2795 (Leg.
1348 2730 1463 2794 pro
1509 2705 1747 2775 Christ.
1795 2729 1848 2774 c.
1899 2707 1983 2773 25
2034 2731 2097 2795 p.
2152 2707 2300 2773 144.
2328 2707 2415 2773 22
2464 2705 2707 2788 Geffk.)
2767 2707 2837 2772 τὸ
2890 2711 3041 2786 παρ’

651 2813 883 2881 ἐλπίδα
934 2814 1037 2879 καὶ
1086 2815 1253 2890 δίκην
1293 2809 1359 2879 εὖ
1399 2815 1696 2892 πράττειν
1734 2817 1768 2892 ἢ
1812 2821 2010 2888 κακῶς
2054 2816 2113 2878 ἐν
2152 2814 2410 2898 ἀφασίᾳ
2451 2815 2555 2879 τὸν
2593 2813 2919 2895 Εὐριπίδην
2948 2851 3039 2863 —

649 2926 854 2988 immo
914 2923 1210 2988 homines
1270 2921 1349 2987 ab
1408 2920 1719 3008 Euripide
1778 2924 1846 2987 in
1906 2941 2161 2987 scenam
2219 2923 2553 2987 arcessitos
2602 2957 2688 2971 —
2736 2921 3039 2999 ἐποίησεν,

650 3031 806 3102 τίνος
860 3031 894 3104 ἦ
942 3028 1196 3102 τοιαύτη
1246 3033 1364 3092 τῶν
1410 3028 1735 3108 περιγείων
1781 3029 2067 3102 διοίκησις
2116 3029 2177 3092 ἐν
2224 3024 2261 3110 ᾖ
2306 3025 2463 3093 εἴποι
2508 3051 2604 3100 τις
2650 3025 2759 3092 ἄν·

1013 3141 1139 3208 πῶς
1189 3131 1286 3201 οὖν
1332 3133 1472 3199 τάδ’
1521 3135 1861 3217 εἷσορῶντες
1911 3135 1945 3211 ἢ
1994 3138 2135 3200 θεῶν
2182 3134 2361 3213 γένος

1010 3238 1166 3307 εἶναι
1212 3241 1604 3327 nysaeus&
1653 3240 1882 3319 νόμοισι
1929 3241 2257 3323 metuebam

740 3350 872 3416 Nec
935 3356 1151 3416 tamen
1197 3353 1484 3435 perstant
1529 3351 1597 3414 in
1641 3348 2041 3415 dubitatione
2080 3348 2197 3442 illa
2244 3369 2405 3434 quae
2451 3349 2529 3414 de
2575 3350 2674 3414 dis
2719 3347 3034 3434 desperat.

650 3457 881 3523 Omnia
919 3478 1137 3536 ruere,
1186 3456 1460 3522 simulac
1508 3457 1676 3522 absit
1721 3456 1789 3521 τὸ
1838 3455 2115 3535 νόμιμον,
2160 3456 2433 3522 simulac
2474 3457 2542 3521 τὸ
2582 3454 2854 3521 ἄσεπτον
2894 3452 3036 3537 ἔχει

650 3563 909 3641 δύναμιν
954 3562 1122 3649 (Iph.
1172 3563 1249 3628 A.
1303 3561 1478 3628 1089
1503 3569 1669 3649 sqq.)
1717 3583 1788 3628 ac
1837 3569 2150 3650 tyrannus
2194 3562 2451 3629 libidini
2499 3561 2836 3650 indulgeat

1012 3668 1187 3746 νόμον
1237 3667 1574 3749 παρέμενος
1621 3670 1852 3752 ἀνομίᾳ
1897 3668 2080 3748 χάριν
2129 3669 2319 3742 διδούς

647 3778 788 3861 ipsa
833 3777 970 3855 vita
1014 3773 1222 3840 edocti
1267 3773 1650 3861 plerumque
1697 3780 2072 3861 agnoscunt.

740 3879 1003 3966 Cogitat
1038 3882 1257 3965 itaque
1295 3879 1633 3966 Euripides
1673 3880 1918 3967 Legem
1959 3879 2305 3967 duplicem.
2345 3879 2464 3946 Est
2504 3879 2678 3958 νόμος
2704 3873 3030 3960 cimai-‘roc

648 3988 761 4071 qui
803 3988 985 4072 viget
1031 3984 1330 4072 valetque
1375 3989 1441 4051 in
1489 3993 1703 4052 mente
1749 3986 2027 4053 hominis
2069 4025 2152 4036 —
2193 3988 2331 4053 sive
2372 3989 2583 4052 mavis
2624 4007 2774 4052 eum
2821 3987 3035 4052 dicere

653 4091 845 4166 Δίκην
885 4090 1167 4172 (Heracl.
1215 4090 1369 4172 104)
1407 4094 1542 4159 sive
1576 4095 1822 4171 Ὀσίοιν,
1866 4092 2380 4179 quandoquidem
2416 4091 2573 4158 deus
2595 4095 2732 4178 ipse
2754 4094 2823 4157 in
2848 4093 3033 4158 nobis

649 4205 746 4263 est
784 4197 887 4264 vel
929 4197 1134 4262 divini
1169 4201 1456 4285 numinis
1494 4201 1564 4263 in
1603 4201 1817 4266 animo
1855 4206 2068 4266 nostro
2098 4201 2318 4285 imago
2344 4198 2655 4284 quaedam
2680 4205 2744 4264 et
2769 4199 3029 4277 umbra,

1011 4304 1039 4368 ὅ
1088 4308 1216 4376 νοῦς
1265 4305 1391 4384 γὰρ
1440 4308 1607 4382 ἡμῶν
1659 4307 1825 4370 ἔστιν
1871 4307 1934 4372 ἐν
1980 4306 2221 4387 ἑκάστῳ
2270 4307 2396 4379 θεός
2444 4306 2550 4388 (fr.
2603 4304 2805 4387 1018)
2855 4342 2938 4353 -

645 4408 764 4476 illa
826 4412 1042 4500 itaque
1099 4409 1237 4489 lex,
1303 4432 1464 4497 quae
1524 4412 1602 4478 ab
1650 4413 2087 4490 ἀγνωμοσύνης
2136 4414 2501 4503 arrogantia
2548 4410 2883 4479 mortalem
2928 4409 3037 4476 de-

646 4521 841 4584 terret
883 4522 949 4585 et
995 4517 1318 4584 dissuadet
1364 4539 1443 4584 ne
1489 4526 1747 4606 spernat
