3392 5384
1412 435 1727 514 nouarus.
2625 419 2757 486 201

370 605 671 671 describit
738 607 941 682 senis,
1007 604 1178 690 quod
1239 609 1491 690 praeter
1537 607 1815 668 aetatem
1866 606 2011 687 post
2052 600 2391 689 pulchram
2436 604 2757 689 virginem

368 712 609 777 foedior
652 711 1008 777 videbatur.
1151 709 1247 791 (5)
1295 710 1380 775 Et
1405 713 1621 796 'quam
1669 712 2043 795 importune
2090 711 2339 774 omnia:
2388 731 2501 796 pro
2541 709 2759 794 puella

371 818 647 897 „senex”
698 820 1001 895 occurrit,
1055 839 1168 903 pro
1211 818 1464 906 virgine
1517 818 1867 894 „incurvus
1906 805 2288 893 tremulus'',
2338 837 2452 900 pro
2493 815 2761 902 pulchra

372 923 600 1003 „labiis
647 923 940 989 demissis
987 922 1333 1010 gemens'';
1380 929 1447 989 et
1495 944 1647 988 cum
1691 943 1871 988 amor
1916 925 2003 986 sit
2042 925 2110 986 in
2150 924 2365 987 animo
2406 922 2767 989 adulescen-

371 1033 491 1108 tis,
539 1032 677 1115 ipse
720 1029 1040 1095 iudicium
1085 1029 1396 1116 loquitur,
1446 1029 1604 1094 dum
1653 1029 2091 1095 festinandum
2137 1031 2259 1108 sit,
2309 1034 2692 1095 remoratur.

369 1136 466 1218 (6)
534 1137 794 1215 „Labiis
851 1136 1200 1202 .demissis’'
1249 1139 1494 1202 maiora
1536 1135 1753 1214 labra,
1801 1136 1971 1201 unde
2016 1135 2201 1201 labe
2226 1157 2457 1216 ones;
2508 1135 2619 1201 alii
2664 1136 2767 1201 la-

367 1244 503 1311 bia
550 1243 774 1308 dicunt
817 1243 1123 1309 inferiora
1168 1251 1232 1310 et
1279 1243 1518 1313 labra
1565 1245 1917 1329 superiora.

460 1349 693 1415 Sabb.
742 1353 995 1435 praeter
1040 1349 1361 1416 emblema
1405 1352 1473 1414 in
1522 1349 1640 1429 (2),
1691 1369 1727 1414 a
1778 1349 2111 1415 Wessnero
2154 1369 2403 1434 quoque
2444 1353 2762 1427 notatum,

367 1447 813 1543 interpolatori
875 1457 1105 1522 tribuit
1169 1459 1366 1522 etiam
1418 1457 1515 1538 (1)
1541 1456 1638 1537 (4)
1663 1455 1759 1537 (5)
1784 1455 1901 1537 (6).
2034 1456 2118 1521 Et
2163 1457 2447 1542 genuina
2494 1477 2631 1522 esse
2671 1456 2767 1537 (2)

365 1570 430 1630 et
490 1563 588 1644 (3)
649 1585 836 1628 nemo
883 1563 1197 1629 affirmare
1246 1563 1585 1628 dubitabit.
1635 1561 1856 1648 Neque
1906 1568 2127 1628 autem
2176 1564 2394 1649 spuria
2440 1583 2576 1627 esse
2623 1583 2763 1627 cen-

367 1691 470 1736 seo
519 1670 615 1752 (1)
663 1677 727 1736 e't
772 1669 892 1751 (4),
943 1690 1103 1755 quae
1149 1669 1318 1735 nihil
1366 1670 1640 1749 habent,
1692 1670 1864 1755 quod
1913 1670 2161 1735 Donato
2208 1671 2294 1734 sit
2340 1669 2708 1755 indignum.

459 1776 641 1856 Quod
703 1776 779 1841 de
837 1774 1111 1841 Iabeis
1173 1778 1598 1841 asinorum
1648 1775 1885 1840 dicitur
1928 1777 1997 1841 in
2045 1775 2141 1856 (2)
2192 1777 2299 1840 vix
2350 1796 2578 1841 verum
2626 1780 2755 1854 est;

367 1882 516 1948 vide
559 1881 767 1947 lexica
811 1888 873 1946 et
921 1879 1088 1948 Gell.
1131 1881 1191 1946 X
1233 1881 1295 1946 4.
1324 1881 1385 1947 4.
1479 1881 1553 1946 In
1593 1880 1691 1963 (5)
1733 1881 2035 1947 audimus
2075 1881 2177 1947 IP
2219 1881 2357 1946 stili
2394 1879 2761 1947 Terentiani

366 2009 770 2075 praeconem,
805 1987 1059 2074 qualem
1096 1991 1516 2075 cognovimus
1557 1979 1751 2073 supra
1792 1988 1870 2053 ad
1911 1988 1943 2053 I
1984 1987 2047 2054 2.
2076 1987 2160 2056 87
2184 1987 2301 2068 (5),
2330 1987 2417 2053 88
2444 1989 2561 2068 (4),
2602 2010 2763 2074 gau-

367 2095 622 2161 dentem
663 2095 1030 2172 antithetis,
1073 2117 1106 2160 e
1148 2096 1381 2181 quibus
1421 2090 1746 2182 postrema
1786 2098 2163 2181 praesertim
2203 2100 2411 2174 (amor
2446 2097 2511 2160 in
2548 2098 2762 2161 animo

366 2202 685 2266 iudicium
723 2203 791 2265 in
832 2223 973 2277 ore,
1016 2201 1317 2279 festinare
1358 2204 1691 2282 remorari)
1732 2202 2013 2267 hominis
2052 2201 2395 2266 artificium
2439 2201 2761 2267 denotant.

368 2309 440 2375 In
506 2309 604 2388 (6)
666 2308 764 2373 IP
829 2308 1186 2374 doctrinam
1236 2308 1415 2374 Verri
1464 2308 1678 2374 Flacci
1708 2307 1759 2390 ³)
1821 2308 2134 2394 praetulit
2184 2308 2543 2387 „aliorum”
2594 2309 2766 2374 diffe-

370 2417 648 2492 rentiae,
696 2435 889 2500 quam
938 2415 1098 2481 Don.
1135 2415 1488 2481 rettulerat
1533 2418 1602 2479 in
1649 2415 1769 2495 (2).

458 2521 866 2588 Scholiorum
915 2523 1064 2588 ordo
1111 2525 1179 2587 in
1227 2528 1592 2588 commento
1629 2522 1803 2586 idem
1852 2523 2192 2587 manifeste
2239 2522 2398 2600 fuit,
2442 2523 2554 2606 qui
2592 2544 2761 2587 nunc

369 2847 493 2897 enim
529 2864 643 2911 gens
677 2847 841 2913 populi
877 2851 948 2900 est
983 2846 1280 2910 magnitudo,
1314 2846 1556 2910 ingentem
1586 2861 1672 2912 per
1697 2845 2091 2910 compositionem
2122 2845 2338 2903 dicimus,
2368 2845 2494 2908 quod
2523 2843 2761 2908 significat

365 2931 504 2980 valde
550 2947 792 2994 magnum.
836 2931 910 2978 Ct'.
959 2932 1088 2978 Serv.
1139 2929 1207 2978 l.l.
1257 2929 1338 2978 cit.
1386 2929 1437 2978 in
1485 2931 1607 2994 App.
1651 2929 1839 2978 Wessn.
1889 2927 1961 2976 Ad
1998 2929 2117 2983 Eun.
2158 2929 2197 2976 V
2239 2929 2284 2976 8.
2306 2927 2371 2976 29
2408 2928 2488 2992 (1)
2526 2927 2763 2992 repetitur

368 3013 536 3078 regula
569 3029 597 3062 a
631 3013 858 3077 magistro
895 3015 1004 3077 post
1037 3012 1486 3076 interpretationem
1523 3011 1718 3060 Donati.
1850 3005 1858 3010 ⁴
2424 3067 2429 3072 ι

435 3097 488 3161 1)
540 3094 726 3146 Sabb.
760 3110 811 3160 p.
847 3095 944 3142 355
977 3095 1145 3143 citavit
1179 3093 1365 3142 Charis.
1403 3094 1426 3141 1
1468 3095 1589 3144 1082
1627 3093 1827 3142 Verrius
1863 3097 2025 3142 autem
2061 3093 2253 3142 Flaccus
2290 3092 2357 3141 sic
2392 3091 2627 3150 distinxit,
2665 3107 2766 3140 mo-

364 3179 472 3228 dica
500 3194 600 3228 esse
635 3177 746 3227 lab
769 3193 866 3235 ra,
901 3177 964 3226 la
983 3176 1045 3225 bi
1067 3193 1093 3224 a
1127 3176 1384 3225 immodica
1412 3179 1460 3224 et
1491 3176 1602 3224 inde
1635 3175 1697 3224 la
1716 3175 1743 3224 b
1763 3176 1875 3224 ion
1897 3191 1961 3224 es
1996 3173 2104 3224 dici.
2138 3175 2211 3223 Cf.
2244 3174 2486 3240 praeterea
2515 3173 2567 3222 hi
2598 3175 2765 3222 Gram-

365 3262 650 3312 maticorum
702 3260 822 3318 loci,
875 3277 993 3324 quos
1027 3259 1194 3308 citavit
1232 3256 1416 3307 Wessn.
1450 3259 1500 3307 in
1535 3260 1674 3323 App„
1715 3263 1972 3322 Agroec.
2008 3258 2105 3306 VII
2146 3259 2265 3306 116:
2305 3257 2511 3318 Labrum
2546 3256 2765 3322 superius

365 3344 561 3402 dicitur,
612 3341 790 3391 labium
843 3341 1056 3390 inferius.
1109 3344 1292 3389 Serv.
1347 3340 1446 3389 Eel.
1486 3339 1547 3386 II
1588 3342 1677 3388 34:
1732 3339 2067 3388 Inanissimam
2100 3339 2295 3402 quidam
2334 3342 2574 3403 temptant
2608 3339 2766 3388 facere

365 3425 715 3483 discretionem,
770 3428 823 3473 ut
876 3424 1092 3472 virorum
1143 3422 1293 3481 labra,
1346 3421 1603 3470 mulierum
1649 3421 1775 3470 labia
1822 3422 2058 3470 dicantur.
2094 3421 2348 3469 Isidor.
2388 3419 2529 3483 Orig.
2564 3419 2633 3468 XI
2672 3421 2761 3469 50:

365 3507 508 3573 Quod
543 3510 702 3556 autem
737 3505 954 3571 superius
988 3508 1058 3554 est
1096 3503 1272 3553 labium
1308 3503 1523 3562 dicimus,
1560 3504 1687 3568 quod
1724 3503 1942 3562 inferius,
1972 3519 2032 3551 eo
2064 3493 2190 3567 qdod
2221 3502 2431 3566 grossius
2460 3503 2539 3562 sit,
2562 3501 2764 3552 labrum.

365 3591 463 3641 Alii
501 3591 718 3639 virorum
754 3588 903 3648 labra,
939 3588 1198 3638 mulierum
1235 3586 1361 3636 labia
1397 3587 1574 3636 dicunt.
1601 3629 1606 3632 .
1631 3585 1782 3635 Gloss.
1822 3587 1891 3634 Iv
1933 3586 2047 3646 532,
2084 3585 2123 3632 V
2161 3586 2273 3636 629.

433 3671 587 3722 Schol.
634 3671 795 3721 Bemb.
833 3673 892 3720 ad
929 3672 977 3719 h.
1011 3670 1044 3720 l.
1082 3670 1172 3720 sic:
1216 3668 1454 3718 „Label
1481 3668 1547 3718 lu
1569 3685 1614 3717 ιιι
1652 3668 1788 3733 pueri
1826 3667 2019 3728 babent,
2058 3671 2110 3717 ut
2146 3667 2388 3732 Vergilius
2428 3669 2639 3718 ‚calamo
2675 3669 2762 3718 tri-

365 3753 488 3803 visse
535 3752 824 3812 labellum’';
877 3752 1082 3802 labru
1103 3767 1149 3801 m
1195 3751 1389 3800 iuvenes
1432 3751 1662 3800 ‚necdum
1697 3750 1799 3799 illis
1835 3750 1969 3799 labra
2004 3749 2226 3800 admovi”
2264 3751 2350 3814 (cf.
2386 3750 2490 3800 Ecl.
2523 3751 2575 3799 II
2612 3753 2677 3800 34
2712 3755 2761 3800 et

366 3836 598 3901 11147);
645 3835 839 3884 labia
871 3835 1098 3884 mulieres
1131 3834 1230 3883 sive
1265 3828 1432 3882 senes.'
1454 3833 1543 3882 Sed
1581 3836 1815 3897 quantum
1874 3835 2187 3882 Donatus
2238 3833 2764 3883 commentator

366 3918 685 3983 Vergilii
725 3907 888 3976 refert,
924 3917 1165 3966 labeae
1203 3917 1428 3966 dicuntur
1464 3916 1729 3964 inferiores.
1851 3915 1980 3964 Haec
2014 3916 2175 3972 omnia
2210 3915 2329 3964 falsa
2362 3919 2474 3964 sunt
2510 3919 2558 3964 et
2592 3915 2769 3980 peioris

364 4001 582 4064 magistri
612 4001 832 4058 inventa;
867 3999 1120 4048 discrimen
1156 3998 1283 4048 inter
1319 3997 1419 4046 Eel.
1453 3999 1505 4046 II
1541 3999 1604 4046 34
1635 4001 1683 4046 et
1716 3998 1803 4046 111
1834 3996 1897 4048 47
1938 3997 2125 4046 nullum
2155 4001 2225 4050 est
2255 4001 2303 4046 et
2336 3997 2585 4061 utrobique
2612 4013 2766 4047 sermo

361 4087 434 4132 est
469 4085 525 4132 de
561 4080 831 4148 pastoribus
862 4081 1070 4131 eiusdem
1098 4081 1284 4130 aetatis.
1321 4079 1366 4128 D
1385 4096 1412 4128 o
1431 4095 1461 4128 n
1482 4096 1508 4128 a
1527 4083 1548 4128 t
1569 4097 1599 4129 ιι
1618 4096 1640 4128 s
1674 4081 1732 4129 ad
1770 4079 2014 4144 Vergil
2036 4095 2066 4128 ιι
2086 4095 2133 4129 ιιι
2168 4079 2291 4128 nihil
2324 4079 2499 4139 docuit,
2530 4084 2765 4142 quantum

361 4166 552 4226 scimus,
577 4165 670 4214 nisi
698 4166 823 4229 quod
859 4163 891 4212 S
909 4180 935 4212 e
953 4180 980 4213 r
998 4180 1044 4213 v.
1077 4162 1220 4212 habet
1249 4163 1306 4211 ad
1339 4163 1391 4212 E.
1424 4161 1477 4210 II
1505 4161 1588 4222 47,
1618 4163 1701 4212 sed
1722 4163 1787 4210 vad
1818 4161 2187 4210 Terentium
2223 4161 2312 4210 hec
2339 4161 2513 4226 ipsum,
2542 4163 2667 4225 quod
2687 4162 2767 4210 hic

361 4248 650 4297 adscribitur
687 4247 726 4296 C
743 4264 770 4296 o
790 4263 837 4297 m
859 4263 905 4296 ιιι
924 4264 950 4296 c
968 4263 999 4296 ιι
1018 4250 1038 4296 t
1057 4263 1084 4295 a
1103 4250 1126 4295 t
1142 4263 1169 4295 o
1188 4245 1248 4295 ri
1287 4247 1327 4294 V
1347 4262 1372 4294 e
1394 4262 1418 4294 r
1434 4262 1466 4309 g
1484 4245 1500 4294 i
1521 4244 1635 4304 lii,
1671 4245 1784 4294 hinc
1812 4244 2071 4293 verisimile
2099 4248 2170 4293 est
2198 4243 2503 4293 scholiastam
2523 4244 2765 4309 scripsisse

364 4332 473 4381 used
511 4334 746 4395 quantum
785 4332 906 4379 Don.
946 4327 1125 4377 refer-¹3³
1160 4332 1208 4378 et
1245 4327 1387 4377 verba
1429 4329 1642 4377 aeComm.
1680 4326 1854 4390 Verg.'’
1892 4328 2095 4391 glossam
2131 4343 2229 4375 esse
2258 4326 2461 4376 alicuius
2492 4327 2771 4390 magistelli,

363 4413 455 4463 nisi
490 4417 660 4479 putare
699 4413 837 4462 malis
873 4413 1029 4478 ipsum
1065 4411 1380 4461 Scholiastam
1419 4411 1515 4461 iam
1550 4411 1619 4461 sic
1653 4428 1848 4461 errasse.
1890 4413 2025 4476 Quae
2062 4411 2335 4460 Wessne
2356 4426 2379 4458 r
2400 4426 2497 4469 us,
2536 4396 2594 4459 de
2626 4413 2765 4460 Aem.

360 4497 514 4560 Aspre
563 4512 607 4560 p.
644 4497 711 4544 42
729 4510 814 4560 sq„
857 4510 913 4544 ex
949 4495 1038 4544 boc
1065 4493 1247 4543 scholio
1280 4493 1449 4543 deduci
1486 4509 1619 4560 posse
1655 4498 1789 4543 ratus
1824 4497 1911 4552 est,
1946 4493 2073 4542 iusto
2108 4493 2418 4542 fundamento
2446 4508 2607 4542 carere
2638 4492 2759 4542 mihi

362 4578 604 4628 videntur.
