3392 5384
1201 436 1458 484 uncus
1503 437 1881 486 Auromus.
2654 418 2739 484 73

449 603 613 670 Ibid.
662 603 723 669 6.
786 603 1015 669 τούτων
1074 603 1134 667 δὲ
1183 598 1335 667 οὕτω
1384 603 1828 680 περαινομένων
1876 602 2124 680 α’νοέγκη
2174 602 2275 666 τὸν
2326 601 2460 677 βίον
2508 603 2744 682 εὖροεῖν.

351 710 574 776 Scribe
622 709 1008 788 rodrwv‘hh,
1056 715 1133 773 ut
1179 708 1292 774 fiat
1338 707 1713 789 conclusio..

452 926 613 992 Ibid.
665 924 726 992 7.
791 925 1002 999 ἄλλως
1050 952 1120 992 τε
1171 927 1272 990 καὶ
1322 934 1435 999 τῆς
1483 926 1820 999 διαλύσεως
1868 927 1955 999 εἷς
2003 931 2209 990 ταῦτα
2259 926 2623 1004 γενομένης,
2674 925 2743 1003 ἐξ

357 1031 436 1097 ὧν
484 1029 740 1097 ἕκαστον
787 1034 1174 1097 συνίσταται.
1239 1031 1654 1097 Memoranda
1702 1039 1800 1111 et,
1852 1034 1907 1098 si
1951 1055 2055 1098 me
2102 1033 2320 1109 audie,
2366 1035 2435 1096 in
2480 1038 2736 1097 textum

347 1139 716 1224 recipienda
760 1146 896 1205 erat
943 1140 1249 1204 correctio
1301 1135 1609 1204 Gatakeri
1657 1139 1865 1204 ταῦτα
1889 1187 1905 1217 ,
1956 1140 2034 1204 cf.
2084 1139 2192 1204 IV.
2247 1137 2307 1202 6.

448 1357 608 1422 Ibid.
661 1355 722 1421 9.
794 1356 888 1421 δεῖ
947 1355 1009 1419 δὲ
1075 1359 1201 1420 πᾶν
1265 1352 1414 1420 οὕτω
1479 1354 1741 1431 βλέπειν
1806 1356 1910 1420 καὶ
1974 1354 2292 1435 πράσσειν,
2357 1353 2511 1420 ὥστε
2562 1357 2743 1420 κ.τ.ἓ.

351 1463 483 1528 Pro
530 1463 626 1528 δεῖ
669 1462 730 1526 δέ
779 1461 914 1527 cod.
963 1463 1019 1526 A
1065 1461 1259 1526 habet
1307 1460 1413 1535 ἤδη
1466 1460 1563 1539 δέ,
1614 1482 1775 1546 quae
1820 1461 2014 1528 lectio
2061 1464 2322 1548 egregie
2368 1461 2594 1548 placet,
2639 1468 2747 1526 ut·
2792 1487 2811 1504 ·

348 1573 502 1653 pote
548 1566 756 1634 multo
801 1567 1027 1632 fortior
1073 1571 1138 1631 et
1184 1568 1394 1652 aptior
1440 1587 1637 1651 quam
1682 1566 1975 1654 vulgata.

446 1768 605 1835 Ibid.
662 1767 766 1834 13.
830 1769 1232 1833 πυνθάνεσθαι
1301 1768 1519 1832 ἑαυτοῦ
1583 1769 1759 1840 εὐθὺς
1824 1768 1893 1846 ἐξ
1954 1767 2138 1834 ὕπνου
2186 1771 2534 1847 γινόμενον·
2586 1772 2737 1845 μήτι

359 1876 564 1940 διοίσει
627 1899 752 1952 σοι,
815 1875 922 1939 ἐὰν
972 1873 1074 1939 ὑπ’
1122 1872 1320 1938 ἄλλου
1368 1872 1626 1951 γένηται
1675 1876 1759 1939 τοὶ
1808 1875 2018 1940 δίκαια
2068 1876 2171 1939 καὶ
2221 1882 2426 1947 καλῶς
2475 1874 2741 1955 ἔχοντα;

354 1982 483 2046 Pro
541 1981 851 2058 γινόμενον
901 1983 970 2044 in
1016 1979 1150 2045 cod.
1200 1983 1257 2044 A
1305 1979 1549 2065 legitur
1594 1981 1937 2060 γενόμενον,
1987 1981 2157 2067 quod
2200 1986 2518 2067 praestare
2573 1981 2748 2047 vide-

353 2092 484 2152 tur.
546 2086 790 2152 Deinde
855 2089 1116 2152 omnino
1174 2086 1542 2171 recipienda
1589 2094 1725 2152 erat
1772 2088 2131 2154 emendatio
2178 2089 2380 2153 Loftii
2426 2089 2707 2165 ψέγηται
2732 2136 2748 2166 ,

351 2199 432 2256 ut
477 2194 676 2257 totius
723 2195 949 2277 capitis
996 2198 1178 2256 tenor
1224 2199 1439 2276 aperte
1486 2191 1687 2258 docet.
1737 2194 1964 2279 Neque
2004 2195 2383 2270 obscurum,
2422 2193 2745 2278 quomodo

355 2297 716 2383 corruptela
778 2300 931 2362 oriri
991 2301 1274 2398 potuerit
1289 2319 1306 2377 ;
1379 2298 1677 2364 librarios
1748 2302 1921 2364 enim
1973 2300 2299 2364 interdum
2353 2300 2627 2376 γίνεσθαι
2686 2305 2750 2363 et

359 2404 656 2481 λέγεσθαι
695 2412 1096 2488 permutasse
1135 2402 1318 2468 docet
1365 2403 1804 2490 dittographia
1847 2407 2091 2481 γίνεται
2143 2411 2207 2469 et
2252 2407 2537 2482 λέγεται,
2588 2425 2748 2488 quae

359 2512 688 2574 invenitur
748 2509 944 2573 huius
1006 2508 1157 2573 libri
1220 2530 1272 2574 c.
1324 2508 1446 2588 213
1511 2512 1646 2574 iam
1692 2531 1933 2576 vocum
1981 2511 2277 2587 λέγεσθαι
2325 2517 2389 2575 et
2437 2509 2748 2588 ψέγεσθαι

357 2616 490 2681 fere
551 2614 853 2682 solemnis
917 2620 1013 2680 est
1059 2616 1504 2694 commutati0‚
1554 2615 1632 2680 cf.
1683 2616 1748 2679 X
1799 2614 1885 2680 34
1931 2637 2170 2681 necnon
2220 2615 2293 2681 V.
2348 2614 2386 2680 3
2439 2617 2471 2688 ἦ
2523 2618 2748 2680 ἐννακο-

359 2723 657 2787 λουθοῦσιέ
698 2746 869 2786 τινων
906 2722 1154 2799 μέμψις
1196 2723 1228 2795 ἢ
1270 2721 1489 2800 λόγος,
1532 2722 1640 2787 ubi
1681 2722 2043 2788 emendatio
2078 2722 2219 2786 Iun.
2260 2721 2459 2799 ψόγος
2497 2721 2743 2788 dudum

358 2831 428 2892 in
475 2833 727 2893 textum
773 2829 973 2912 recipi
1018 2827 1302 2893 debebat.

453 3031 612 3097 Ibid.
663 3029 769 3096 28.
818 3009 1139 3109 φαντάζου
1189 3027 1404 3094 πάντα
1452 3030 1555 3094 τὸν
1603 3029 1709 3109 ἐφ’
1759 3028 2022 3108 ᾡτινιοῦν
2070 3029 2447 3107 λυπούμενον
2490 3028 2523 3104 ἢ
2566 3029 2745 3095 δυσα-

364 3141 694 3220 ρεστοῦντα
733 3133 930 3212 ὅμοιον
969 3137 1052 3213 τῷ
1088 3134 1347 3214 θυομένῳ
1387 3135 1682 3214 χοιριδίῳ,
1726 3136 2204 3216 ἄπολακτίζοντι
2249 3136 2351 3198 καὶ
2382 3136 2748 3215 κεκραγότι·

366 3240 561 3320 ὅμοιον
623 3241 726 3307 καὶ
790 3243 818 3305 ὃ
885 3241 1146 3322 οἰμώζων
1211 3242 1310 3306 ἐπὶ
1378 3245 1482 3306 τοῦ
1550 3241 1835 3305 κλινιδίου
1898 3239 2076 3314 μόνος
2124 3253 2320 3323 σιωπῇ
2372 3244 2479 3315 τὴν
2528 3241 2750 3308 ἔνδεσιν

369 3352 568 3427 ἡμῶν·
633 3349 738 3411 καὶ
803 3343 893 3411 ὅτι
954 3347 1114 3428 μόνῳ
1177 3349 1261 3428 τῷ
1306 3350 1534 3428 λογικῷ
1584 3345 1711 3428 ζῴῳ
1761 3345 1998 3412 δέδοται
2048 3347 2116 3411 τὸ
2164 3348 2447 3437 ἑκουσίως
2494 3346 2746 3413 ἕπεσθαι

366 3463 495 3526 τοῖς
542 3453 898 3531 γινομένοις.
949 3453 1248 3519 Alterum
1295 3450 1491 3528 ὅμοιον
1540 3454 1870 3516 immerito
1917 3474 1995 3517 ex
2040 3451 2215 3517 codd.
2257 3453 2384 3517 PA
2423 3455 2752 3520 arcessivit

365 3560 579 3638 Stich,
635 3562 748 3644 qui
808 3579 985 3624 more
1039 3559 1230 3624 solito
1276 3559 1737 3649 oberraverunt
1783 3563 2043 3644 propter
2089 3559 2469 3644 praecedens
2515 3559 2745 3641 ὅμοιονς

363 3667 759 3752 reliquorum
803 3665 980 3732 codd.
1030 3665 1222 3731 lectio
1263 3663 1463 3741 ὅμοιος
1503 3667 1762 3731 omnino
1801 3665 2131 3731 retinenda
2168 3671 2322 3731 erat.
2370 3667 2568 3732 Porro
2605 3673 2750 3752 post

363 3773 541 3850 μόνος
607 3781 802 3853 σιωπῇ
865 3771 1459 3857 interpungendum
1522 3777 1693 3848 erat,
1763 3776 1837 3836 ut
1892 3793 2005 3857 per
2063 3793 2296 3837 novam
2358 3775 2745 3837 sententiam

363 3898 592 3963 pergas
663 3879 770 3952 τὴν
834 3875 1056 3944 ἔνδεσιν
1121 3877 1286 3952 ἡμῶν
1351 3877 1454 3941 καὶ
1529 3876 1617 3941 ὅτι
1685 3900 1741 3940 κ.
1770 3902 1827 3941 τ.
1857 3878 1936 3956 ἕ.;
2019 3879 2460 3943 accusativum
2524 3882 2743 3941 autem

365 3983 685 4069 explicant
731 3982 892 4058 loci,
943 3982 1160 4067 quales
1211 3988 1361 4048 sunt
1407 3982 1522 4047 XI.
1573 3982 1684 4059 22,
1734 3982 1881 4048 XII.
1926 3982 1986 4060 7,
2034 3985 2252 4068 itaque
2302 3983 2397 4047 nil
2442 4004 2601 4068 opus
2651 3990 2748 4048 est

365 4109 514 4153 cum
559 4086 711 4155 Get.
761 4088 1068 4161 ἐπινόησον
1116 4087 1435 4174 supplere.

454 4306 614 4372 Ibid.
673 4305 779 4372 29.
831 4310 998 4371 κατὰ
1049 4306 1228 4386 μέρος
1277 4309 1381 4387 ἐφ’
1431 4307 1716 4386 ἑκάστου,
1767 4303 1842 4370 ὧν
1890 4315 2117 4385 ποιεῖς,
2169 4307 2510 4386 ἐφιστῶνων
2558 4308 2747 4388 ἐρώτα

366 4413 645 4477 σεαυτόν.
707 4411 814 4478 Sic
872 4414 1021 4490 PA,
1082 4420 1150 4478 at
1195 4413 1376 4479 codd.
1427 4415 1490 4478 X
1541 4415 1814 4492 ἕπερώτα
1866 4414 2135 4490 habent,
2186 4413 2353 4497 quod
2401 4419 2497 4478 est
2543 4418 2754 4500 magis

368 4538 446 4583 ex
492 4539 608 4582 usu
658 4521 969 4597 auctoris,
1019 4518 1097 4583 cf.
1151 4518 1318 4583 VIII.
1371 4519 1477 4596 36,
1529 4518 1642 4583 IX.
1693 4518 1802 4585 21.
