3392 5384
737 421 876 490 286
1778 395 2109 487 1161111116.

733 608 911 675 Eun.
956 607 989 675 Ι
1037 607 1096 672 1.
1123 603 1308 686 9.(3),
1371 605 1486 670 ubi
1545 603 1765 671 eadem
1829 605 2243 692 interpolatio
2289 605 2557 692 legitur.
2618 603 2907 675 Donatus
2953 605 3126 674 aliter

743 715 820 782 de
867 715 988 781 hac
1034 711 1315 780 formula
1359 714 1427 778 in
1475 711 1596 792 (5).

831 821 995 888 Ibid.
1047 819 1133 885 33
1203 818 1318 885 Sat
1363 825 1462 884 est

834 928 932 1010 (3)
991 927 1135 994 Non
1182 925 1347 991 dixit
1401 926 1602 1004 „bene
1649 925 1793 992 est’'
1841 925 1954 992 sed
2006 929 2148 1004 „sat
2193 927 2354 992 est”.
2492 925 2690 1006 Sane3
2746 928 2947 1006 „bene
2994 928 3125 993 est’'

741 1057 865 1102 non
905 1035 1308 1113 conveniret3
1357 1033 1435 1098 cf.
1483 1053 1648 1119 quae
1693 1032 2089 1119 praecedunt
2137 1031 2397 1111 „Satine
2444 1035 2535 1099 sic
2581 1032 2721 1099 est''
2771 1039 2836 1100 et
2876 1055 3131 1120 „prope-

743 1141 1079 1209 modum'’.

833 1246 998 1314 Ibid.
1049 1245 1134 1312 34
1203 1246 1488 1313 Verbum
1537 1246 1734 1312 verbo
1780 1266 1896 1331 par
1941 1248 2081 1332 pari
2127 1251 2205 1311 ut
2246 1245 2632 1332 respondeas

831 1354 929 1435 (3)
977 1353 1122 1418 Duo
1168 1352 1366 1418 dixit:
1419 1374 1547 1418 non
1596 1357 1855 1418 tanturn
1909 1354 2225 1432 „verbum
2276 1352 2514 1419 verbo”
2564 1352 2673 1418 sed
2728 1373 2886 1439 „par
2932 1354 3131 1439 pari”.

828 1460 1136 1526 Eiusdem
1207 1461 1486 1525 trutinae
1555 1465 1655 1526 est
1726 1480 1799 1525 ac
1868 1458 2247 1546 praecedens
2320 1463 2386 1525 et
2454 1459 2624 1546 quod
2695 1461 2993 1546 sequitur
3058 1459 3130 1524 ad

737 1589 835 1636 vs.
887 1566 1013 1632 391
1064 1565 1346 1653 Egomet
1392 1588 1497 1632 me
1542 1568 1695 1632 novi
1744 1572 1811 1632 et
1855 1571 2192 1652 peccatum
2241 1587 2483 1645 meum,

830 1675 943 1740 ubi
984 1674 1115 1756 (3):
1180 1672 1324 1740 Duo
1363 1671 1562 1753 dixit,
1603 1679 1669 1740 et
1708 1675 2041 1740 hominem
2080 1674 2393 1760 pavidum
2433 1679 2500 1740 et
2535 1678 2874 1760 peccatum
2915 1693 3129 1761 grave.

827 1888 891 1955 II
938 1888 998 1954 1.
1026 1887 1066 1952 4
1136 1887 1456 1974 Demipho
1500 1888 2025 1974 indignabundus
2073 1890 2360 1976 primum
2408 1891 2478 1955 in
2523 1888 2756 1969 filium,
2803 1888 3032 1955 deinde
3067 1890 3131 1952 in
3182 1967 3187 1974 Ι

735 1995 1006 2074 Getam,
1071 2016 1231 2082 quos
1291 1994 1578 2060 noudum
1642 1999 2007 2082 conspexit,
2074 1998 2166 2062 sic
2228 1995 2581 2063 exclamat:
2639 1997 2825 2063 Hanc
2874 1995 3127 2062 tandem

738 2125 1006 2170 uxorem
1046 2101 1236 2168 duxit
1274 2101 1556 2187 Antipho
1595 2103 1849 2167 iniussu
1888 2100 2070 2169 meo?
2113 2150 2129 2169 .
2152 2151 2166 2167 .
2190 2152 2205 2169 .
2246 2101 2299 2168 Ο
2338 2103 2583 2170 facinus
2621 2101 2867 2181 audax,
2910 2125 2946 2168 o
2973 2100 3133 2169 Geta

737 2213 1041 2278 monitor.
1113 2206 1246 2276 Ge.
1296 2213 1361 2290 (6
1406 2207 1633 2290 161616)
1679 2207 1807 2273 Vix
1854 2209 2110 2275 tandem
2160 2209 2322 2290 (scil.
2371 2213 2436 2276 in
2487 2231 2593 2276 me
2638 2212 2999 2296 irrumpit).

828 2318 924 2400 (1)
987 2315 1148 2400 „Vix
1215 2314 1518 2381 tandem’'
1581 2317 1886 2382 convenit
1930 2316 2049 2382 hoc
2099 2315 2343 2382 dietum
2390 2319 2489 2394 ei,
2540 2319 2652 2404 qui
2698 2319 2831 2383 iam
2878 2316 3126 2403 pridem

733 2445 802 2491 se
847 2423 1017 2490 111616
1063 2423 1286 2490 audire
1335 2427 1556 2507 putat,
1607 2428 1672 2487 et
1718 2421 1861 2488 ideo
1910 2444 2049 2488 sero
2098 2423 2359 2488 videtur
2405 2423 2486 2489 ad
2531 2423 2703 2488 hunc
2750 2444 2947 2489 senex
2994 2443 3128 2508 per-

725 2534 1016 2610 senisse,
1070 2551 1219 2594 cum
1265 2527 1380 2594 ille
1426 2534 1720 2595 metuens
1760 2550 1825 2595 se
1865 2531 2152 2616 primum
2192 2529 2271 2595 ad
2311 2530 2781 2596 accusationem
2824 2529 3125 2595 crederet.

873 2638 970 2721 (2)
1029 2638 1131 2730 An
1196 2639 1349 2715 „vix
1397 2634 1699 2702 tandem”
1749 2636 1827 2702 ad
1874 2637 1993 2702 hoc
2041 2637 2349 2723 pertinet,
2400 2639 2551 2722 quia
2594 2636 2706 2702 ille
2758 2634 3124 2715 „monitor”

735 2745 934 2810 dixit:
1001 2743 1195 2823 Quasi
1257 2742 1462 2808 dicat:
1526 2745 1639 2809 vix
1703 2742 1963 2809 tandem
2010 2744 2256 2809 factum
2304 2749 2435 2822 est,
2484 2748 2562 2808 ut
2607 2763 2713 2809 me
2759 2763 2953 2808 senex
3000 2741 3130 2807 lau-

737 2851 884 2916 dare
901 2847 975 2930 (1)
1016 2849 1364 2934 coepisset,
1405 2849 1554 2934 quia
1598 2850 1961 2928 „monitor”
2005 2852 2303 2935 quamvis
2338 2851 2409 2914 in
2447 2851 2841 2918 contrarium
2871 2848 3124 2922 dixerit,

717 2953 951 3023 'tamen
1012 2977 1242 3023 nomen
1309 2962 1406 3021 est
1463 2955 1694 3022 laudis.
1838 2956 1936 3039 (3)
2002 2957 2170 3036 „Vix
2230 2956 2535 3024 tandem’'
2594 2957 2896 3036 εἰρωνεία,
2948 2955 3127 3041 quasi

739 3084 979 3152 „paene
1019 3084 1124 3128 me
1162 3061 1405 3130 oblitus
1443 3065 1605 3129 est”.
1724 3062 1820 3146 (4)
1860 3064 1962 3128 An
2001 3066 2151 3148 quia
2191 3062 2370 3129 tarde
2411 3064 2491 3128 ad
2530 3084 2792 3130 servum
2831 3063 3129 3148 pervenit

734 3192 956 3250 senex,
1006 3191 1199 3256 quem
1244 3169 1354 3235 ille
1401 3170 1479 3236 ob
1519 3172 1971 3236 conscientiam
2013 3191 2049 3236 a
2089 3191 2156 3236 se
2195 3175 2577 3255 coepturum
2623 3190 2758 3236 esse
2798 3164 3127 3235 credebat?

825 3278 1272 3364 Interpretatio
1318 3277 1385 3342 111
1436 3276 1533 3357 (1)
1580 3279 1752 3343 111616
1799 3283 1897 3343 661
1943 3276 2198 3343 Donati.
2250 3275 2349 3344 Of.
2392 3275 2804 3342 Dziatzko
2852 3279 2917 3341 et
2968 3274 3129 3341 slo-

716 3406 912 3451 ·man
977 3383 1057 3449 ad
1119 3384 1183 3450 h.
1211 3382 1257 3448 1.
1321 3383 1566 3448 Eadem
1629 3385 1912 3449 breviter
1971 3383 2141 3449 redit
2202 3385 2271 3448 111
2336 3382 2453 3468 (4),
2519 3404 2636 3449 1166
2679 3404 2807 3448 11611
2852 3403 3007 3448 611111
3054 3400 3122 3446 66

731 3491 1048 3577 conspirat
1097 3486 1439 3575 explicatio
1485 3489 1726 3555 ironiae
1769 3491 1841 3554 in
1887 3488 2002 3571 (3).
2145 3488 2383 3556 Contra
2431 3510 2506 3555 ea
2553 3488 2651 3572 (2)
2696 3488 2902 3554 denuo
2950 3507 3123 3575 egre·

729 3600 918 3684 gium
978 3594 1352 3682 exemplum
1413 3595 1674 3662 exhibet
1738 3598 2009 3681 speciosi
2072 3597 2391 3662 acuminis
2452 3595 2819 3682 philosophi
2880 3595 3118 3668 nostri,

731 3703 902 3790 quod
946 3723 1060 3789 per
1108 3701 1275 3780 „an”
1327 3704 1627 3789 opposuit
1688 3701 1938 3768 Donato
2000 3701 2119 3786 (1),
2185 3704 2298 3790 qui
2362 3701 2538 3768 idem
2599 3700 2809 3779 dedit,
2872 3703 3117 3786 opinor,

732 3809 829 3891 (3)
875 3829 1026 3874 nam
1090 3813 1264 3874 amat
1310 3806 1386 3874 D.
1437 3808 1713 3895 figuram
1764 3810 2067 3889 εἰρωνείας
2100 3806 2167 3890 ¹),
2216 3809 2408 3894 idque
2455 3809 2743 3894 primum
2790 3808 3010 3894 posuit
3053 3808 3119 3870 in

731 3920 1098 3983 commento
1144 3921 1290 3981 ante
1337 3915 1455 3998 (l),
1503 3915 1673 3981 unde
1724 3937 1871 3982 casu
1919 3915 2197 4003 quodam
2244 3914 2506 3980 reccidit
2552 3915 2619 3978 in
2666 3913 2881 3980 locum
2920 3917 3119 3999 poste-

727 4025 983 4089 riorem.
1047 4021 1186 4087 Iam
1233 4042 1386 4088 vero
1436 4022 1532 4104 (4)
1578 4021 1744 4087 alius
1792 4026 1890 4088 est
1935 4023 2236 4108 magistri
2283 4022 2395 4107 qui
2440 4023 2574 4086 suis
2621 4021 2835 4085 verbis
2879 4022 3114 4084 iustam

727 4133 1319 4217 interpretationem
1369 4150 1485 4196 sua
1532 4131 1674 4198 vice
1724 4131 2029 4217 opposuit
2073 4127 2319 4195 Editori
2369 4127 2488 4210 (2),
2536 4128 2799 4194 fortasse
2845 4129 2912 4192 iu
2959 4145 3117 4191 mar-

725 4239 881 4326 gine
925 4235 1110 4302 illius
1154 4236 1473 4302 editionis.
2660 4260 2667 4266 ·

820 4342 985 4411 Ibid.
1031 4343 1120 4410 20
1191 4343 1443 4410 Horum
1487 4343 1653 4409 nihil
1701 4345 2045 4430 quicquam
2093 4341 2336 4431 accidet
2381 4342 2596 4408 animo
2644 4361 2889 4407 novum

797 4591 852 4655 1)
887 4590 962 4640 Of.
994 4589 1124 4639 infra
1158 4585 1218 4641 57
1240 4590 1328 4652 (3).
