3392 5384
1209 464 1464 511 mineus
1513 458 1889 509 ANTONINUS.
2662 443 2747 510 69

456 628 616 694 Ibid.
670 627 774 693 12.
838 651 974 692 τινα
1036 629 1112 697 ὦς
1178 628 1416 702 ἀληθῶς
1478 626 1722 704 ὦγαθοὶ,
1782 622 1898 691 οἷον
1963 626 2271 707 Φρόνησιν,
2338 626 2793 709 σωφροσύνηνμ

367 734 768 811 δικαιοσύνην,
817 734 1083 810 οὶνδρίαν.
1151 732 1320 800 Cum
1364 734 1604 817 ubique
1649 734 1925 797 formam
1972 732 2250 810 οένδρείαν
2298 735 2530 798 merito
2576 754 2752 819 prae-

367 839 592 905 tulerit
651 838 769 916 St„
830 842 1027 904 etiam
1087 838 1191 903 hic
1253 838 1528 915 ἀνδρείαν
1586 838 1791 903 scribe
1853 840 2229 922 praesertim
2291 840 2358 902 in
2419 837 2749 903 decantata

362 944 478 1010 illa
524 946 999 1010 enumeratione
1045 947 1366 1010 virtutum
1413 949 1719 1029 quattuor
1764 942 2209 1008 cardinalium.

457 1145 617 1211 Ibid.
669 1146 773 1212 11.
846 1152 992 1226 παρ’
1055 1142 1315 1235 ἕκαστον
1373 1151 1550 1210 τοῦτο
1587 1148 2005 1222 -ἑποινερωτᾶν
2070 1145 2304 1211 ἑαυτόν.
2365 1147 2453 1210 At
2497 1149 2556 1212 A
2601 1150 2746 1227 παρ’

367 1248 607 1315 ἕκαστα
648 1252 862 1328 habet,
905 1251 1072 1335 quod
1108 1254 1248 1316 iure
1286 1254 1526 1337 recepit
1563 1251 1658 1316 St.
1701 1251 1880 1316 Adde
1920 1251 2087 1336 quod
2129 1251 2304 1317 codd.
2326 1251 2432 1316 VI.
2463 1252 2547 1316 44
2588 1249 2746 1331 ἅπερ

364 1356 604 1422 ἕκαστα
653 1358 1029 1435 πράσσομεν,
1073 1357 1236 1443 quid
1282 1356 1449 1442 quod
1496 1357 1601 1422 VI.
1656 1355 1737 1421 15
1780 1353 1923 1435 ὅπερ
1973 1356 2362 1435 παρέκοιστον
2410 1358 2745 1437 exhibent,

364 1466 458 1528 ita
518 1469 595 1527 ut
653 1465 894 1528 vitium
954 1482 1251 1547 grassans
1299 1464 1480 1547 quasi
1527 1462 1729 1527 oculis
1774 1464 2085 1527 intuearis
2130 1468 2198 1527 et
2242 1462 2748 1528 emendationem

367 1566 556 1635 Gora‘i
615 1569 852 1652 ubique
916 1571 1061 1647 παρ’
1108 1565 1352 1631 ἕκαστα
1399 1568 1736 1632 scribentis
1785 1566 2032 1632 dudum
2077 1568 2503 1653 recipiendam
2550 1572 2748 1634 fuisse

363 1674 630 1740 eluceat.

458 1858 557 1926 VI.
627 1860 732 1925 16.
811 1859 846 1934 ἤ
909 1886 978 1925 τε
1042 1863 1166 1938 γὰρ
1229 1859 1422 1941 τέχνη
1493 1865 1675 1924 πᾶσα
1738 1861 1953 1925 τούτου
2019 1860 2443 1942 στοχάζεται,
2508 1861 2605 1926 ἵνα
2676 1867 2744 1929 τὸ

367 1962 869 2031 κατασίιευασθέν
911 1966 1262 2040 ἐπιτηδείως
1304 1964 1422 2045 ἔχη
1463 1968 1603 2044 πρὸς
1649 1968 1717 2031 τὸ
1759 1964 1952 2043 ἔργον,
1979 1966 2125 2045 πρὸς
2151 1964 2178 2031 ὃ
2206 1970 2743 2032 κατεσκεύασται·

363 2069 401 2137 δ’
458 2097 526 2137 τε
577 2074 924 2153 Φυτουργός
986 2073 1013 2136 ὃ
1079 2072 1560 2149 ἐπιμελούμενος
1608 2080 1721 2147 τῆς
1769 2074 2058 2149 ἀμπέλου
2106 2073 2209 2137 καὶ
2258 2073 2286 2136 ὃ
2338 2073 2745 2149 πωλοδοὶμνης

363 2177 468 2242 καὶ
518 2178 544 2242 ὁ
593 2182 697 2242 τοῦ
746 2181 917 2249 κυνὸς
967 2177 1448 2253 ἐπιμελούμενος
1496 2182 1671 2241 τοῦτο
1722 2176 1911 2257 ζητεῖ.
1962 2177 2179 2243 Scribe
2221 2173 2257 2241 ὅ
2290 2202 2359 2241 τε
2398 2182 2743 2257 Φυτουργὸς

367 2283 572 2359 (καὶ)
638 2285 666 2347 ὃ
729 2283 1207 2358 ἐπιμελούμενος
1266 2289 1378 2355 τῆς
1441 2284 1758 2359 οὶμπέλου,
1816 2288 1890 2347 ut
1943 2286 2403 2348 sententiarum
2448 2284 2747 2371 legitima

369 2387 481 2453 fiat
525 2391 848 2473 responsio
897 2393 962 2453 et
1007 2391 1130 2453 rite
1177 2387 1664 2473 distinguantur
1710 2386 2089 2453 hortulanus
2134 2395 2199 2452 et
2246 2390 2508 2455 vinitor.
2568 2389 2747 2455 Codi-

365 2514 467 2558 ces
528 2497 729 2559 nostri
791 2496 1130 2559 sescenties
1190 2500 1452 2578 peccant
1510 2496 1577 2556 in
1639 2492 1874 2559 vocula
1921 2494 2029 2557 καί
2075 2493 2359 2559 addenda
2404 2494 2509 2560 vel
2557 2499 2745 2561 omit-

364 2598 588 2676 tenda,
635 2599 712 2665 cf.
762 2620 816 2664 e.
864 2620 964 2685 gr.
1013 2598 1120 2663 IV.
1175 2598 1233 2662 1.
1284 2597 1429 2663 XII.
1486 2598 1588 2664 12.
1644 2598 1727 2662 13
1774 2603 1839 2662 et
1883 2601 2144 2683 passim.

457 2787 616 2853 Ibid.
666 2787 775 2851 41.
845 2784 880 2852 δ’
937 2810 996 2851 τι
1060 2785 1136 2851 ἂν
1186 2792 1300 2849 τῶν
1349 2785 1756 2865 ἄπροαιρέτων
1809 2787 2150 2865 ὑποστήσης
2200 2789 2365 2867 αὐτῷ
2424 2790 2659 2866 ἀγαθὸν
2708 2790 2741 2863 ἢ

364 2894 550 2957 κακόν
617 2894 793 2957 κ.τ.ὲ.
859 2892 965 2958 Sic
1011 2890 1214 2969 codd„
1264 2888 1410 2957 Gor.
1459 2893 1667 2970 σαυτῷ
1717 2895 2013 2959 correxit.
2062 2892 2379 2981 Disiunge
2429 2895 2741 2975 ὑποστήση

362 3000 570 3079 σαυτῷ
592 3046 607 3076 ,
649 2998 939 3062 medium
977 2999 1155 3062 enim
1176 3017 1381 3084 genus
1405 2996 1820 3075 desideratur,
1861 2999 1941 3063 cf.
1968 2997 2080 3062 XI.
2108 2998 2215 3064 21.
2241 2999 2449 3085 Epict.
2475 3000 2559 3065 ΙΙ.
2588 2999 2648 3064 5.
2679 3000 2741 3067 9..

453 3186 614 3252 Ibid.
666 3185 773 3251 47.
835 3185 1034 3262 μέτιθι
1101 3190 1199 3249 νῦν
1263 3184 1362 3247 ε’πὶ
1432 3184 1514 3248 τοὶ
1561 3182 1740 3248 ἄλλοι
1786 3189 2004 3262 φῦλα,
2056 3186 2184 3249 ἐκεῖ
2227 3187 2295 3259 δη
2346 3188 2741 3264 μεταβαλεῖν

364 3296 534 3369 ἡμᾶς
595 3293 721 3370 δεῖ,
787 3289 934 3356 ὅπου
999 3290 1173 3357 κ.τ.ἑ.
1235 3288 1340 3355 Sic
1396 3288 1492 3354 St.
1541 3312 1618 3355 ex
1665 3290 1763 3355 ed.
1812 3291 1862 3369 I,
1912 3296 1977 3355 at
2022 3291 2199 3357 cofld.
2251 3294 2381 3356 ἐκεῖ
2422 3293 2520 3372 δέ,
2574 3293 2743 3379 quod

360 3399 553 3484 longe
598 3402 900 3483 praestat.

455 3584 617 3651 Ibid.
666 3584 822 3649 ibid.
890 3583 952 3646 τί
997 3579 1095 3648 οὖν
1147 3588 1324 3646 τοῦτο
1374 3581 1556 3645 δεινὸν
1606 3584 1853 3662 aba-0743
1901 3584 1967 3647 τί
2014 3582 2114 3647 δαὶ
2165 3592 2295 3657 τοῖς
2344 3587 2485 3661 μηδ’
2534 3590 2747 3663 ὄνομα·

362 3689 632 3768 ζομένοις
694 3686 879 3768 ὅλωςς
946 3687 1221 3764 Vocula,
1289 3708 1451 3771 quae
1497 3692 1596 3752 est
1641 3687 1777 3765 δαί,
1824 3690 2137 3754 incertam
2183 3694 2385 3757 vitam
2435 3694 2633 3758 trahit
2677 3697 2745 3758 in

361 3793 986 3861 Commentariorum
1025 3799 1360 3869 contextu,
1401 3796 1606 3857 sexies
1645 3796 1905 3859 omnino
1938 3813 2288 3862 occurrens.
2332 3797 2499 3863 Loco
2524 3805 2745 3865 autem

359 3899 618 3966 laudato
668 3900 732 3964 δέ
779 3899 1127 3985 legendum
1174 3921 1309 3965 esse
1354 3920 1468 3984 per
1514 3922 1580 3965 se
1627 3906 1837 3985 patet;
1881 3923 2068 3986 porro
2107 3903 2244 3969 VII.
2290 3904 2392 3981 18,
2437 3901 2605 3970 VIII.
2636 3906 2743 3985 50,

362 4006 509 4071 XII.
573 4005 659 4071 29
719 4008 851 4071 iam
914 4006 1096 4071 Stich
1157 4005 1344 4070 modo
1401 4005 1643 4070 codices
1691 4012 1948 4071 secutus
1995 4008 2182 4074 modo
2227 4013 2484 4096 proprio
2531 4012 2744 4077 Marte

362 4112 423 4175 δέ
485 4114 837 4177 rectissime
894 4114 1200 4176 restituit.
1265 4110 1624 4195 Supersunt
1685 4111 1801 4176 IX.
1853 4112 1937 4176 42
1986 4115 2049 4177 τί
2097 4113 2161 4177 δὲ
2211 4117 2313 4178 καὶ
2363 4115 2741 4194 βέβλαψαις

366 4264 602 4282 ......
647 4218 709 4281 τί
749 4217 845 4280 δαὶ
891 4216 1074 4280 κακὸν
1121 4216 1153 4289 ἢ
1195 4214 1358 4291 ξένον
1401 4216 1654 4293 γέγονεν
1668 4239 1684 4296 ;
1729 4219 1843 4282 ubi
1879 4218 1984 4283 vel
2006 4219 2479 4303 parallelismus
2503 4225 2744 4288 vitium

355 4326 572 4409 arguit
591 4343 606 4399 ;
671 4323 816 4387 XII.
870 4321 954 4386 16
1017 4325 1080 4385 τί
1142 4322 1239 4384 δαὶ
1305 4317 1477 4399 οἶδα,
1527 4325 1575 4386 εἰ
1629 4329 1807 4388 τοῦτο
1861 4324 2251 4403 ἁμάρτημα,
2300 4328 2412 4392 ubi
2461 4330 2622 4393 item
2675 4328 2743 4393 δέ

359 4429 543 4494 facile
608 4428 1006 4514 praetuleris.
1071 4428 1276 4508 Quam
1325 4426 1632 4493 sollemne
1679 4436 1898 4495 autem
1948 4434 2032 4495 sit
2076 4430 2352 4497 librariis
2398 4437 2465 4497 in
2513 4434 2631 4500 hac
2677 4458 2745 4500 re

360 4533 706 4611 offendere,
754 4555 1011 4598 monere
1060 4537 1169 4600 vix
1216 4555 1376 4618 opus
1422 4543 1537 4599 est.
