3392 5384
467 1017 836 1111 FORMA
893 949 1675 1122 ANTIQUISSIMA
1735 1022 2095 1112 HYMNI
2156 1022 2685 1112 HOMERICI

1160 1158 1274 1249 IN
1332 1158 1987 1249 MERCURIUM

379 1369 728 1420 snounmm
787 1371 842 1422 c.
904 1373 1244 1421 Bonnam
1295 1373 1365 1420 m
1421 1373 1646 1421 unm
1699 1373 2125 1423 nunonmnnsx
2183 1374 2297 1422 xm
2349 1375 2409 1422 P.
2459 1355 2590 1422 389
2629 1372 2765 1433 soe.

1243 1595 1488 1638 No'rums
1524 1595 1904 1638 ILLUS'I'RAVIT

1029 1824 1115 1889 H.
1163 1823 1368 1890 VAN
1428 1823 2122 1891 HERWERDEN.

1416 2126 1735 2170 -4-0-4—

467 2390 745 2457 Gratum
785 2411 892 2456 me
929 2391 1254 2457 facturum
1293 2389 1586 2474 suspicor
1615 2387 1965 2475 philologis
2002 2388 2415 2467 nosti-stibna,
2457 2391 2513 2454 si
2536 2410 2762 2455 eorum

365 2496 573 2563 oculis
630 2498 1010 2563 subiecerim
1076 2496 1259 2582 plene
1320 2496 1707 2580 exscriptam
1728 2541 1745 2572 ,
1800 2514 1996 2579 quam
2046 2493 2117 2562 O.
2168 2493 2409 2560 Robert
2453 2494 2549 2561 1.l.
2595 2495 2761 2561 indi-

366 2605 545 2669 cavit
612 2605 1016 2691 primitivam
1085 2602 1282 2667 huius
1349 2599 1739 2687 lepidissimi
1805 2600 2037 2686 hymni
2104 2602 2573 2680 recensionem,
2648 2604 2760 2687 qui

367 2708 580 2795 qualis
639 2709 829 2775 hodie
887 2729 926 2774 a
985 2709 1327 2774 serioribus
1389 2709 1594 2792 postis
1657 2708 1935 2793 p‘essime
1997 2709 2471 2773 contaminatus
2514 2707 2761 2795 legitur

363 2821 570 2880 scatet
616 2814 1221 2880 contradictionibus
1265 2818 1329 2879 et
1376 2812 1881 2880 difficultatibus.

461 2919 744 2998 Invicta,
815 2925 891 2985 ut
957 2920 1124 2985 mihi
1184 2919 1443 3005 quidem
1507 2919 1828 2999 videntur,
1892 2925 2310 3007 argumenta,
2374 2923 2608 3006 quibus
2653 2924 2759 2988 vir

363 3027 928 3113 ingeniosissimus
966 3025 1178 3090 thesin
1218 3045 1402 3090 suam
1442 3025 1937 3104 demonstravit,
1977 3025 2281 3114 legantur
2315 3027 2486 3115 apud
2516 3030 2754 3114 ipsum.

458 3133 683 3198 Brevis
729 3152 874 3197 mea
919 3130 1244 3196 adnotatio
1291 3130 1371 3196 ad
1411 3133 1665 3218 insigne
1711 3131 1829 3197 hoc
1874 3134 2118 3217 priscae
2164 3135 2522 3219 impietatis
2568 3133 2757 3199 docu-

363 3244 665 3304 mentum
703 3244 949 3323 spectat
985 3239 1359 3322 praesertim
1397 3235 1567 3302 locos
1604 3235 1951 3303 nonnullos
1982 3239 2281 3305 obscuros
2304 3245 2370 3304 et
2393 3245 2757 3306 controver-

360 3366 468 3410 sos
516 3345 926 3430 continetque
968 3344 1387 3410 correctiones
1428 3343 1740 3428 quasdam
1779 3345 1979 3409 etiam
2016 3364 2191 3410 meas
2232 3350 2299 3410 et
2338 3347 2750 3413 coniecturas.

363 3450 464 3515 De
510 3449 774 3537 reliquis
820 3448 1240 3515 consulantur
1288 3448 1621 3514 editiones.

731 3666 960 3741 Ἑρμῆν
1009 3660 1216 3740 ὕμνει,
1265 3666 1528 3740 Μοῦσα,
1579 3663 1728 3733 Διὸς
1773 3660 1877 3726 καὶ
1924 3663 2216 3736 Μαιάδος
2266 3661 2410 3742 υἱόν,

641 3769 962 3842 Κυλλήνης
1008 3766 1306 3844 μεδέοντα
1356 3767 1460 3832 καὶ
1509 3768 1839 3848 ’Λρκαδίης
1886 3771 2268 3848 πολυμήλοῦ,

637 3871 920 3953 ἄγγελον
965 3873 1289 3938 ἀθανάτων
1339 3872 1628 3953 ἐριούνιον,
1677 3871 1739 3938 ὃν
1788 3875 1929 3938 τέκε
1976 3882 2195 3953 Μαῖα,

520 3978 530 3986 ’
639 3980 850 4058 νύμφη
900 3978 1333 4057 ἐϋπλόκαμος,
1396 3980 1544 4051 Διὸς
1593 3982 1652 4043 ἐν
1698 3979 1994 4058 Φιλότητι
2041 3989 2342 4058 μιγεῖσα,

549 4084 587 4149 5
636 4085 866 4164 αἰδοίη·
915 4085 1209 4163 μακάρων
1259 4085 1320 4148 δὲ
1368 4087 1509 4150 θεῶν
1556 4087 1809 4160 ἠλεύαθ’
1854 4081 2065 4162 ὅμιλον

633 4189 849 4272 ἄντρου
898 4189 1008 4255 ἔσω
1061 4192 1312 4256 ναίουσα
1363 4192 1731 4256 παλισκίου·
1776 4190 1913 4256 ἔνθα
1966 4191 2213 4270 Κρονίων

637 4297 849 4380 νύμφῃ
896 4296 1277 4376 ε’ὓπλοκοέμῳ
1324 4297 1709 4376 μισγέσκετο
1758 4299 1971 4370 νυκτὸς
2019 4299 2321 4378 ἀμολγῷ,

634 4401 798 4485 ὄφρα
848 4405 1016 4468 κατὰ
1067 4403 1308 4482 γλυκὺς
1358 4401 1540 4476 ὕπνος
1589 4395 1727 4485 ἔχοι
1770 4404 2139 4469 λευκώλενον
2182 4403 2391 4485 Ἥρην,

636 4509 828 4583 λήθων
873 4507 1220 4582 ἀθανάτους
1267 4533 1336 4574 τε
1383 4510 1550 4583 θεοὺς
1593 4512 1846 4596 ,θνητούς
1894 4514 1951 4576 τ’
1999 4511 2359 4591 ἀνθρώπους.
