3392 5384
1327 402 1642 452 nonnus.
2602 390 2683 453 15

289 569 628 656 pulsatum
689 588 823 632 esse
883 587 1100 631 senem
1163 587 1239 630 ex
1303 572 1686 652 arg-umento
1750 566 2058 633 falsarum
2107 571 2483 654 nuptiarum
2505 620 2519 648 ,
2572 570 2685 637 illo

292 678 715 760 argumentO,
767 671 935 757 quod
981 674 1072 735 ait
1120 669 1504 759 „paululum
1547 670 1859 749 obsonii’',
1907 677 2236 757 tamquam
2280 694 2346 738 se
2383 674 2685 739 illuderet

298 779 539 844 Davus.
684 776 781 857 (5)
829 775 996 841 Sunt
1043 797 1195 861 ergo
1241 778 1468 855 verba,
1515 782 1592 841 ut
1638 776 1921 841 diximus
1970 778 2195 856 (schol.
2250 779 2316 858 1)
2349 780 2415 858 ¹),
2464 802 2683 845 secum

296 886 642 971 cogitantis
705 885 870 947 senis
929 888 1042 945 aut
1089 882 1164 946 de
1212 882 1350 960 his,
1400 903 1560 967 quae
1607 904 1775 947 nunc
1822 882 2079 947 locutus
2127 889 2223 948 est
2269 884 2520 963 Davus,
2571 893 2684 951 aut

295 991 398 1055 de‘
422 989 703 1054 adventu
748 986 1135 1064 mulierum,
1185 1008 1346 1071 quae
1393 990 1458 1051 in
1506 988 1802 1052 scaenam
1849 990 2118 1053 veniunt
2164 989 2372 1054 modo,

391 1093 778 1179 Exemplum
825 1114 1083 1178 prorsus
1130 1096 1430 1170 unicum,
1480 1093 1591 1157 ubi
1639 1092 1959 1173 (4)=(2)
2009 1101 2073 1158 et
2111 1093 2451 1175 (5)=(1).
2501 1097 2683 1176 Quod

293 1206 515 1266 autem
554 1203 622 1263 in
661 1198 758 1279 (5)
801 1199 1056 1263 additur
1099 1205 1217 1275 „ut
1258 1197 1608 1275 diximus''‚
1649 1199 1928 1263 ostendit
1966 1205 2316 1285 utrumque
2356 1204 2423 1265 in
2464 1202 2685 1268 eodem

295 1305 649 1391 exemplari
707 1304 903 1369 fuisse
960 1309 1026 1367 et
1071 1302 1262 1367 illum
1283 1352 1298 1380 ,
1348 1307 1460 1388 qui
1508 1302 1684 1368 dedit
1732 1302 1849 1389 (5),
1900 1306 2087 1369 fateri
2134 1326 2199 1370 se
2246 1308 2443 1371 etiam
2498 1311 2689 1393 scrip-

294 1414 448 1476 sisse
517 1410 634 1489 (1).
733 1408 1125 1474 Huiusmodi
1200 1411 1610 1493 repetitiones
1671 1408 1791 1485 IP,
1864 1409 1984 1474 hoc
2049 1416 2147 1476 est
2209 1411 2542 1477 Editorem
2623 1419 2687 1477 et

295 1523 359 1580 et
403 1515 910 1579 Retractatorem
959 1516 1307 1579 commenti
1355 1516 1656 1599 genuini,
1706 1516 1903 1579 etiam
1950 1514 2103 1579 alibi
2150 1519 2545 1582 commisisse
2593 1520 2686 1581 vi-

295 1620 621 1696 debimus,
673 1639 1064 1704 quamquam
1115 1625 1258 1682 tum
1305 1618 1632 1683 Donatum
1679 1641 1806 1683 non
1852 1622 2011 1703 ipsis
2050 1621 2259 1685 verbis
2300 1626 2565 1706 repetit,
2613 1627 2690 1686 ut

299 1727 361 1792 h.
401 1726 444 1791 l.
507 1726 620 1790 ubi
677 1724 844 1788 nihil
906 1723 1152 1788 addidit
1196 1731 1446 1808 praeter
1494 1724 1760 1809 „ergo''‚
1813 1730 1930 1801 „ut
1978 1724 2329 1805 diximus''‚
2387 1726 2683 1804 „modo”.

301 1829 520 1895 Altera
565 1831 858 1914 repetitio
906 1828 1255 1894 revocanda
1317 1832 1440 1893 erit
1502 1829 1581 1894 ad
1644 1828 1968 1913 duplicem
2028 1831 2307 1909 fontem,
2360 1852 2485 1915 quo
2531 1853 2687 1896 usus

301 1937 388 1999 sit
433 1934 813 2019 compilator
827 1956 844 2012 3
896 1955 1020 2018 qua
1068 1934 1144 1998 de
1175 1955 1258 1998 -re
1306 1940 1524 2018 postea
1573 1933 1941 1999 videbimus
1969 1935 2044 2015 ²).

390 2039 483 2104 III
534 2039 591 2103 1.
624 2038 707 2103 18
732 2038 828 2118 (3)
880 2038 1280 2123 „Discipuli”
1330 2040 1576 2124 MysiS‚
1624 2038 1853 2104 Lesbia
1899 2045 1963 2104 et
2002 2040 2418 2126 Pamphilus:
2465 2064 2685 2107 omnes

302 2166 414 2232 per
482 2166 641 2229 quos
710 2146 930 2229 agitur
995 2143 1248 2208 fallacia
1259 2164 1275 2221 3
1343 2144 1499 2208 bene
1560 2164 1714 2229 ergo
1778 2166 1832 2209 e.
1860 2166 1917 2229 q.
1946 2166 1995 2209 S.
2181 2146 2287 2211 Sic
2336 2120 2437 2224 Ds,
2504 2150 2686 2212 cuius

301 2252 496 2316 verba
554 2250 667 2327 IP,
731 2256 806 2313 ut
863 2250 1207 2324 refutaret,
1255 2251 1324 2312 in
1372 2248 1469 2328 (4)
1517 2251 1911 2333 repetitivit:
1964 2250 2096 2314 Alii
2141 2254 2208 2329 (i.
2238 2272 2291 2315 e.
2341 2250 2531 2332 Don.)
2580 2274 2690 2317 no—

300 2358 692 2422 minativum
717 2342 1055 2440 'pluralem
1103 2359 1333 2439 putant
1354 2402 1378 2439 ,t
1419 2360 1494 2419 ut
1544 2353 1973 2439 „discipulos”
2017 2355 2251 2421 dixerit
2291 2378 2533 2434 omnes,
2576 2378 2689 2441 per

302 2483 458 2548 quos
505 2463 724 2546 agitur
769 2460 1045 2538 fallacia,
1091 2482 1145 2525 e.
1174 2481 1233 2544 q.
1263 2482 1311 2524 s.

391 2566 446 2630 V
511 2566 570 2631 6.
602 2565 640 2629 5
727 2566 901 2631 Haec
970 2570 1063 2630 ita
1133 2570 1472 2630 narrantur
1531 2565 1747 2641 Davo,
1806 2571 1883 2630 ut
1946 2567 2165 2631 eadem
2235 2588 2426 2652 opera
2489 2571 2686 2634 etiam

303 2670 618 2738 Charinus
680 2671 917 2736 audiat.
1070 2670 1175 2736 Sic
1220 2671 1299 2735 D.
1455 2671 1613 2735 Mox
1673 2670 1776 2734 IP
1846 2670 1885 2736 6
1912 2672 2006 2751 (1)
2076 2673 2230 2737 haec
2300 2676 2549 2751 omnia,
2612 2680 2688 2738 ut

302 2777 583 2841 diximus
629 2776 848 2858 (schol.
895 2776 962 2856 5)
989 2777 1057 2856 ¹),
1106 2781 1366 2861 propter
1413 2774 1765 2843 Charinum
1816 2778 2137 2855 dicuntur,
2186 2784 2264 2842 ut
2310 2779 2545 2844 audiat.

391 2990 584 3058 Eun.
648 2992 680 3057 1
740 2994 801 3059 2.
831 2992 915 3058 36
978 2992 1234 3059 Scholia
1296 2993 1390 3074 (1)
1439 2999 1503 3058 et
1550 2994 1646 3073 (2)
1712 2996 2050 3059 coniuncta
2101 2996 2363 3059 fuerunt
2407 2999 2475 3059 in
2521 3018 2686 3061 com-

300 3105 553 3175 ment0,
624 3092 982 3184 horumque
1050 3098 1275 3163 finem:
1362 3097 1617 3176 „Simul
1691 3103 1992 3164 convenit
2063 3100 2328 3165 mulieri
2397 3099 2684 3185 loquenti

301 3202 745 3268 huiuscemodi
815 3202 1057 3281 mora’'‚
1125 3206 1421 3268 imitatus
1491 3208 1587 3268 est
1659 3203 1894 3287 aliquis
1954 3207 2022 3267 in
2085 3204 2217 3284 (4):
2287 3204 2441 3270 Vide
2490 3227 2683 3290 quam

302 3311 457 3372 satis
502 3308 926 3373 muliebriter.

392 3411 624 3477 Sabb.
677 3435 1006 3499 perperam
1055 3415 1426 3498 proscripsit
1473 3413 1571 3490 (2)
1621 3418 1687 3477 et
1736 3412 1851 3495 (4).

389 3515 550 3581 Ibid.
602 3516 688 3581 83
716 3518 810 3597 (2)
858 3524 922 3583 et
969 3517 1086 3598 (6).
1140 3516 1231 3583 De
1281 3518 1382 3581 his
1429 3524 1668 3602 postea.

393 3621 456 3685 II
497 3622 558 3687 2.
590 3622 673 3687 32
721 3623 1078 3709 Tamquam
1125 3623 1657 3709 philosophorum
1705 3625 1943 3689 habent
1992 3624 2362 3710 disciplinae
2412 3647 2487 3691 ex
2526 3629 2685 3711 ipsis

298 3729 642 3805 vocabula,
692 3732 958 3813 parasiti
1004 3732 1097 3794 ita
1145 3736 1220 3794 ut
1268 3727 1654 3795 Gnathonici
1704 3738 2032 3796 vocentur.
2173 3731 2339 3811 Don,
2389 3733 2688 3814 (l)'„vo-

298 3832 566 3898 cabula”
629 3840 702 3897 ut
763 3835 1235 3920 Pythagorica,
1303 3834 1656 3899 Platonica.
1796 3836 1895 3916 (2)
1961 3836 2101 3901 Ηοο
2165 3821 2373 3921 ἴςίὺιιι·
2418 3859 2544 3903 non
2592 3845 2690 3903 est

373 4070 427 4134 1)
485 4071 581 4118 ..Ut
631 4068 885 4128 difimm”,
935 4070 995 4118 cf.
1042 4085 1139 4133 seq.
1179 4068 1336 4118 locum
1370 4072 1419 4117 et
1454 4084 1501 4133 p.
1541 4068 1601 4119 12
1633 4069 1741 4117 adn.
1781 4069 1839 4117 ad
1876 4069 1998 4118 Eun.
2033 4069 2059 4118 I
2098 4071 2276 4119 1.112.
2308 4070 2380 4119 De
2414 4069 2691 4119 auctoribus

298 4150 590 4199 scholiorum
628 4166 713 4215 per
748 4156 806 4200 set
837 4151 1045 4200 diximus
1077 4153 1240 4215 postea
1277 4151 1536 4214 separatim
1571 4165 1727 4212 agam.

369 4232 424 4294 2)
476 4232 764 4281 Rabbow
810 4234 867 4281 de
910 4236 1026 4282 Don.
1062 4247 1180 4280 com.
1218 4232 1268 4280 in
1307 4232 1416 4280 Ter.
1454 4248 1496 4295 p.
1537 4233 1633 4280 880
1669 4233 1784 4280 haec
1817 4232 1996 4280 scholia
2029 4232 2198 4282 citavit
2231 4248 2316 4296 pro
2352 4232 2565 4297 exemplo
2604 4233 2683 4281 du·

297 4311 436 4377 plicis
485 4314 787 4373 recensionis,
837 4315 916 4362 sed
965 4314 1259 4363 rarissimum
1303 4313 1570 4377 exemplum
1606 4313 1741 4361 nulla
1785 4314 2195 4375 argumentatione
2232 4314 2506 4365 declaravit.
2542 4316 2691 4377 Spero

297 4394 402 4442 fore
453 4404 504 4443 ut
551 4395 662 4444 huic
699 4395 1039 4453 dissertationi,
1076 4410 1196 4458 quae
1233 4395 1439 4443 maxime
1474 4395 1740 4443 versabitur
1772 4394 1829 4443 inf
1858 4396 2085 4444 Eunucho
2120 4399 2167 4445 et
2203 4396 2508 4454 Phormione,
2544 4396 2691 4444 etiam

295 4476 488 4525 accedat
522 4478 769 4543 dispositio
805 4477 1100 4527 scholiorum
1137 4477 1496 4526 intricatiorum
1535 4478 1593 4525 ad
1627 4477 1877 4526 Andriam.
