3392 5384
721 394 849 462 132
1768 415 2050 466 sumus.

711 575 892 657 filio).
942 578 1028 641 At
1073 559 1268 642 rerba
1295 579 1432 661 fido
1481 579 1548 641 in
1594 579 1800 643 limine
1843 582 1984 646 iure
2033 602 2070 645 a
2114 601 2217 644 me
2264 579 2551 664 copulari
2596 579 2821 664 probat
2865 581 2923 644 si
2968 600 3102 644 non

711 704 805 749 vs.
861 679 1024 748 197:
1074 704 1465 770 quamquam
1513 685 1602 749 ibi
1650 684 1828 749 fida
1875 705 2203 770 parens,
2253 688 2319 748 at
2364 689 2533 750 certe
2582 704 2673 750 νε.
2718 682 2848 749 750
2873 704 3001 768 sq.:

982 788 1231 854 Rumor
1273 791 1339 853 in
1391 810 1616 855 arcana
1663 790 2048 856 iamdudum
2094 793 2438 877 perstrepit
2486 789 2665 867 aula,

980 896 1349 981 virginibus
1388 917 1541 980 qua
1589 897 1762 978 fida
1808 896 2127 974 domus,
2170 899 2421 962 venisse
2461 896 2813 981 Pelasgum
2852 916 3024 981 e.q.s.

709 999 851 1067 Non
921 1004 1133 1087 mag-is
1201 1002 1464 1086 probare
1536 1003 1699 1068 mihi
1762 1006 1975 1088 potuit
2039 1003 2245 1068 editor
2305 1005 2732 1080 coniecturas,
2798 1022 2955 1086 quas
3018 1000 3100 1066 ad

707 1129 837 1173 vss.
889 1106 1020 1172 903
1068 1113 1132 1172 et
1180 1106 1309 1172 939
1365 1109 1721 1194 adscripsit.
1770 1110 1936 1175 Loco
1985 1112 2194 1194 priore
2242 1107 2548 1173 sollicitat
2585 1107 2927 1173 lectionem
2976 1093 3100 1172 tetis

707 1233 782 1278 eo
851 1211 1022 1298 quod
1093 1219 1282 1300 rogat
1350 1236 1507 1279 num
1577 1215 1742 1280 forte
1803 1216 1951 1279 toris
2015 1217 2099 1280 sit
2158 1213 2525 1301 legendum.
2589 1215 2677 1278 At
2730 1234 2917 1291 ver0,
2976 1213 3097 1278 ubi

708 1317 992 1383 Achilles
1040 1321 1134 1384 ita
1180 1319 1609 1405 Lycomedem
1659 1320 2036 1406 compellat:
2092 1321 2316 1406 ‘Iunge
2364 1341 2519 1406 crgo
2567 1340 2795 1385 manus
2843 1323 2909 1383 et
2954 1340 3097 1383 con-

705 1426 844 1508 cipe
906 1423 1125 1488 foedus
1189 1430 1378 1510 atque
1439 1428 1697 1511 ignosce
1761 1422 1949 1491 tuis!’
2014 1447 2361 1510 pronomen
2412 1426 2567 1503 tuis,
2618 1424 2784 1510 quod
2832 1447 2980 1489 cum
3025 1427 3097 1488 in

705 1531 1022 1594 enuntiati
1061 1528 1183 1595 fine
1224 1537 1287 1594 et
1326 1534 1392 1595 in
1432 1552 1691 1596 caesura
1732 1534 2017 1616 positum
2058 1535 2143 1596 sit
2184 1534 2320 1596 vim
2362 1552 2663 1617 magnam
2703 1533 2771 1596 in
2820 1552 3097 1615 pronun-

702 1635 972 1699 tiatione
995 1656 1220 1700 versus
1262 1635 1540 1714 obtinet,
1579 1639 1672 1701 ita
1702 1637 2252 1722 interpretandum
2277 1637 2527 1701 iudico:
2570 1636 2855 1721 ‘Ignosce
2879 1636 3095 1715 nobis,

704 1742 816 1824 qui
876 1739 1124 1806 foedere
1171 1747 1474 1827 concepto
1524 1742 1677 1807 facti
1724 1745 1856 1807 iam
1905 1746 2149 1807 erimus
2198 1740 2355 1806 tuil'
2408 1742 2575 1822 Quid
2622 1747 2840 1806 autem
2888 1744 3099 1828 ignos-

703 1845 975 1911 cendum
1013 1848 1138 1911 sibi
1176 1849 1294 1922 sit,
1337 1848 1550 1913 verbis
1589 1868 1752 1933 quae
1795 1856 2151 1934 sequuntur
2190 1847 2474 1913 Achilles
2508 1869 2820 1933 exponere
2861 1850 3093 1933 pergit.

797 1953 895 2017 Ad
960 1975 1053 2017 vs.
1107 1951 1237 2017 939
1301 1975 1417 2039 pro
1483 1953 1729 2017 miserae
1791 1956 1895 2043 vir
1957 1953 2183 2019 doctus
2244 1955 2578 2038 proposuit
2623 1975 2808 2017 serae.
2861 1952 3095 2018 Vereor

709 2066 924 2126 tamen
971 2081 1049 2124 ne
1098 2057 1436 2142 ‘abripitur
1481 2079 1654 2123 serae
1702 2061 2053 2144 permissus
2101 2058 2407 2123 Achilles’
2458 2046 2502 2122 a‘
2534 2061 2846 2124 sermonis
2884 2057 3098 2122 Latini

710 2165 1169 2232 consuetudine
1209 2163 1492 2228 alienum
1535 2167 1652 2229 sit:
1696 2165 1822 2228 dici
1863 2169 2069 2249 potest
2107 2165 2444 2248 ‘abripitur
2467 2185 2605 2229 sero
2631 2164 3031 2244 (adverbium
3053 2161 3094 2245 l)

709 2273 1058 2357 permissus
1121 2268 1449 2345 Achilles’,
1522 2269 1632 2334 sed
1693 2269 2081 2333 adiectivum
2150 2272 2203 2333 si
2265 2272 2544 2354 ponitur,
2613 2271 3093 2334 substantivum

712 2375 898 2462 quale
947 2380 1044 2440 est
1087 2373 1265 2437 uxori
1312 2375 1580 2460 adiungi
1625 2382 1914 2460 oportere
1964 2375 2183 2452 credo,
2234 2381 2307 2439 ut
2356 2397 2452 2441 vs.
2502 2374 2624 2439 42:

983 2501 1019 2545 o
1067 2479 1262 2557 dolor,
1317 2501 1353 2544 o
1401 2483 1522 2545 seri
1569 2487 1861 2546 materno
1907 2483 1974 2545 in
2020 2480 2205 2546 corde
2250 2477 2552 2546 timores!

711 2587 928 2654 Lectio
989 2589 1198 2673 igitur
1259 2586 1492 2652 tradita
1550 2592 1664 2652 aut
1710 2590 1965 2673 integra
2009 2586 2422 2678 relinquenda
2471 2586 2725 2651 videtur
2767 2591 2881 2651 aut
2928 2590 3094 2651 certe

710 2715 837 2759 non
883 2695 1009 2757 isto
1052 2693 1247 2757 modo
1296 2692 1719 2758 sollicitanda.

802 2797 897 2862 De
935 2796 1182 2862 duobus
1220 2796 1376 2862 locis
1415 2797 1587 2862 haud
1626 2819 1863 2884 parvus
1901 2799 2267 2862 etiamnunc
2291 2800 2456 2862 mihi
2480 2796 2713 2862 residet
2734 2797 3094 2883 scrupuluS.

803 2902 1042 2968 Utrum
1089 2925 1186 2968 vs.
1236 2901 1366 2967 462
1413 2925 1527 2989 pro
1574 2904 1763 2981 avita,
1817 2924 1977 2989 quae
2026 2907 2122 2968 est
2168 2904 2483 2969 Puteanei
2536 2909 2834 2989 corrupta
2872 2903 3061 2969 lectio
3077 2951 3093 2982 ,

712 3008 1114 3073 scribendum
1166 3011 1251 3072 sit
1297 3009 1456 3088 avia,
1507 3008 1676 3093 quod
1724 3009 1853 3073 fere
1901 3015 2282 3087 recensetur,
2332 3029 2410 3074 an
2458 3010 2673 3086 ardua,
2724 3009 2895 3094 quod
2943 3007 3101 3073 Gar-

710 3113 824 3178 rod
869 3116 935 3177 in
982 3119 1290 3198 apparatu
1337 3112 1642 3198 protulit,
1690 3112 1866 3178 haud
1912 3117 2135 3200 magni
2178 3117 2464 3180 interest.
2514 3113 2685 3179 Illud
2732 3114 2957 3179 suadet
3001 3135 3101 3179 co-

713 3218 872 3283 dicis
920 3221 1151 3304 optimi
1200 3221 1518 3304 scriptura
1565 3225 1630 3284 et
1676 3219 1757 3284 II.
1816 3218 1977 3284 121:

982 3346 1337 3409 numquam
1388 3323 1497 3389 ille
1543 3323 1829 3389 imbellis
1878 3324 2108 3390 Ossaea
2154 3346 2289 3410 per
2335 3327 2522 3390 avia
2569 3325 2856 3390 dammas

985 3433 1248 3509 sectari,

710 3537 832 3602 hoc
881 3543 958 3600 *et
1021 3536 1246 3613 verba,
1308 3557 1468 3620 quae
1529 3540 1831 3602 continuo
1895 3541 2270 3621 sequuntur,
2334 3535 2610 3602 reddunt
2656 3535 2985 3622 probabile
3032 3540 3099 3602 et

711 3665 809 3709 νε.
864 3641 1030 3708 700:

984 3750 1120 3832 ipse
1167 3747 1420 3811 ardua
1467 3746 1589 3811 fido
1635 3769 1785 3812 cum
1832 3746 2143 3811 Diomede
2191 3749 2374 3831 petit.

712 3853 834 3919 Sed
880 3856 1140 3941 gravior
1187 3856 1472 3939 quaestio
1521 3859 1651 3929 est,
1702 3875 1861 3917 num
1908 3873 2002 3916 vs.
2046 3850 2177 3916 498
2224 3855 2365 3916 iure
2404 3851 2611 3916 editor
2648 3873 2763 3936 pro
2802 3851 3090 3925 recludes,

711 3960 876 4045 quod
923 3958 1187 4023 ,codices
1250 3958 1403 4022 dant
1458 3945 1711 4036 omnes,
1762 3957 2027 4021 recludis
2072 3957 2335 4021 dederit.
2385 3956 2779 4022 Protesilaus
2824 3956 2917 4020 ibi
2963 3953 3100 4022 Gal-

711 4066 1008 4130 chantem
1049 4072 1122 4128 ut
1162 4063 1430 4130 Achillis
1472 4063 1746 4128 latebras
1780 4065 2025 4147 aperiat
2059 4065 2344 4128 oratione
2379 4062 2669 4149 longiore
2702 4061 3076 4127 adhortatur

710 4173 779 4234 in
826 4192 951 4256 qua
998 4175 1062 4235 et
1110 4168 1235 4234 alia
1283 4177 1348 4236 et
1393 4171 1548 4234 haec
1598 4176 1783 4235 sunt:

1583 4275 1831 4361 quando
1881 4294 1989 4339 ora
2036 4273 2150 4338 deo
2198 4295 2484 4359 possessa
2531 4275 2823 4340 movebis

981 4385 1218 4446 iustius
1265 4389 1377 4447 aut
1424 4384 1812 4466 quianam
1861 4379 2209 4444 Parcarum
2257 4380 2505 4447 occulta
2551 4377 2984 4446 recludes?

711 4483 813 4549 Ita
861 4487 926 4547 in
979 4485 1302 4551 Puteaneo
1346 4484 1610 4570 legitur,
1661 4485 1771 4550 sed
1818 4485 1987 4571 quod
2033 4488 2101 4549 in
2148 4487 2323 4551 codd.
2374 4485 2578 4565 EKQ
2626 4493 2754 4550 est:
2806 4506 3093 4570 quaenam
