3392 5384
749 404 880 470 390
1606 424 2258 473 onssnvwmlvcumn

750 611 932 666 eum,
982 592 1094 674 qui
1142 590 1475 654 dominum
1524 611 1590 656 se
1636 590 1840 667 dicat,
1893 613 2017 656 non
2065 590 2402 668 heredem,
2455 590 2894 677 denegandam
2941 592 3146 655 fuisse

672 726 677 731 -
743 698 809 759 in
860 695 1278 761 hereditatem
1325 694 1493 783 legis
1542 697 1856 762 actionem
1888 695 1956 779 ¹),
2020 704 2364 782 postquam
2425 700 2626 762 etiam
2688 700 2908 762 minus
2969 704 3144 761 recte

745 802 1044 867 docuerat
1091 802 1269 867 Leist
1292 802 1365 883 ²),
1416 802 1722 867 adversus
1771 825 1955 882 eum,
2019 806 2129 889 qui
2189 804 2489 869 heredem
2556 825 2622 869 se
2684 809 2916 890 neget,
2970 803 3144 889 legis

744 912 1059 974 actionem
1109 908 1185 973 de
1232 908 1584 973 hereditate
1631 908 1915 975 deficere.
1989 910 2166 990 Quod
2214 910 2357 975 ideo
2403 909 2753 975 absurdum
2802 915 2936 987 est,
2985 912 3144 994 quia

742 1013 921 1081 nulla
959 1016 1185 1080 fuisset
1222 1036 1446 1093 causa,
1483 1014 1709 1099 quidni
1748 1015 2049 1080 similiter
2087 1016 2391 1082 adversus
2429 1037 2616 1095 eum,
2658 1018 2769 1101 qu'i
2792 1015 3140 1080 dominum

742 1142 809 1187 se
868 1125 1167 1207 negaret,
1231 1120 1397 1207 legis
1459 1122 1625 1185 actio
1690 1120 1768 1185 de
1834 1124 2218 1207 proprietate
2265 1122 2559 1187 deficeret
2595 1116 2665 1204 ³),
2714 1122 2981 1207 proinde
3032 1120 3141 1185 ad·
3205 1125 3214 1135 ’

741 1249 965 1293 versus
1011 1248 1193 1304 eum,
1243 1230 1355 1312 qui
1402 1229 1465 1291 et
1511 1227 1813 1292 heredem
1877 1250 1943 1293 se
2005 1235 2268 1315 negaret
2332 1230 2395 1293 et
2459 1229 2830 1306 dominum,
2896 1232 3134 1293 omnis.

742 1333 947 1413 Debet
1008 1342 1226 1398 autem
1286 1334 1936 1398 adversariuseadem
1985 1333 2224 1412 dicere,
2274 1357 2477 1419 quum
2525 1326 2878 1420 proprietas
2930 1337 3011 1400 ab
3061 1357 3137 1400 eo

740 1441 1139 1505 hereditasve
1187 1440 1572 1519 vindicetur,
1620 1462 1781 1517 non,
1835 1462 2034 1525 quum
2084 1442 2161 1505 ab
2203 1462 2276 1506 eo
2320 1441 2684 1506 vindicetur
2723 1442 3136 1505 ususfructus

682 1604 691 1613 .
746 1545 844 1613 vel
908 1549 1203 1611 servitus.
1267 1547 1434 1611 Nam
1499 1546 1848 1621 vindicanti
1897 1547 2379 1613 usumfructum
2428 1547 2530 1614 vel
2575 1550 2959 1613 servitutem
3008 1570 3138 1612 non

740 1660 949 1740 potest
995 1674 1309 1739 opponere
1335 1656 1473 1719 ‚nisi
1512 1656 1922 1739 negationem
1950 1662 2023 1733 4),
2066 1657 2214 1738 quia
2253 1656 2358 1719 hic
2399 1676 2521 1719 non
2563 1656 2892 1739 quaeritur
2915 1658 3132 1720 utrius

738 1764 825 1825 sit
885 1760 1290 1825 ususfructus
1352 1758 1458 1825 vel
1521 1762 1834 1838 servitus,
1898 1760 2044 1836 sed,
2109 1762 2195 1825 sit
2243 1782 2438 1825 necne
2486 1748 2590 1825 sit.
2642 1760 2849 1847 Ergo,
2902 1763 2957 1823 si
3005 1762 3134 1825 fuit

738 1864 874 1931 illis
940 1868 1341 1951 temporibus
1410 1867 1574 1931 actio
1638 1867 2050 1945 confessoria,
2115 1887 2239 1932 non
2302 1867 2494 1932 modo
2557 1867 2814 1953 paribus
2875 1867 3130 1945 verbis,

738 1973 848 2038 sed
893 1994 972 2037 ne
1020 1974 1230 2057 potuit
1279 1971 1540 2057 quidem
1590 1974 1850 2037 omnino
1898 1973 2188 2037 ordinata
2234 1994 2370 2039 esse
2417 1994 2529 2058 per
2564 1975 2949 2038 contrariam
2990 1976 3128 2038 vin-

741 2080 1156 2156 dicationem,
1220 2080 1601 2143 contrariam
1663 2078 2167 2143 vindicationem
2223 2081 2278 2143 si
2339 2077 2769 2165 intelligimus
2833 2078 3128 2143 adfirma-

738 2188 932 2251 tionis
970 2184 1412 2272 depulsionem
1451 2207 1565 2271 per
1604 2185 2133 2250 adfirmationem.
2179 2185 2277 2251 Ne
2316 2186 2600 2251 adsertor
2636 2186 2896 2270 quidem
2923 2187 3126 2249 eadem

738 2289 945 2357 dicere
984 2297 1229 2377 potest,
1272 2297 1488 2357 contra
1529 2298 1745 2357 tamen
1785 2291 2069 2357 vindicat
2110 2292 2414 2369 adsertor,
2441 2295 2590 2377 quia
2614 2291 3124 2357 adfirmationem

736 2420 847 2484 per
894 2398 1400 2464 adfirmationem
1440 2396 1715 2483 repellit.
1768 2396 2038 2463 Videtur
2075 2400 2250 2463 enim
2275 2399 2327 2479 5)
2367 2401 2458 2463 sic
2493 2398 2852 2464 intendere:
2898 2400 3126 2480 (hunc

737 2528 866 2586 eqo
926 2506 1302 2569 hominem
1364 2504 1702 2568 liberum
1765 2527 1932 2567 esse
1998 2505 2183 2584 aio).
2240 2504 2434 2569 Haud
2482 2507 2692 2591 magis
2739 2525 2936 2590 quam
2980 2528 3122 2571 con-

732 2613 1043 2691 fessoria,
1090 2614 1427 2697 negativa,
1494 2616 1636 2675 tum
1680 2613 1738 2675 si
1784 2632 1908 2696 qua
1952 2611 2112 2689 fuit,
2162 2632 2274 2696 per
2321 2613 2705 2676 contrariam
2752 2612 3125 2677 vindicatio-

734 2741 881 2783 nem
931 2718 1220 2783 ordinata
1266 2738 1401 2782 esse
1437 2719 1683 2803 potuit,
1729 2721 1879 2802 quia
1915 2719 2018 2783 ius
2060 2739 2282 2783 meum
2323 2720 2587 2805 neganti
2629 2718 2822 2783 debeo
2862 2718 3118 2802 quidem

732 2847 1043 2911 opponere
1090 2824 1631 2902 adfirmationem,
1680 2824 1790 2888 sed
1837 2827 1957 2889 erit
2004 2847 2076 2890 ea
2120 2827 2514 2911 negationis,
2562 2847 2690 2890 non
2737 2825 3121 2890 adfirmatio-

730 2932 866 3009 iiis,
906 2952 1019 3016 per
1055 2929 1563 2995 adfirmationem
1596 2929 1905 3015 depulsio.
1955 2930 2072 2995 Est
2095 2934 2302 3017 igitur
2325 2934 2674 2997 contrariae
2700 2931 3116 2997 vindicationi

730 3037 943 3117 locus,
995 3058 1198 3121 quum
1246 3042 1421 3101 actor
1466 3036 1533 3101 id
1582 3036 1898 3114 vindicet,
1951 3024 2118 3123 quod
2167 3043 2455 3117 maneat,
2505 3040 2627 3103 etsi
2666 3040 2803 3102 eius
2842 3059 2967 3102 non
3009 3039 3111 3115 sit,

727 3144 797 3208 id
858 3148 974 3208 est·
1002 3146 1458 3229 proprietatem
1508 3142 1614 3208 vel
1657 3144 2114 3221 hereditatem,
2162 3143 2357 3229 fitque
2405 3145 2722 3209 contraria
2768 3144 3109 3209 vindicatio

728 3243 955 3315 iisdem
1011 3249 1257 3327 verbis,
1322 3251 1448 3313 nisi
1491 3255 1710 3314 contra
1756 3249 2038 3314 vindicet
2083 3250 2386 3315 adsertor.
2437 3249 2574 3329 Quo
2619 3256 2804 3335 putat
2847 3250 3110 3315 Lotmar

727 3358 1041 3421 rationem
1087 3355 1331 3420 turbari
1356 3356 1442 3435 ὓ);
1500 3378 1612 3420 cur
1658 3358 1833 3420 enim
1881 3358 2106 3420 ceteris
2150 3338 2801 3441 imponi⁸iterationis
2850 3359 3112 3421 necessi*

728 3467 967 3539 tatem,
1046 3464 1100 3525 si
1171 3448 1477 3527 adsertori
1543 3459 1958 3527 remittatur?
2033 3462 2177 3527 Non
2250 3462 2734 3540 animadvertit,
2806 3461 3110 3528 adsertori

727 3569 890 3634 nihil
936 3590 1068 3633 esse
1114 3571 1477 3647 remissum,
1528 3570 1637 3634 sed
1683 3590 2042 3634 sermonem
2089 3571 2228 3633 eius
2275 3569 2354 3634 ad
2399 3571 2864 3634 controversiae
2904 3591 3107 3656 genus

795 3814 849 3873 1)
892 3828 969 3862 nso
1001 3812 1293 3875 vemeiqerte
1321 3811 1407 3860 der
1432 3810 1702 3874 Mayistrat
1728 3811 1854 3861 aeine
1881 3810 2193 3876 Mitwirkaemq
2221 3828 2309 3861 zur
2338 3812 2455 3876 legis
2493 3812 2620 3862 actio
2653 3812 2705 3862 in
2740 3813 3106 3865 hereditateffl.

794 3897 849 3959 2)
884 3894 1015 3953 Ser-ic
1048 3896 1134 3943 der
1168 3894 1361 3943 Bic’cker
1394 3893 1455 3945 37
1494 3895 1593 3943 und
1626 3896 1708 3954 38,
1743 3894 1768 3940 I
1803 3911 1850 3959 p.
1891 3895 1989 3943 240
2024 3896 2064 3955 (5
2087 3896 2167 3955 53)
2201 3893 2262 3942 ia.
2295 3911 2339 3959 p.
2371 3894 2527 3956 238s9
2557 3898 2598 3957 (§
2621 3896 2718 3957 52).
2749 3896 2821 3947 Cf.
2852 3896 3106 3961 Stintzing,

726 3978 957 4039 Beitriiqe
989 3978 1158 4039 (1901)
1190 3993 1234 4041 p.
1274 3975 1409 4041 7011.

791 4063 845 4125 3)
882 4060 990 4109 Hoc
1021 4075 1165 4124 quam
1200 4075 1285 4123 per
1318 4074 1367 4107 se
1400 4058 1464 4107 sit
1499 4057 1774 4118 absurdum,
1808 4059 1945 4107 docet
1978 4058 2202 4109 adversus
2232 4059 2530 4109 Fridolinum
2561 4060 2715 4109 Eisele
2746 4061 2958 4120 Lotmar,
2987 4062 3104 4111 krit.

722 4142 925 4191 Studien
958 4158 1005 4206 p.
1043 4143 1136 4190 165
1156 4156 1255 4205 sqq.

789 4226 844 4284 4)
892 4226 1236 4289 opponendam
1280 4222 1424 4273 fuisse
1457 4226 1649 4272 censent
1684 4224 1848 4272 Keller
1884 4223 2214 4289 (Civilprozaem
2246 4225 2417 4286 (1883)
2451 4241 2498 4289 p.
2534 4224 2624 4289 74)
2659 4227 2708 4273 et
2744 4224 2966 4275 Karlowa
3000 4226 3106 4289 (Oi-

720 4305 965 4369 viget-ozon
997 4306 1168 4367 (1872)
1202 4322 1249 4370 p.
1286 4306 1373 4369 91)
1409 4306 1560 4369 ipsam
1598 4306 1866 4370 negativam
1903 4306 2154 4355 actionem.

791 4388 844 4450 5)
881 4387 1051 4436 Ottoni
1090 4387 1331 4445 Karlowa,
1377 4388 1685 4451 Civilprozess
1721 4387 1890 4448 (1872)
1925 4405 1972 4453 p.
2009 4390 2090 4438 90.

790 4470 843 4532 6)
887 4471 985 4517 Zur
1029 4468 1147 4531 legis
1194 4468 1317 4518 actio
1366 4486 1411 4533 p.
1460 4470 1541 4522 70.
1588 4470 1915 4519 confessorias
1961 4475 2009 4519 et
2049 4470 2298 4535 negativae
2345 4471 2544 4521 actionis
2577 4470 2810 4523 rationem
2839 4470 3100 4522 habendam

720 4564 814 4598 non
846 4549 1037 4613 putavit
1069 4550 1142 4614 (p.
1178 4552 1301 4611 8s4).
