3392 5384
1390 421 1705 470 nolumus.
2658 403 2740 469 21

365 589 570 652 menti
630 587 1047 652 manifestum
1065 635 1082 665 ,
1146 588 1254 652 sed
1317 595 1429 652 aut
1488 610 1692 652 unum
1755 586 2155 671 alterumque
2216 587 2584 673 exemplum
2646 609 2749 652 ex-

370 695 573 777 cerpti
622 693 932 759 brevioris
978 699 1045 758 et
1089 693 1419 758 deterioris
1470 715 1503 757 e
1550 692 1813 758 scholiis
1858 691 2095 758 Donati
2140 693 2347 778 plenis
2393 702 2458 758 et
2502 694 2752 758 absolu-

368 801 487 876 tis,
555 779 669 862 aut
730 800 1135 883 repetitiones
1191 801 1394 883 ipsius
1443 799 1717 882 Donati,
1767 803 1880 863 aut
1923 797 2447 885 interpolationes
2493 800 2752 864 editoris

365 903 466 967 IP
526 909 591 968 et
656 903 942 969 eiusdem
988 903 1095 969 vel
1140 904 1415 969 aliorum
1459 908 1923 991 magistrorum
1969 907 2365 970 imitationes
2411 909 2749 972 tenuiores,

467 1157 473 1164 ·
540 1137 678 1222 §2
742 1137 1160 1224 Excerpta
1221 1144 1300 1204 et
1362 1139 1853 1224 compend-ia
1912 1141 1993 1202 in
2055 1138 2454 1204 Eunucho
2514 1146 2594 1204 et

1292 1245 1818 1308 Phormione.

462 1444 760 1510 Alterum
826 1448 1287 1531 repetitionum
1348 1467 1554 1531 genus
1614 1446 1842 1511 brevia
1904 1446 2290 1511 scholiorum
2353 1445 2590 1511 Donati
2652 1467 2752 1510 ex-

372 1556 587 1635 cerpta
655 1549 761 1615 vel
830 1552 1206 1637 compendia
1274 1572 1410 1616 esse
1478 1550 1764 1614 diximus
1825 1550 2226 1642 diversorum
2291 1557 2625 1616 auctorum
2688 1556 2753 1616 et

365 1657 557 1739 pretii
606 1655 863 1720 diversi.

457 1760 554 1824 Ab
617 1761 736 1824 hoc
791 1760 940 1825 inde
1000 1760 1139 1825 loco
1201 1781 1326 1824 non
1385 1763 1676 1825 omnium
1724 1759 2088 1825 fabularum
2135 1761 2408 1838 scholia,
2459 1761 2566 1826 sed
2610 1761 2751 1824 Eu-

364 1866 618 1929 nuchi
678 1871 933 1930 tantum
996 1872 1062 1930 et
1120 1865 1658 1931 Phormionis
1721 1887 2079 1952 persequar.
2143 1866 2213 1930 In
2272 1866 2453 1931 illius
2500 1865 2751 1931 fabulae

366 1970 624 2036 scholiis
671 1972 749 2036 ad
800 1971 831 2035 Ι
878 1977 942 2036 et
988 1970 1051 2035 II
1096 1972 1275 2037 nobis
1316 1972 1600 2056 proderit
1646 1971 2144 2037 Sabbadinii
2183 1976 2486 2050 recensio,
2527 1976 2594 2036 in
2633 1973 2751 2037 hac

362 2075 750 2161 peculiarem
813 2074 1208 2141 scholiorum
1270 2077 1702 2142 condicionem
1751 2077 1830 2141 ad
1877 2076 1939 2141 II
1987 2077 2175 2142 3-V
2219 2081 2286 2141 in
2333 2099 2599 2143 examen
2645 2099 2752 2143 νο-

364 2201 502 2245 care
553 2202 779 2266 operae
827 2184 1111 2266 pretium
1136 2185 1299 2248 erit.

456 2396 653 2462 Eun.
716 2398 880 2484 prol.
946 2399 1032 2462 10
1058 2420 1150 2483 ε(1.
1216 2399 1291 2463 111
1352 2400 1475 2465 fine
1538 2400 1927 2486 amplissimi
1989 2401 2214 2466 scholii
2275 2401 2616 2466 Donatiani
2675 2399 2752 2465 ad

364 2522 460 2566 vs.
508 2501 594 2566 10
639 2503 795 2567 haec
838 2503 1184 2589 leguntur:
1234 2525 1395 2590 quae
1436 2510 1652 2571 contra
1690 2512 1987 2571 naturam
2027 2509 2314 2592 iurisque
2353 2506 2755 2572 consuetudi-

362 2627 511 2671 nem
575 2609 783 2692 posita
844 2615 1228 2694 argumenta
1290 2616 1467 2675 notat
1530 2610 1899 2688 Terentius,
1963 2613 2130 2697 quod
2187 2611 2297 2678 ille
2344 2613 2495 2678 ordo
2539 2615 2752 2697 potior

360 2723 529 2789 erat,
595 2719 673 2776 ut
732 2713 1099 2778 adulescens
1144 2717 1319 2799 prior
1362 2723 1744 2800 proponeret
1790 2737 2047 2782 causam
2067 2766 2082 2795 ,
2133 2721 2245 2802 qui
2289 2721 2524 2803 petitor
2570 2717 2753 2782 indu-

360 2818 548 2881 citur.
2631 2881 2638 2888 .

449 2923 625 2988 Haec
684 2922 783 2995 IP
845 2925 923 2988 ad
986 2945 1082 2988 vs.
1136 2924 1216 2989 11
1266 2928 1357 2990 sic
1401 2925 1716 2992 reddidit:
1767 2927 1864 3008 (2)
1908 2928 2077 2994 Nam
2126 2950 2551 3014 possessorem
2597 2930 2750 2994 fecit

358 3031 640 3112 priorem
688 3051 875 3115 agere
925 3051 1121 3114 quam
1168 3033 1541 3115 petitorem,
1606 3033 1776 3117 quod
1837 3034 2133 3099 abhorret
2194 3056 2230 3099 a
2293 3034 2747 3099 consuetudine

360 3139 428 3198 et
472 3137 633 3199 iuris
680 3140 744 3199 et
789 3134 1033 3200 litium.
2406 3139 2470 3204 S.
2521 3161 2573 3203 c.
2608 3140 2654 3214 ¹)

449 3240 611 3305 Ibid.
675 3239 762 3305 27
790 3239 886 3321 (1)
950 3241 1338 3317 „Peccatum
1403 3243 1884 3326 imprudentia”
1947 3244 2016 3307 id
2075 3252 2170 3308 est
2224 3247 2624 3329 ignorantia,
2671 3249 2748 3308 ut

365 3345 781 3432 „imprudens
843 3346 1074 3411 harum
1137 3347 1397 3411 rerum'’
1463 3355 1582 3426 (vs.
1641 3347 1834 3424 136):
1897 3370 2026 3413 non
2088 3351 2261 3414 enim
2311 3335 2612 3414 stultitia.

364 3451 458 3532 (3)
521 3451 963 3537 Ignorantiam
984 3501 999 3529 ‚
1065 3473 1190 3516 non
1254 3455 1645 3538 imperitiam
1711 3455 2080 3539 <significat
2095 3453 2191 3531 Y).
2377 3453 2588 3520 Schol.
2653 3455 2751 3534 (1)

362 3557 599 3624 Donati
644 3564 741 3622 est
787 3579 936 3622 cum
981 3557 1417 3624 additamento
1466 3559 1729 3625 editoris
1776 3560 1909 3626 IP:
1963 3583 2132 3638 „non
2181 3565 2354 3626 enim
2401 3560 2750 3639 stultitia'',

361 3684 477 3747 pro
525 3685 651 3747 quo
700 3662 779 3728 D.
844 3663 1122 3729 dedisset
1172 3686 1339 3742 „non
1387 3663 1577 3730 dolo
1623 3665 1904 3733 malo''.
2090 3666 2187 3748 (3)
2235 3674 2607 3752 excerptum
2655 3673 2752 3732 est

362 3768 590 3834 scholii
638 3768 735 3848 (l)
785 3791 861 3834 ex
909 3770 1184 3835 editione
1231 3770 1330 3834 IP
1370 3771 1446 3850 2).
2369 3773 2464 3854 (3)
2511 3773 2575 3838 S.
2601 3795 2654 3837 c.

453 3871 484 3936 I
533 3872 595 3937 2.
624 3871 709 3937 59
735 3873 830 3954 (2)
854 3873 950 3955 (3)
974 3874 1091 3955 (4).
1139 3873 1235 3939 De
1278 3875 1383 3940 his
1427 3859 1666 3960 postea.

430 4178 483 4241 1)
517 4179 565 4228 S.
602 4194 641 4227 c.
686 4199 735 4220 =
776 4177 1031 4227 Sabbadini
1064 4177 1251 4228 cursive
1284 4178 1451 4237 edidit,
1485 4179 1531 4229 11.
1569 4195 1609 4228 e.
1641 4195 1670 4228 a
1707 4179 1897 4230 Donato
1930 4180 2232 4231 abiudicavit.
2786 4253 2792 4260 ι

424 4261 480 4324 2)
527 4260 819 4311 Huiusmodi
867 4263 1087 4325 excerpts
1136 4275 1194 4310 ex
1244 4261 1453 4310 editione
1498 4262 1592 4310 ism
1641 4262 1931 4328 interpolata
1975 4263 2033 4313 ab
2079 4265 2106 4312 1
2121 4265 2160 4313 P
2205 4266 2391 4314 stetisse
2435 4266 2661 4316 videntur
2695 4267 2746 4318 in

360 4341 576 4404 margine
621 4341 822 4390 alicuius
866 4341 1091 4391 editionis
1138 4341 1425 4401 fabularum,
1476 4359 1573 4406 qus
1605 4360 1718 4393 usus
1749 4345 1812 4393 sit
1846 4345 2159 4410 Compilator.
2193 4347 2296 4394 Nec
2328 4363 2424 4396 non
2459 4349 2637 4398 Donati
2671 4367 2748 4400 ex-

359 4426 523 4487 cerpta
566 4421 785 4471 breviora
832 4439 857 4471 e
902 4423 991 4472 tali
1038 4423 1171 4473 fonte
1215 4424 1404 4473 fluxisse
1449 4424 1711 4476 verisimile
1755 4433 1840 4487 est,
1876 4427 2026 4478 veluti
2059 4429 2187 4495 quod
2219 4429 2384 4480 statim
2416 4432 2632 4494 seqnitur
2663 4433 2748 4482 111

361 4503 408 4553 2.
430 4505 491 4552 18
517 4504 615 4568 (2).
