3392 5384
651 402 788 471 256
1192 400 1207 409 '
1226 498 1233 505 .
1701 423 1990 475 monus.

648 608 825 663 -ειος,
890 606 1007 650 eur
1067 584 1384 659 ἀηδόνιος
1448 588 1862 653 scribendum
1907 592 1993 654 sit
2039 592 2256 675 potius
2305 590 2476 676 apud
2521 594 2841 657 comicum
2891 598 3046 674 (tra-

648 694 944 778 gicorum
1006 695 1179 757 enim
1224 692 1351 758 alia
1400 699 1495 758 est
1540 695 1730 771 ratio)
1776 716 1971 779 quam
2021 731 2105 743 -
2154 695 2320 783 quod
2368 697 2682 762 traditum
2732 734 2818 747 --
2869 698 3046 772 ἀηδό-

651 823 887 877 νειος,
940 820 1042 864 me
1090 799 1281 865 latet:
1336 796 1516 863 ὕπνον
1565 800 1865 873 οὶνιδόνειον
1909 805 2003 867 ita
2052 802 2299 867 dictum
2345 805 2616 869 arbitror
2661 810 2737 870 ut
2785 805 3044 869 θάνατον

650 906 874 971 κύνειον
924 912 987 971 et
1034 904 1294 971 similia.
1347 906 1571 991 Itaque
1618 909 1710 971 sie
1757 909 2121 993 scripserim
2169 911 2616 993 potissimum:

920 1014 971 1077 εἷ
1020 1012 1328 1088 πεύσομαι
1381 1014 1482 1078 τὸν
1531 1013 1833 1087 ἀηδόνειον
1883 1015 2186 1098 <μόνον>
2237 1013 2414 1079 ὕπνον

920 1127 1029 1194 τῆς
1080 1120 1291 1191 νυκτὸς
1340 1119 1804 1199 ἁποόαρθόντα,
1853 1122 2080 1187 σαυτὸν
2129 1121 2325 1186 αἰτιῶ.

646 1225 815 1293 Cum
856 1226 1185 1291 Meinekio
1224 1226 1602 1310 Naberoque
1647 1227 2063 1311 expectabam
2105 1228 2354 1299 αὐτός
2400 1234 2546 1293 ante
2590 1229 2832 1308 σαυτόν,
2875 1230 3040 1314 quod

644 1337 861 1398 tamen
907 1333 1041 1397 sine
1088 1332 1289 1395 nimia
1339 1330 1651 1397 violentia
1698 1352 1820 1396 non
1871 1332 2131 1397 videtur
2175 1351 2358 1418 posse
2404 1336 2620 1400 inseri.

737 1520 911 1599 42,9
959 1554 1038 1580 =
1086 1520 1290 1586 Bekk.
1355 1519 1591 1585 Anecd.
1644 1519 1936 1598 352,23.
2005 1559 2089 1571 —
2163 1522 2483 1604 Ἀθήναζε.
2546 1523 2811 1589 Πλάτων
2880 1535 3041 1604 Παρ-

646 1627 855 1708 μενίδῃ
898 1626 1151 1707 (126α).

735 1735 891 1799 Post
956 1735 1220 1797 Πλάτων
1285 1733 1452 1817 quod
1513 1735 1581 1797 in
1641 1733 1846 1799 lexico
1911 1734 2304 1820 Segueriano
2352 1738 2644 1820 sequitur
2686 1737 3037 1802 absurdum

607 1841 1158 1907 ¹additamentum
1209 1842 1291 1903 ἕν-
1332 1841 1455 1903 ’οδ
1478 1841 1803 1922 veo-3145,
1843 1846 1908 1905 et
1947 1840 2290 1907 delendum
2331 1863 2464 1907 esse
2502 1848 2710 1928 patet,
2761 1852 2822 1908 et
2874 1842 3036 1908 olim

646 1950 757 2034 qui
829 1950 1153 2033 perspexit
1215 1947 1471 2012 Mehler
1532 1948 1881 2027 (Mnemos.
1951 1946 2124 2013 1855
2172 1970 2234 2033 p.
2289 1948 2469 2029 146),
2533 1956 2718 2015 acute
2766 1952 3038 2015 coniecit

646 2076 724 2119 ex
786 2054 909 2119 alia
970 2053 1219 2140 glossa:
1290 2051 1612 2134 ,,ο“ὶθυρμα·
1668 2062 1960 2133 Κρατῖνος
2011 2055 2084 2118 ἐν
2135 2055 2714 2121 Ὀδυσσεῦσιν”
2764 2057 2886 2121 huc
2931 2058 3039 2121 ab·

645 2180 903 2226 errasse.

735 2345 842 2421 43,
875 2344 959 2410 13
1008 2382 1087 2407 =
1136 2344 1339 2410 Bekk.
1381 2344 1618 2409 Aneed.
1670 2344 1822 2421 352,
1851 2344 1959 2409 20.
2013 2380 2096 2392 -
2165 2346 2423 2420 ἀθυμία.
2476 2343 2791 2424 Ἡρόδοτος
2839 2349 2900 2411 ἐν
2947 2348 3030 2423 τῷ

644 2450 689 2516 οὶ
738 2455 928 2517 αὐτοῦ
984 2451 1149 2530 λόγῳ
1198 2449 1339 2530 (37)
1390 2453 1496 2523 τὴν
1544 2453 1905 2529 οὶτυχίαν
1957 2453 2152 2529 λέγει.

735 2557 1209 2644 Corrigendum
1258 2560 1634 2637 ἀψυχίαν
1683 2558 1968 2638 (Naber).
2018 2595 2102 2607 -
2150 2558 2248 2623 En
2289 2580 2534 2623 novum
2575 2562 3034 2624 certissimum-

643 2684 765 2749 que
830 2664 1198 2749 exemplum
1258 2663 1625 2729 litterarum
1689 2674 1746 2727 T
1796 2673 1861 2729 et
1909 2674 1962 2728 Ψ
2016 2670 2550 2749 permutatarum.
2600 2665 2772 2745 Quae
2820 2668 2877 2730 si
2923 2667 3031 2729 eui

643 2772 838 2836 dubia
895 2772 1100 2836 videri
1160 2777 1370 2855 posset
1417 2770 1818 2847 emendat10‚
1867 2770 2230 2836 confirmari
2275 2778 2490 2855 posset
2537 2769 2769 2835 collata
2813 2770 3031 2857 glossa

642 2881 967 2965 proxima:
1018 2880 1311 2952 ἀθυμεῖν·
1364 2877 1461 2939 ἐπὶ
1512 2881 1616 2939 τοῦ
1667 2887 1756 2957 τῇ
1809 2883 2034 2957 ψυχῇ
2085 2879 2671 2942 καταπεπτωκέναι.

734 3066 911 3146 44,4
958 3104 1031 3128 =-..
1084 3065 1288 3131 Bekk.
1341 3065 1576 3137 Anecd.
1627 3063 1919 3142 360,10.
1985 3105 2073 3114 —
2139 3066 2342 3131 αἷαί.
2408 3067 2782 3131 ἀκόντιον
2825 3070 3027 3141 Ἀθή-

641 3199 820 3249 νη-σι
872 3174 1001 3238 καὶ
1054 3175 1122 3238 τὸ
1171 3179 1302 3253 (τοῦ
1354 3172 1633 3252 Βθῌςθτ)
1684 3174 1919 3237 Αἰακοῦ
1970 3172 2242 3247 τέμενος.

733 3282 991 3345 Primus
1051 3280 1203 3344 huie
1264 3278 1398 3344 loeo
1460 3278 1693 3373 lucem·
1725 3279 1948 3343 attulit
1996 3278 2196 3346 Cobet
2243 3278 2386 3345 Var.
2437 3280 2612 3346 Lesb,
2661 3302 2723 3365 p.
2774 3276 2883 3356 87,
2937 3282 3027 3343 sie

640 3391 995 3474 corrigens:
1040 3388 1461 3452 Λῖακεῒον·
1507 3386 1589 3450 τὸ
1632 3387 2002 3461 Ἀθήνησι
2049 3391 2152 3449 τοῦ
2183 3387 2413 3450 Αἰακοῦ
2441 3387 2713 3464 τέμενος.
2755 3384 3028 3451 Secutus

638 3503 732 3561 est
774 3495 1050 3571 Mehler‚
1098 3498 1210 3579 qui
1256 3496 1408 3557 duas
1452 3493 1697 3579 glossas
1749 3494 1942 3557 Αἶαία
1994 3500 2162 3565 νῆσος
2214 3500 2278 3557 et
2327 3496 2609 3558 Αἱακεῖον
2650 3492 3026 3558 confluxisse

638 3605 902 3667 coniecit
965 3601 1284 3665 Mnemos.
1360 3599 1529 3664 1855
1594 3622 1657 3685 p.
1709 3598 1816 3664 32.
1885 3600 2072 3663 Nune
2119 3598 2534 3686 probabiliter
2580 3602 2810 3663 statuii
2855 3598 3025 3661 Reit-

636 3711 919 3773 zenstein
948 3692 1083 3771 'tres
1127 3707 1314 3771 hasce
1363 3705 1607 3792 glossas
1655 3709 2005 3790 permixtas
2053 3726 2221 3771 esse:
2280 3705 2342 3785 1)
2385 3705 2556 3783 αἱαί,
2607 3704 2674 3784 2)
2716 3704 3021 3781 αἱγανέα·

638 3816 911 3880 ἀκόντιον
972 3821 1206 3892 (nonne
1270 3812 1646 3888 αἱγανέαι·
1713 3810 2087 3891 ἀκόντιαῗ),
2151 3818 2216 3877 et
2281 3814 2579 3888 tertiam,
2643 3832 2804 3896 quae
2853 3810 3022 3894 apud

636 3922 1039 4009 Hesychium
1088 3922 1189 3984 his
1236 3920 1449 3984 verbis
1496 3918 1741 4004 legitur
1788 3926 2123 4004 concepta:
2166 3920 2486 3983 Λίακεῒον·
2530 3916 2595 3983 οὗ
2635 3919 2831 3998 φασὶν
2877 3918 3024 3981 Λία-

638 4031 738 4094 κὸν
785 4029 1043 4099 οἰκῆσαι.

727 4198 835 4294 44,
869 4215 948 4280 15
996 4250 1076 4275 =
1122 4215 1327 4281 Bekk.
1393 4215 1628 4280 Aneod.
1684 4212 1974 4293 353,26.
2029 4254 2109 4264 -
2165 4214 2507 4295 azyaeaezm·
2557 4214 2692 4279 ἀντὶ
2745 4218 2849 4278 τοῦ
2899 4237 3019 4279 πε-

634 4325 941 4402 ριάγων
989 4330 1227 4387 λαλεῖν.

725 4430 848 4509 Qui
910 4450 1171 4498 verum.
1202 4429 1375 4506 περὶ
1444 4428 1699 4504 αἰγῶν
1769 4430 2020 4513 primus
2077 4428 2364 4493 restituit
2411 4448 2533 4491 non
2583 4426 2836 4491 Bekker
2884 4430 3015 4505 est,

631 4536 740 4601 sed
788 4536 941 4601 Bast
986 4539 1053 4600 in
1101 4534 1659 4601 Commentatione
1709 4533 2246 4621 Palaeographioa
2294 4556 2355 4619 p.
2408 4530 2540 4597 884
2590 4531 2871 4614 (Naber).
