3392 5384
741 405 785 468 4
1781 427 2088 476 nonnus.

734 589 1090 651 notationes
1153 589 1310 652 istae
1376 587 1644 666 Donati,
1710 592 1943 675 quibus
2006 591 2172 655 nihil
2234 594 2447 676 aptius
2508 614 2821 678 umquam
2870 595 3117 660 dictum

734 697 830 755 est
898 694 966 755 in
1034 698 1286 776 poetam
1358 699 1471 758 aut
1538 697 1972 780 ingeniosiuS,
2047 698 2284 782 partim
2369 700 2677 763 sermonis
2754 699 3120 765 Terentiani

733 799 1221 880 proprietatem,
1299 805 1549 883 partem
1617 800 1982 866 fabular-um
2054 805 2491 868 oeconomiam
2563 825 2634 868 ac
2704 826 3117 892 personarum

737 903 1107 975 Moxou'oevss'
2696 934 2703 940 ·

822 1007 1080 1086 Quoties
1127 1011 1334 1094 igitur
1377 1012 1561 1074 iuxta
1609 1014 1964 1076 notationes
2012 1011 2375 1098 elegantes,
2418 1017 2721 1092 sincerae,
2763 1015 3116 1101 pellucidae

731 1120 795 1177 et
857 1115 1168 1179 eruditas'
1197 1123 1501 1200 apparent
1565 1117 1805 1181 scholia
1868 1121 2207 1202 nugatoria
2271 1128 2334 1184 et
2394 1121 2648 1206 inepta,
2728 1122 2880 1186 haec
2940 1121 3118 1186 nulla

730 1222 1150 1286 haesitatione
1195 1221 1763 1307 interpolatoribus
1808 1223 2186 1308 imputanda
2232 1230 2405 1289 sunt.
2470 1225 2566 1289 Ex
2611 1227 2728 1291 hac
2774 1226 2954 1311 lege,
3004 1248 3117 1292 nec

729 1349 853 1391 non
894 1328 1100 1391 adiuti
1137 1327 1597 1412 particularum
1636 1327 2002 1412 aliquarum
2040 1332 2257 1415 inepta
2297 1330 2723 1415 adparitione,
2763 1335 2895 1396 iam
2937 1331 3115 1396 Sab-

730 1433 1015 1497 badini
1075 1435 1143 1496 in
1205 1433 1503 1498 Eunuchi
1565 1440 1686 1498 act.
1750 1433 1781 1496 I
1847 1439 1911 1498 et
1960 1433 2020 1497 ΙΙ
2069 1442 2134 1498 et
2182 1434 2669 1501 Wessnerus
2715 1439 2954 1522 passim
3000 1457 3112 1520 per

728 1543 943 1601 totum
1006 1550 1448 1603 commentum
1510 1538 1720 1602 multa
1766 1541 1985 1623 spuria
2027 1539 2597 1624 deprehenderunt.
2670 1540 2846 1606 Haec
2894 1546 3113 1606 autem

726 1663 950 1706 norma
1013 1646 1067 1707 si
1132 1665 1166 1708 a
1232 1647 1455 1729 peritis
1516 1643 1863 1728 prudenter
1911 1643 2272 1721 adhibetur,
2322 1646 2391 1709 in
2436 1645 2556 1710 hac
2602 1649 2871 1712 materia
2915 1666 3112 1732 aeque

725 1753 896 1812 certa
943 1755 1040 1812 est
1085 1755 1180 1813 est
1227 1757 1416 1833 atque
1449 1751 1523 1812 -in
1563 1769 1969 1813 summorum
2014 1751 2331 1834 pictorum
2372 1755 2436 1814 et
2474 1750 2775 1836 opificum
2816 1753 3111 1837 operibus

725 1855 802 1918 ab
850 1857 1259 1918 imitatorum
1306 1855 1765 1940 speciminibus
1812 1853 2259 1919 discernendis.
2568 1836 2575 1850 ⁵

816 1958 939 2023 Sed
987 1959 1244 2024 silentio
1292 1981 1579 2044 premere
1627 1981 1752 2024 non
1799 1959 1995 2024 debeo
2045 1981 2207 2044 quae
2255 1961 2998 2046 Wessnerusnnuper
3042 1965 3110 2026 in

726 2065 1095 2129 doctissima
1181 2066 1626 2130 dissertatione
1694 2065 1770 2130 de
1843 2063 2118 2130 Aemilio
2190 2068 2391 2151 Aspro
2475 2067 2552 2132 ad
2635 2050 3115 2152 infringendam=

726 2170 961 2236 Donati
1024 2173 1474 2236 auctoritatem
1537 2192 1685 2235 cum
1733 2171 1889 2236 alibi
1940 2177 2081 2236 tum
2128 2175 2503 2256 praesertim
2552 2195 2612 2258 p.
2665 2171 2749 2238 37
2798 2173 3107 2250 contulit,

725 2278 840 2342 ubi
885 2277 1204 2362 legimus:
1258 2276 1442 2353 „Nur
1485 2296 1614 2340 wer
1659 2276 1760 2340 die
1808 2274 2375 2361 Gepflogenkeiten
2424 2277 2536 2343 der
2583 2282 2877 2362 spateren
2912 2278 3108 2343 Kom-

724 2389 1122 2448 mentatoren
1183 2383 1416 2458 kennt,
1468 2383 1681 2458 weiss,
1736 2383 1855 2445 wie
1903 2381 1995 2445 oft
2042 2384 2133 2447 sie
2181 2383 2317 2447 sich
2363 2385 2487 2447 mit
2532 2383 2815 2448 fremden
2864 2383 3106 2448 Federn

723 2488 1149 2574 geschmiickt
1209 2487 1434 2564 haben,
1487 2535 1500 2550 .
1535 2536 1548 2551 .
1581 2535 1594 2552 .
1645 2508 1760 2551 um
1823 2487 1927 2550 die
1988 2489 2210 2572 eigene
2270 2491 2549 2574 geistige
2609 2491 2846 2554 Armut
2892 2489 3106 2552 hinter

725 2592 835 2657 der
894 2595 1232 2676 erborgten
1295 2591 1814 2658 Gelehrsamkeit
1876 2613 1954 2656 zu
2018 2594 2423 2672 verstccken;
2475 2594 2662 2660 sollte
2709 2615 2775 2658 es
2820 2594 2899 2659 da
2945 2602 3111 2659 etwa

724 2699 1103 2784 unmoglich
1167 2700 1323 2774 sein,
1387 2699 1529 2762 dass
1589 2697 1837 2774 Donat,
1890 2698 2000 2762 der
2044 2702 2278 2783 gewiss
2326 2701 2505 2764 nicht
2559 2701 2765 2764 besser
2810 2719 2942 2764 war
2988 2703 3111 2764 wie

724 2804 825 2868 die
888 2804 1179 2878 anderen,
1245 2806 1345 2868 ein
1407 2824 1533 2867 von
1595 2803 1802 2887 Asper
1864 2803 2342 2888 beigebrachtes
2388 2804 2559 2869 Zitat
2607 2805 2762 2868 dazu
2808 2805 3108 2882 benutzt,

722 2931 837 2974 um
899 2913 1033 2973 sein
1091 2911 1348 2994 eigenes
1408 2909 1597 2973 Licht
1662 2908 1808 2973 dem
1874 2909 2255 2974 beriihmten
2302 2909 2675 2996 Vorganger
2736 2912 3111 2996 gegeniiber

725 3035 840 3078 um
887 3036 955 3079 so
1005 3014 1209 3079 heller
1254 3015 1552 3079 leuchten
1597 3035 1676 3078 zu
1724 3014 1931 3078 lassen
1949 3012 2017 3078 ?’'

813 3121 888 3184 In
950 3120 1066 3185 hac
1129 3122 1441 3185 sententia
1501 3121 1621 3184 hoc
1682 3122 2060 3205 praesertim
2123 3118 2338 3205 aliqua
2399 3120 2661 3206 perfidia
2722 3143 2847 3186 non
2895 3127 3105 3204 caret,

720 3226 882 3311 quod
948 3226 1364 3291 confirmatur
1425 3229 1559 3290 iam
1624 3224 1952 3289 Donatum
2015 3228 2240 3289 ceteris
2302 3226 2635 3291 meliorem
2694 3248 2821 3290 non
2870 3227 3105 3304 fuisse,

720 3332 876 3396 dum
924 3333 1039 3397 hoc
1083 3335 1301 3417 ipsum
1345 3332 1412 3395 id
1459 3337 1593 3408 est,
1641 3331 1808 3415 quod
1856 3333 2033 3416 prius
2073 3337 2210 3396 erat
2247 3332 2666 3416 probandum.
2718 3329 3102 3398 Convicium

717 3439 888 3501 iusto
927 3440 1210 3521 iniquius
1252 3457 1415 3514 esse,
1456 3437 1638 3504 facile
1677 3436 1978 3500 concedet
2018 3439 2308 3521 quisquis
2351 3438 2773 3523 perpenderit,
2815 3439 3105 3522 primum

718 3563 936 3606 omues
984 3540 1449 3606 Grammaticos
1495 3548 1775 3618 veteres,
1827 3543 2021 3606 etiam
2073 3545 2353 3628 Asprum
2400 3550 2462 3608 et
2508 3545 2793 3609 Probum
2833 3546 3109 3607 anterio—

714 3668 864 3710 rum
905 3649 1101 3732 copiis
1142 3668 1290 3712 usos
1329 3668 1494 3724 esse,
1539 3668 1743 3730 neque
1781 3647 1848 3710 id
1889 3647 2178 3712 dedecori
2229 3648 2525 3712 habuisse
2574 3651 2629 3712 si
2670 3648 2935 3713 illorum
2975 3646 3102 3712 fide

715 3743 1072 3817 niterentur
1116 3758 1229 3816 aut
1275 3759 1563 3817 auctores
1611 3773 1759 3816 suos
1806 3773 1931 3816 non
1980 3753 2231 3816 assidue
2276 3752 2629 3817 indicarent
2650 3774 2666 3830 ;
2717 3755 2832 3817 hos
2880 3759 3101 3817 tamen

713 3857 1002 3922 Donatus
1050 3881 1177 3922 non
1217 3857 1682 3935 dissimulavit,
1727 3879 1877 3922 cum
1914 3858 2202 3923 Probum
2239 3859 2495 3934 novies,
2537 3859 2818 3944 Asprum
2857 3862 2954 3920 ter
2989 3877 3106 3920 no—

714 3965 1016 4027 minatim
1061 3965 1358 4028 citaverit
1373 3985 1390 4042 3
1445 3971 1590 4028 tum
1637 3965 1925 4047 quisquis
1972 3964 2092 4028 hoc
2142 3984 2265 4027 non
2315 3965 2632 4038 omiserit,
2676 3962 3106 4026 Wessneri

712 4072 1177 4146 coniecturam,
1221 4068 1546 4133 Donatum
1585 4068 1816 4134 Naevii
1856 4068 2203 4152 Plautique
2242 4066 2487 4131 fabulas
2529 4067 2812 4152 aliosque
2852 4072 3105 4131 veteres

713 4197 836 4239 non
897 4177 1117 4260 ipsum
1175 4178 1560 4259 inspexisse,
1611 4175 1719 4238 sed
1768 4195 1844 4238 ex
1894 4176 2099 4258 Aspro
2150 4173 2254 4238 vel
2299 4173 2506 4237 Probo
2556 4174 2815 4248 citasse,
2867 4191 3107 4254 nequa-

714 4299 904 4362 quam
967 4288 1207 4344 certam
1269 4301 1434 4357 esse,
1487 4316 1571 4328 -
1619 4300 1775 4343 nam
1829 4278 1999 4363 quod
2039 4277 2281 4342 ibidem
2327 4277 2642 4362 legimus:
2695 4276 3101 4359 „Uebrigeus

713 4389 949 4448 wusste
992 4387 1097 4450 ich
1149 4390 1324 4450 sonst
1362 4386 1742 4465 auch-nicht
1786 4384 2337 4468 anzugeben,·wie
2379 4383 2454 4447 D.
2497 4383 2720 4447 anders
2762 4380 2854 4445 als
2895 4379 3101 4444 durch

715 4491 886 4554 seine
941 4488 1314 4575 Vorganger
1361 4512 1438 4554 zu
1485 4489 1770 4556 Naevius
1815 4488 2084 4574 gelangt
2130 4491 2265 4552 sein
2313 4487 2541 4552 sollte''
2594 4491 2703 4552 vix
2750 4507 2863 4572 pro
2912 4506 3108 4571 argu—
