<?xml version="1.0" encoding="UTF-8"?>
<!DOCTYPE html PUBLIC "-//W3C//DTD XHTML 1.0 Transitional//EN"
    "http://www.w3.org/TR/xhtml1/DTD/xhtml1-transitional.dtd">
<html xmlns="http://www.w3.org/1999/xhtml" xml:lang="en" lang="en">
 <head>
  <title>
</title>
<meta http-equiv="Content-Type" content="text/html;charset=utf-8" />
  <meta name='ocr-system' content='tesseract 3.04.00' />
  <meta name='ocr-capabilities' content='ocr_page ocr_carea ocr_par ocr_line ocrx_word'/>
</head>
<body>
  <div class='ocr_page' id='page_1' title='image "./mnemosynebiblio13servgoog_0276.png"; bbox 0 0 3392 5384; ppageno 0'>
   <div class='ocr_carea' id='block_1_1' title="bbox 639 401 1971 477">
    <p class='ocr_par' dir='ltr' id='par_1_1' title="bbox 639 401 1971 477">
     <span class='ocr_line' id='line_1_1' title="bbox 639 401 1971 477; baseline 0.002 -8"><span class='ocrx_word' id='word_1_1' title='bbox 639 401 772 469; x_wconf 88' lang='grc'>264</span> <span class='ocrx_word' id='word_1_2' title='bbox 1683 421 1971 477; x_wconf 64' lang='lat' dir='ltr'>moruus.</span> 
     </span>
    </p>
   </div>
   <div class='ocr_carea' id='block_1_2' title="bbox 731 585 2599 780">
    <p class='ocr_par' dir='ltr' id='par_1_2' title="bbox 731 585 2599 780">
     <span class='ocr_line' id='line_1_2' title="bbox 734 585 1569 665; baseline -0.001 -13"><span class='ocrx_word' id='word_1_3' title='bbox 734 586 841 665; x_wconf 87' lang='lat'>90,</span> <span class='ocrx_word' id='word_1_4' title='bbox 869 585 979 651; x_wconf 81' lang='grc'>26.</span> <span class='ocrx_word' id='word_1_5' title='bbox 1031 624 1116 636; x_wconf 97' lang='grc'><strong>-</strong></span> <span class='ocrx_word' id='word_1_6' title='bbox 1166 586 1392 663; x_wconf 81' lang='grc' dir='ltr'><strong><em>ἀμέλει</em></strong></span> <span class='ocrx_word' id='word_1_7' title='bbox 1441 587 1569 651; x_wconf 82' lang='grc' dir='ltr'>κτέ.</span> 
     </span>
     <span class='ocr_line' id='line_1_3' title="bbox 731 692 2599 780; baseline -0.002 -17"><span class='ocrx_word' id='word_1_8' title='bbox 731 693 973 763; x_wconf 82' lang='lat' dir='ltr'>Eadem</span> <span class='ocrx_word' id='word_1_9' title='bbox 1019 692 1155 780; x_wconf 84' lang='lat' dir='ltr'>legi</span> <span class='ocrx_word' id='word_1_10' title='bbox 1203 693 1408 759; x_wconf 85' lang='lat' dir='ltr'>Bekk.</span> <span class='ocrx_word' id='word_1_11' title='bbox 1459 692 1693 761; x_wconf 87' lang='lat' dir='ltr'>Aneod.</span> <span class='ocrx_word' id='word_1_12' title='bbox 1746 692 1901 773; x_wconf 90' lang='grc'><strong>214,</strong></span> <span class='ocrx_word' id='word_1_13' title='bbox 1928 692 2015 759; x_wconf 91' lang='grc'>22</span> <span class='ocrx_word' id='word_1_14' title='bbox 2064 698 2325 760; x_wconf 87' lang='lat' dir='ltr'>annotat</span> <span class='ocrx_word' id='word_1_15' title='bbox 2369 693 2599 761; x_wconf 88' lang='lat' dir='ltr'>Naber.</span> 
     </span>
    </p>
   </div>
   <div class='ocr_carea' id='block_1_3' title="bbox 638 910 3032 1425">
    <p class='ocr_par' dir='ltr' id='par_1_3' title="bbox 640 910 3032 1212">
     <span class='ocr_line' id='line_1_4' title="bbox 733 910 3030 993; baseline 0.001 -16"><span class='ocrx_word' id='word_1_16' title='bbox 733 911 840 992; x_wconf 83' lang='lat'>91,</span> <span class='ocrx_word' id='word_1_17' title='bbox 872 910 908 979; x_wconf 87' lang='lat'>&#39;7</span> <span class='ocrx_word' id='word_1_18' title='bbox 957 942 1038 968; x_wconf 91' lang='lat'>=</span> <span class='ocrx_word' id='word_1_19' title='bbox 1086 912 1324 978; x_wconf 86' lang='lat' dir='ltr'>Aneod.</span> <span class='ocrx_word' id='word_1_20' title='bbox 1378 912 1579 978; x_wconf 84' lang='lat' dir='ltr'>Bekk.</span> <span class='ocrx_word' id='word_1_21' title='bbox 1633 910 1903 991; x_wconf 85' lang='grc'><strong>387,18</strong></span> <span class='ocrx_word' id='word_1_22' title='bbox 1952 942 2032 967; x_wconf 95' lang='lat'>=</span> <span class='ocrx_word' id='word_1_23' title='bbox 2078 911 2255 978; x_wconf 80' lang='lat' dir='ltr'>Suid.</span> <span class='ocrx_word' id='word_1_24' title='bbox 2312 949 2395 962; x_wconf 92' lang='lat'>—-</span> <span class='ocrx_word' id='word_1_25' title='bbox 2444 914 2789 992; x_wconf 72' lang='grc' dir='ltr'><strong><em>ἀμήρυτον·</em></strong></span> <span class='ocrx_word' id='word_1_26' title='bbox 2841 913 3030 993; x_wconf 76' lang='grc' dir='ltr'><strong><em>πολύ,</em></strong></span> 
     </span>
     <span class='ocr_line' id='line_1_5' title="bbox 642 1017 3032 1099; baseline 0.001 -17"><span class='ocrx_word' id='word_1_27' title='bbox 642 1018 1069 1097; x_wconf 76' lang='grc' dir='ltr'><strong><em>ἐκτεταμένον,</em></strong></span> <span class='ocrx_word' id='word_1_28' title='bbox 1121 1020 1477 1097; x_wconf 81' lang='grc' dir='ltr'><strong><em>ἀτέλεστον,</em></strong></span> <span class='ocrx_word' id='word_1_29' title='bbox 1528 1020 1810 1083; x_wconf 82' lang='grc' dir='ltr'><strong><em>τουτέστι</em></strong></span> <span class='ocrx_word' id='word_1_30' title='bbox 1858 1017 2132 1094; x_wconf 74' lang='grc' dir='ltr'>διηνεκῶς</span> <span class='ocrx_word' id='word_1_31' title='bbox 2182 1018 2481 1098; x_wconf 77' lang='grc' dir='ltr'><strong><em>ἕπιμένον,</em></strong></span> <span class='ocrx_word' id='word_1_32' title='bbox 2523 1020 2886 1099; x_wconf 73' lang='grc' dir='ltr'><strong><em>ἀπέραντον.</em></strong></span> <span class='ocrx_word' id='word_1_33' title='bbox 2932 1020 3032 1087; x_wconf 83' lang='lat' dir='ltr'>Ex</span> 
     </span>
     <span class='ocr_line' id='line_1_6' title="bbox 640 1124 2527 1212; baseline 0.002 -23"><span class='ocrx_word' id='word_1_34' title='bbox 640 1125 853 1210; x_wconf 91' lang='lat' dir='ltr'><strong>Apoll.</strong></span> <span class='ocrx_word' id='word_1_35' title='bbox 902 1124 1108 1191; x_wconf 90' lang='lat' dir='ltr'>Rhod.</span> <span class='ocrx_word' id='word_1_36' title='bbox 1156 1124 1220 1189; x_wconf 95' lang='lat' dir='ltr'>II</span> <span class='ocrx_word' id='word_1_37' title='bbox 1265 1124 1396 1191; x_wconf 85' lang='grc'>221</span> <span class='ocrx_word' id='word_1_38' title='bbox 1450 1125 1747 1191; x_wconf 90' lang='lat' dir='ltr'>desumta</span> <span class='ocrx_word' id='word_1_39' title='bbox 1792 1127 1947 1190; x_wconf 82' lang='lat' dir='ltr'>haec</span> <span class='ocrx_word' id='word_1_40' title='bbox 1990 1124 2206 1212; x_wconf 79' lang='lat' dir='ltr'>glossa</span> <span class='ocrx_word' id='word_1_41' title='bbox 2249 1126 2527 1192; x_wconf 82' lang='lat' dir='ltr'>videtur.</span> 
     </span>
    </p>

    <p class='ocr_par' dir='ltr' id='par_1_4' title="bbox 638 1231 3030 1425">
     <span class='ocr_line' id='line_1_7' title="bbox 729 1231 3030 1313; baseline -0 -15"><span class='ocrx_word' id='word_1_42' title='bbox 729 1232 943 1298; x_wconf 89' lang='lat' dir='ltr'>Naber</span> <span class='ocrx_word' id='word_1_43' title='bbox 983 1232 1226 1297; x_wconf 79' lang='lat' dir='ltr'><strong>confert</strong></span> <span class='ocrx_word' id='word_1_44' title='bbox 1271 1232 1506 1298; x_wconf 88' lang='lat' dir='ltr'>Aneod.</span> <span class='ocrx_word' id='word_1_45' title='bbox 1551 1231 1754 1298; x_wconf 85' lang='lat' dir='ltr'>Bekk.</span> <span class='ocrx_word' id='word_1_46' title='bbox 1798 1231 1906 1311; x_wconf 89' lang='grc'>20,</span> <span class='ocrx_word' id='word_1_47' title='bbox 1936 1232 2044 1311; x_wconf 88' lang='lat'>30,</span> <span class='ocrx_word' id='word_1_48' title='bbox 2085 1233 2198 1298; x_wconf 90' lang='lat' dir='ltr'>ubi</span> <span class='ocrx_word' id='word_1_49' title='bbox 2236 1231 2477 1299; x_wconf 81' lang='lat' dir='ltr'>locutio</span> <span class='ocrx_word' id='word_1_50' title='bbox 2516 1234 2816 1313; x_wconf 74' lang='grc' dir='ltr'><strong><em>ἀμήρυτοι</em></strong></span> <span class='ocrx_word' id='word_1_51' title='bbox 2860 1232 3030 1312; x_wconf 78' lang='grc' dir='ltr'><strong><em>λόγοι</em></strong></span> 
     </span>
     <span class='ocr_line' id='line_1_8' title="bbox 638 1337 1367 1425; baseline 0 -22"><span class='ocrx_word' id='word_1_52' title='bbox 638 1337 936 1425; x_wconf 86' lang='lat' dir='ltr'>pluribus</span> <span class='ocrx_word' id='word_1_53' title='bbox 981 1337 1367 1404; x_wconf 86' lang='lat' dir='ltr'>illustratur.</span> 
     </span>
    </p>
   </div>
   <div class='ocr_carea' id='block_1_4' title="bbox 637 1555 3047 2605">
    <p class='ocr_par' dir='ltr' id='par_1_5' title="bbox 639 1555 3039 1745">
     <span class='ocr_line' id='line_1_9' title="bbox 733 1555 3039 1645; baseline 0 -22"><span class='ocrx_word' id='word_1_54' title='bbox 733 1558 839 1637; x_wconf 87' lang='lat'>94,</span> <span class='ocrx_word' id='word_1_55' title='bbox 868 1558 930 1624; x_wconf 86' lang='lat'>3.</span> <span class='ocrx_word' id='word_1_56' title='bbox 981 1595 1067 1607; x_wconf 90' lang='lat'>-</span> <span class='ocrx_word' id='word_1_57' title='bbox 1116 1558 1333 1635; x_wconf 76' lang='grc' dir='ltr'><strong><em>ἀμνίον</em></strong></span> <span class='ocrx_word' id='word_1_58' title='bbox 1379 1562 1447 1624; x_wconf 85' lang='lat' dir='ltr'>et</span> <span class='ocrx_word' id='word_1_59' title='bbox 1493 1555 1620 1623; x_wconf 89' lang='lat' dir='ltr'>alia</span> <span class='ocrx_word' id='word_1_60' title='bbox 1665 1557 2026 1645; x_wconf 80' lang='lat' dir='ltr'>sig-nificare</span> <span class='ocrx_word' id='word_1_61' title='bbox 2072 1579 2253 1645; x_wconf 87' lang='lat' dir='ltr'>posse</span> <span class='ocrx_word' id='word_1_62' title='bbox 2302 1558 2539 1625; x_wconf 82' lang='lat' dir='ltr'>dicitur</span> <span class='ocrx_word' id='word_1_63' title='bbox 2581 1565 2645 1624; x_wconf 86' lang='lat' dir='ltr'>et-</span> <span class='ocrx_word' id='word_1_64' title='bbox 2682 1556 2753 1623; x_wconf 78' lang='grc' dir='ltr'><strong><em>τὸ</em></strong></span> <span class='ocrx_word' id='word_1_65' title='bbox 2796 1572 3039 1632; x_wconf 76' lang='grc' dir='ltr'><strong><em>πεπλη-</em></strong></span> 
     </span>
     <span class='ocr_line' id='line_1_10' title="bbox 639 1664 1701 1745; baseline 0.001 -16"><span class='ocrx_word' id='word_1_66' title='bbox 639 1667 893 1745; x_wconf 78' lang='grc' dir='ltr'><strong><em>ρωμένον</em></strong></span> <span class='ocrx_word' id='word_1_67' title='bbox 943 1667 1206 1743; x_wconf 85' lang='grc' dir='ltr'><strong><em>ἀγγεῖον</em></strong></span> <span class='ocrx_word' id='word_1_68' title='bbox 1249 1664 1701 1740; x_wconf 76' lang='grc' dir='ltr'><strong><em>θοιλάσσης.</em></strong></span> 
     </span>
    </p>

    <p class='ocr_par' dir='ltr' id='par_1_6' title="bbox 637 1769 3047 2500">
     <span class='ocr_line' id='line_1_11' title="bbox 731 1769 3039 1860; baseline 0 -22"><span class='ocrx_word' id='word_1_69' title='bbox 731 1773 1036 1860; x_wconf 77' lang='lat' dir='ltr'>Spectant</span> <span class='ocrx_word' id='word_1_70' title='bbox 1082 1774 1237 1839; x_wconf 82' lang='lat' dir='ltr'>haee</span> <span class='ocrx_word' id='word_1_71' title='bbox 1285 1773 1556 1839; x_wconf 83' lang='lat' dir='ltr'>Homeri</span> <span class='ocrx_word' id='word_1_72' title='bbox 1600 1794 1864 1839; x_wconf 87' lang='lat' dir='ltr'>versum</span> <span class='ocrx_word' id='word_1_73' title='bbox 1912 1797 1956 1850; x_wconf 91' lang='grc' dir='ltr'><strong><em>γ</em></strong></span> <span class='ocrx_word' id='word_1_74' title='bbox 1986 1772 2149 1839; x_wconf 89' lang='lat'>444:</span> <span class='ocrx_word' id='word_1_75' title='bbox 2202 1774 2466 1855; x_wconf 79' lang='grc' dir='ltr'><strong><em>Περσεὺς</em></strong></span> <span class='ocrx_word' id='word_1_76' title='bbox 2514 1775 2567 1840; x_wconf 73' lang='grc' dir='ltr'>δ’</span> <span class='ocrx_word' id='word_1_77' title='bbox 2611 1772 2828 1853; x_wconf 71' lang='grc' dir='ltr'><strong><em>ἀμνίον</em></strong></span> <span class='ocrx_word' id='word_1_78' title='bbox 2871 1769 3039 1854; x_wconf 73' lang='grc' dir='ltr'><strong><em>εἶχε.</em></strong></span> 
     </span>
     <span class='ocr_line' id='line_1_12' title="bbox 637 1872 3047 1968; baseline 0.001 -24"><span class='ocrx_word' id='word_1_79' title='bbox 637 1880 974 1967; x_wconf 80' lang='lat' dir='ltr'>Integrum</span> <span class='ocrx_word' id='word_1_80' title='bbox 1022 1886 1243 1945; x_wconf 87' lang='lat' dir='ltr'>autem</span> <span class='ocrx_word' id='word_1_81' title='bbox 1290 1882 1345 1945; x_wconf 90' lang='lat' dir='ltr'>si</span> <span class='ocrx_word' id='word_1_82' title='bbox 1386 1885 1484 1945; x_wconf 86' lang='lat' dir='ltr'>est</span> <span class='ocrx_word' id='word_1_83' title='bbox 1522 1880 1837 1954; x_wconf 62' lang='grc' dir='ltr'>θαλάσσης</span> <span class='ocrx_word' id='word_1_84' title='bbox 1864 1929 1880 1957; x_wconf 96' lang='grc'><strong>,</strong></span> <span class='ocrx_word' id='word_1_85' title='bbox 1923 1880 2098 1945; x_wconf 87' lang='lat' dir='ltr'>fuere</span> <span class='ocrx_word' id='word_1_86' title='bbox 2139 1882 2251 1966; x_wconf 87' lang='lat' dir='ltr'>qui</span> <span class='ocrx_word' id='word_1_87' title='bbox 2288 1880 2542 1968; x_wconf 81' lang='lat' dir='ltr'>pelvem</span> <span class='ocrx_word' id='word_1_88' title='bbox 2580 1902 2745 1967; x_wconf 89' lang='lat' dir='ltr'>aqua</span> <span class='ocrx_word' id='word_1_89' title='bbox 2787 1872 3047 1947; x_wconf 72' lang='lat' dir='ltr'>marina‘</span> 
     </span>
     <span class='ocr_line' id='line_1_13' title="bbox 639 1986 3041 2079; baseline 0 -27"><span class='ocrx_word' id='word_1_90' title='bbox 639 1986 951 2073; x_wconf 78' lang='lat' dir='ltr'>repletam</span> <span class='ocrx_word' id='word_1_91' title='bbox 1016 1987 1326 2079; x_wconf 87' lang='lat' dir='ltr'>Perseum</span> <span class='ocrx_word' id='word_1_92' title='bbox 1389 1989 1673 2053; x_wconf 88' lang='lat' dir='ltr'>tenuisse</span> <span class='ocrx_word' id='word_1_93' title='bbox 1735 1987 2165 2072; x_wconf 77' lang='lat' dir='ltr'>perhiberent.</span> <span class='ocrx_word' id='word_1_94' title='bbox 2231 1987 2411 2068; x_wconf 81' lang='lat' dir='ltr'>Quod</span> <span class='ocrx_word' id='word_1_95' title='bbox 2472 2010 2622 2053; x_wconf 91' lang='lat' dir='ltr'>oum</span> <span class='ocrx_word' id='word_1_96' title='bbox 2668 2008 2900 2073; x_wconf 87' lang='lat' dir='ltr'>parum</span> <span class='ocrx_word' id='word_1_97' title='bbox 2946 1990 3041 2052; x_wconf 88' lang='lat' dir='ltr'>sit</span> 
     </span>
     <span class='ocr_line' id='line_1_14' title="bbox 637 2092 3035 2179; baseline 0.001 -20"><span class='ocrx_word' id='word_1_98' title='bbox 637 2092 974 2172; x_wconf 83' lang='lat' dir='ltr'>credibile,</span> <span class='ocrx_word' id='word_1_99' title='bbox 1026 2093 1403 2179; x_wconf 87' lang='lat' dir='ltr'>compendio</span> <span class='ocrx_word' id='word_1_100' title='bbox 1450 2099 1670 2159; x_wconf 90' lang='lat' dir='ltr'>autem</span> <span class='ocrx_word' id='word_1_101' title='bbox 1714 2095 1868 2157; x_wconf 76' lang='grc' dir='ltr'>θαλ·</span> <span class='ocrx_word' id='word_1_102' title='bbox 1900 2096 2141 2179; x_wconf 83' lang='lat' dir='ltr'>scripta</span> <span class='ocrx_word' id='word_1_103' title='bbox 2178 2096 2262 2159; x_wconf 86' lang='lat' dir='ltr'>sit</span> <span class='ocrx_word' id='word_1_104' title='bbox 2301 2116 2429 2160; x_wconf 82' lang='lat' dir='ltr'>vox</span> <span class='ocrx_word' id='word_1_105' title='bbox 2466 2096 2537 2158; x_wconf 86' lang='lat' dir='ltr'>in</span> <span class='ocrx_word' id='word_1_106' title='bbox 2572 2093 2775 2161; x_wconf 85' lang='lat' dir='ltr'>altero</span> <span class='ocrx_word' id='word_1_107' title='bbox 2814 2092 3035 2161; x_wconf 78' lang='lat' dir='ltr'>codice</span> 
     </span>
     <span class='ocr_line' id='line_1_15' title="bbox 640 2197 3037 2286; baseline 0 -21"><span class='ocrx_word' id='word_1_108' title='bbox 640 2205 702 2265; x_wconf 86' lang='lat' dir='ltr'>et</span> <span class='ocrx_word' id='word_1_109' title='bbox 759 2202 1012 2286; x_wconf 87' lang='lat' dir='ltr'>saepius</span> <span class='ocrx_word' id='word_1_110' title='bbox 1075 2201 1144 2264; x_wconf 90' lang='lat' dir='ltr'>in</span> <span class='ocrx_word' id='word_1_111' title='bbox 1207 2202 1445 2266; x_wconf 85' lang='lat' dir='ltr'>vicinia</span> <span class='ocrx_word' id='word_1_112' title='bbox 1507 2197 1644 2280; x_wconf 89' lang='lat'><strong>(95,</strong></span> <span class='ocrx_word' id='word_1_113' title='bbox 1673 2198 1760 2264; x_wconf 90' lang='grc'>26</span> <span class='ocrx_word' id='word_1_114' title='bbox 1811 2206 1876 2264; x_wconf 87' lang='lat' dir='ltr'>et</span> <span class='ocrx_word' id='word_1_115' title='bbox 1924 2198 2029 2277; x_wconf 87' lang='lat'>99,</span> <span class='ocrx_word' id='word_1_116' title='bbox 2060 2199 2149 2280; x_wconf 83' lang='lat'>9),</span> <span class='ocrx_word' id='word_1_117' title='bbox 2198 2199 2375 2266; x_wconf 88' lang='lat' dir='ltr'>aliud</span> <span class='ocrx_word' id='word_1_118' title='bbox 2421 2199 2620 2267; x_wconf 88' lang='lat' dir='ltr'>latere</span> <span class='ocrx_word' id='word_1_119' title='bbox 2668 2203 3037 2285; x_wconf 79' lang='lat' dir='ltr'>suspicatur</span> 
     </span>
     <span class='ocr_line' id='line_1_16' title="bbox 638 2305 3035 2392; baseline -0 -20"><span class='ocrx_word' id='word_1_120' title='bbox 638 2306 868 2385; x_wconf 86' lang='lat' dir='ltr'>Naber,</span> <span class='ocrx_word' id='word_1_121' title='bbox 913 2306 1344 2385; x_wconf 74' lang='grc' dir='ltr'><strong><em>γάλακτος</em></strong></span> <span class='ocrx_word' id='word_1_122' title='bbox 1388 2326 1746 2392; x_wconf 90' lang='lat' dir='ltr'>proponens</span> <span class='ocrx_word' id='word_1_123' title='bbox 1786 2305 2175 2372; x_wconf 82' lang='lat' dir='ltr'>dubitanter.</span> <span class='ocrx_word' id='word_1_124' title='bbox 2232 2306 2551 2391; x_wconf 86' lang='lat' dir='ltr'>Equidem</span> <span class='ocrx_word' id='word_1_125' title='bbox 2588 2305 2818 2373; x_wconf 84' lang='lat' dir='ltr'>malim</span> <span class='ocrx_word' id='word_1_126' title='bbox 2862 2307 3035 2371; x_wconf 72' lang='grc' dir='ltr'><strong><em>θαλ-</em></strong></span> 
     </span>
     <span class='ocr_line' id='line_1_17' title="bbox 639 2411 2319 2500; baseline 0.001 -22"><span class='ocrx_word' id='word_1_127' title='bbox 639 2420 736 2478; x_wconf 82' lang='grc' dir='ltr'>λῶ</span> <span class='ocrx_word' id='word_1_128' title='bbox 759 2439 823 2493; x_wconf 89' lang='grc' dir='ltr'>ν,</span> <span class='ocrx_word' id='word_1_129' title='bbox 871 2413 1102 2480; x_wconf 83' lang='lat' dir='ltr'>collato</span> <span class='ocrx_word' id='word_1_130' title='bbox 1151 2434 1340 2479; x_wconf 87' lang='lat' dir='ltr'>versu</span> <span class='ocrx_word' id='word_1_131' title='bbox 1385 2413 1850 2500; x_wconf 79' lang='lat' dir='ltr'>Aristophaneo</span> <span class='ocrx_word' id='word_1_132' title='bbox 1898 2412 2073 2493; x_wconf 87' lang='lat' dir='ltr'>(Pao.</span> <span class='ocrx_word' id='word_1_133' title='bbox 2123 2411 2319 2495; x_wconf 84' lang='lat'>948):</span> 
     </span>
    </p>

    <p class='ocr_par' dir='ltr' id='par_1_7' title="bbox 819 2513 2984 2605">
     <span class='ocr_line' id='line_1_18' title="bbox 819 2513 2984 2605; baseline -0.002 -18"><span class='ocrx_word' id='word_1_134' title='bbox 819 2521 885 2587; x_wconf 85' lang='grc' dir='ltr'><strong><em>τὸ</em></strong></span> <span class='ocrx_word' id='word_1_135' title='bbox 935 2524 1150 2585; x_wconf 81' lang='grc' dir='ltr'><strong><em>κανοῦν</em></strong></span> <span class='ocrx_word' id='word_1_136' title='bbox 1201 2519 1461 2599; x_wconf 71' lang='grc' dir='ltr'><strong><em>πάρεστ’</em></strong></span> <span class='ocrx_word' id='word_1_137' title='bbox 1510 2520 1661 2590; x_wconf 82' lang='grc' dir='ltr'>δλάς</span> <span class='ocrx_word' id='word_1_138' title='bbox 1697 2516 1856 2597; x_wconf 81' lang='grc' dir='ltr'><strong><em>’ἔχον</em></strong></span> <span class='ocrx_word' id='word_1_139' title='bbox 1906 2517 2040 2582; x_wconf 74' lang='grc' dir='ltr'>καὶ</span> <span class='ocrx_word' id='word_1_140' title='bbox 2090 2513 2429 2597; x_wconf 78' lang='grc' dir='ltr'><strong><em>στέμμά</em></strong></span> <span class='ocrx_word' id='word_1_141' title='bbox 2481 2519 2582 2585; x_wconf 77' lang='grc' dir='ltr'><strong><em>κοιὶ</em></strong></span> <span class='ocrx_word' id='word_1_142' title='bbox 2631 2519 2984 2605; x_wconf 77' lang='grc' dir='ltr'><strong><em>μάχάιροιν.</em></strong></span> 
     </span>
    </p>
   </div>
   <div class='ocr_carea' id='block_1_5' title="bbox 635 2732 3034 3124">
    <p class='ocr_par' dir='ltr' id='par_1_8' title="bbox 637 2732 3033 2927">
     <span class='ocr_line' id='line_1_19' title="bbox 730 2732 3033 2822; baseline -0 -18"><span class='ocrx_word' id='word_1_143' title='bbox 730 2737 972 2819; x_wconf 87' lang='grc'><strong>95,18.</strong></span> <span class='ocrx_word' id='word_1_144' title='bbox 1041 2776 1126 2787; x_wconf 92' lang='lat'>—-</span> <span class='ocrx_word' id='word_1_145' title='bbox 1188 2735 1469 2818; x_wconf 78' lang='grc' dir='ltr'><strong><em>ἀμπρον·</em></strong></span> <span class='ocrx_word' id='word_1_146' title='bbox 1538 2732 1580 2821; x_wconf 82' lang='grc' dir='ltr'>ᾧ</span> <span class='ocrx_word' id='word_1_147' title='bbox 1647 2739 1909 2819; x_wconf 80' lang='grc' dir='ltr'><strong><em>ἐχρῶντο</em></strong></span> <span class='ocrx_word' id='word_1_148' title='bbox 1970 2740 2105 2803; x_wconf 74' lang='grc' dir='ltr'><strong><em>ἀντὶ</em></strong></span> <span class='ocrx_word' id='word_1_149' title='bbox 2160 2744 2263 2805; x_wconf 81' lang='grc' dir='ltr'><strong><em>τοῦ</em></strong></span> <span class='ocrx_word' id='word_1_150' title='bbox 2311 2742 2497 2822; x_wconf 81' lang='grc' dir='ltr'><strong><em>ῥυμοῦ</em></strong></span> <span class='ocrx_word' id='word_1_151' title='bbox 2547 2736 2794 2820; x_wconf 81' lang='grc' dir='ltr'><strong><em>σχοινίῳ</em></strong></span> <span class='ocrx_word' id='word_1_152' title='bbox 2842 2737 3033 2815; x_wconf 85' lang='grc' dir='ltr'><strong><em>μέσον</em></strong></span> 
     </span>
     <span class='ocr_line' id='line_1_20' title="bbox 637 2845 1803 2927; baseline 0.002 -18"><span class='ocrx_word' id='word_1_153' title='bbox 637 2846 958 2927; x_wconf 76' lang='grc' dir='ltr'><strong><em>τεταμένῳ</em></strong></span> <span class='ocrx_word' id='word_1_154' title='bbox 1004 2851 1118 2909; x_wconf 82' lang='grc' dir='ltr'>τῶν</span> <span class='ocrx_word' id='word_1_155' title='bbox 1169 2846 1469 2911; x_wconf 75' lang='grc' dir='ltr'><strong><em>ἑλκόντων</em></strong></span> <span class='ocrx_word' id='word_1_156' title='bbox 1517 2845 1803 2927; x_wconf 84' lang='grc' dir='ltr'><strong><em>ζυγῶν.</em></strong></span> 
     </span>
    </p>

    <p class='ocr_par' dir='ltr' id='par_1_9' title="bbox 635 2950 3034 3124">
     <span class='ocr_line' id='line_1_21' title="bbox 726 2950 3034 3038; baseline 0 -21"><span class='ocrx_word' id='word_1_157' title='bbox 726 2952 886 3038; x_wconf 84' lang='lat' dir='ltr'>Leg.</span> <span class='ocrx_word' id='word_1_158' title='bbox 949 2952 1260 3033; x_wconf 82' lang='grc' dir='ltr'><strong><em>ζευγῶν</em></strong></span> <span class='ocrx_word' id='word_1_159' title='bbox 1326 2950 1609 3034; x_wconf 86' lang='lat' dir='ltr'>(Naber).</span> <span class='ocrx_word' id='word_1_160' title='bbox 1680 2952 1753 3017; x_wconf 92' lang='lat' dir='ltr'>Id</span> <span class='ocrx_word' id='word_1_161' title='bbox 1816 2950 1985 3038; x_wconf 89' lang='lat' dir='ltr'>quod</span> <span class='ocrx_word' id='word_1_162' title='bbox 2033 2956 2213 3019; x_wconf 79' lang='lat' dir='ltr'>extat</span> <span class='ocrx_word' id='word_1_163' title='bbox 2258 2951 2441 3017; x_wconf 80' lang='lat' dir='ltr'>Eust.</span> <span class='ocrx_word' id='word_1_164' title='bbox 2498 2950 2650 3031; x_wconf 84' lang='grc'><strong>623,</strong></span> <span class='ocrx_word' id='word_1_165' title='bbox 2679 2950 2786 3030; x_wconf 85' lang='grc'><strong>38,</strong></span> <span class='ocrx_word' id='word_1_166' title='bbox 2837 2971 3034 3036; x_wconf 90' lang='lat' dir='ltr'>quem</span> 
     </span>
     <span class='ocr_line' id='line_1_22' title="bbox 635 3056 1361 3124; baseline 0.001 -2"><span class='ocrx_word' id='word_1_167' title='bbox 635 3056 858 3123; x_wconf 87' lang='lat' dir='ltr'>laudat</span> <span class='ocrx_word' id='word_1_168' title='bbox 904 3057 1361 3124; x_wconf 78' lang='lat' dir='ltr'>Reitzenstein.</span> 
     </span>
    </p>
   </div>
   <div class='ocr_carea' id='block_1_6' title="bbox 638 3231 3021 3558">
    <p class='ocr_par' dir='ltr' id='par_1_10' title="bbox 638 3231 3021 3558">
     <span class='ocr_line' id='line_1_23' title="bbox 731 3231 2809 3349; baseline 0 -22"><span class='ocrx_word' id='word_1_169' title='bbox 731 3261 838 3341; x_wconf 79' lang='lat'>9¹7,</span> <span class='ocrx_word' id='word_1_170' title='bbox 870 3262 954 3327; x_wconf 89' lang='grc'>14</span> <span class='ocrx_word' id='word_1_171' title='bbox 999 3288 1081 3313; x_wconf 84' lang='grc'>--</span> <span class='ocrx_word' id='word_1_172' title='bbox 1127 3262 1412 3349; x_wconf 84' lang='lat' dir='ltr'>Hesych.</span> <span class='ocrx_word' id='word_1_173' title='bbox 1463 3298 1549 3313; x_wconf 91' lang='lat'>--</span> <span class='ocrx_word' id='word_1_174' title='bbox 1597 3231 2125 3345; x_wconf 57' lang='lat' dir='ltr'>aenv&#39;oxffvm·</span> <span class='ocrx_word' id='word_1_175' title='bbox 2179 3265 2477 3345; x_wconf 71' lang='grc' dir='ltr'><strong><em>καθᾶραι,</em></strong></span> <span class='ocrx_word' id='word_1_176' title='bbox 2528 3250 2809 3340; x_wconf 76' lang='grc' dir='ltr'><strong><em>ἀγνίσοιι.</em></strong></span> 
     </span>
     <span class='ocr_line' id='line_1_24' title="bbox 728 3368 3021 3457; baseline -0 -22"><span class='ocrx_word' id='word_1_177' title='bbox 728 3370 884 3457; x_wconf 84' lang='lat' dir='ltr'>Leg.</span> <span class='ocrx_word' id='word_1_178' title='bbox 925 3371 968 3434; x_wconf 87' lang='grc' dir='ltr'><strong><em>ἀ</em></strong></span> <span class='ocrx_word' id='word_1_179' title='bbox 985 3395 1034 3446; x_wconf 83' lang='grc' dir='ltr'>μ</span> <span class='ocrx_word' id='word_1_180' title='bbox 1054 3396 1086 3434; x_wconf 87' lang='grc' dir='ltr'><strong><em>υ</em></strong></span> <span class='ocrx_word' id='word_1_181' title='bbox 1106 3393 1144 3433; x_wconf 93' lang='grc' dir='ltr'><strong><em>σ</em></strong></span> <span class='ocrx_word' id='word_1_182' title='bbox 1161 3378 1414 3451; x_wconf 80' lang='grc' dir='ltr'>χ&lt;ρ&gt;ἥ</span> <span class='ocrx_word' id='word_1_183' title='bbox 1432 3394 1461 3433; x_wconf 89' lang='grc' dir='ltr'><strong><em>ν</em></strong></span> <span class='ocrx_word' id='word_1_184' title='bbox 1481 3392 1559 3433; x_wconf 77' lang='grc' dir='ltr'><strong><em>ἀι</em></strong></span> <span class='ocrx_word' id='word_1_185' title='bbox 1607 3369 1873 3450; x_wconf 86' lang='lat' dir='ltr'>(Naber)</span> <span class='ocrx_word' id='word_1_186' title='bbox 1913 3368 2144 3435; x_wconf 81' lang='lat' dir='ltr'>collata</span> <span class='ocrx_word' id='word_1_187' title='bbox 2177 3369 2393 3457; x_wconf 78' lang='lat' dir='ltr'>glossa</span> <span class='ocrx_word' id='word_1_188' title='bbox 2430 3372 2642 3437; x_wconf 81' lang='lat' dir='ltr'>vicina</span> <span class='ocrx_word' id='word_1_189' title='bbox 2667 3369 3021 3451; x_wconf 79' lang='grc' dir='ltr'><strong><em>ἀμυσχρόν·</em></strong></span> 
     </span>
     <span class='ocr_line' id='line_1_25' title="bbox 638 3474 2131 3558; baseline -0.001 -15"><span class='ocrx_word' id='word_1_190' title='bbox 638 3476 919 3558; x_wconf 72' lang='grc' dir='ltr'><strong><em>καθαρόν,</em></strong></span> <span class='ocrx_word' id='word_1_191' title='bbox 968 3476 1179 3555; x_wconf 85' lang='grc' dir='ltr'><strong><em>ἀγνόν,</em></strong></span> <span class='ocrx_word' id='word_1_192' title='bbox 1228 3476 1568 3556; x_wconf 80' lang='grc' dir='ltr'><strong><em>ἀλλόχροον</em></strong></span> <span class='ocrx_word' id='word_1_193' title='bbox 1618 3474 1753 3556; x_wconf 84' lang='lat' dir='ltr'>(vel</span> <span class='ocrx_word' id='word_1_194' title='bbox 1802 3476 2131 3557; x_wconf 82' lang='grc' dir='ltr'><strong><em>ὅλόχροον).</em></strong></span> 
     </span>
    </p>
   </div>
   <div class='ocr_carea' id='block_1_7' title="bbox 729 3694 3019 3777">
    <p class='ocr_par' dir='ltr' id='par_1_11' title="bbox 729 3694 3019 3777">
     <span class='ocr_line' id='line_1_26' title="bbox 729 3694 3019 3777; baseline -0.002 -14"><span class='ocrx_word' id='word_1_195' title='bbox 729 3697 836 3777; x_wconf 88' lang='grc'><strong>98,</strong></span> <span class='ocrx_word' id='word_1_196' title='bbox 865 3696 952 3763; x_wconf 83' lang='grc'>22</span> <span class='ocrx_word' id='word_1_197' title='bbox 998 3722 1078 3749; x_wconf 92' lang='lat'>=</span> <span class='ocrx_word' id='word_1_198' title='bbox 1128 3698 1360 3763; x_wconf 84' lang='lat' dir='ltr'>Anecd.</span> <span class='ocrx_word' id='word_1_199' title='bbox 1425 3697 1630 3763; x_wconf 87' lang='lat' dir='ltr'>Bekk.</span> <span class='ocrx_word' id='word_1_200' title='bbox 1699 3695 1854 3777; x_wconf 85' lang='lat'><strong>388,</strong></span> <span class='ocrx_word' id='word_1_201' title='bbox 1893 3696 2003 3762; x_wconf 83' lang='grc'>20.</span> <span class='ocrx_word' id='word_1_202' title='bbox 2070 3733 2155 3747; x_wconf 91' lang='grc'><strong>-</strong></span> <span class='ocrx_word' id='word_1_203' title='bbox 2219 3698 2639 3776; x_wconf 71' lang='grc' dir='ltr'><strong><em>ἀμφήριστον·</em></strong></span> <span class='ocrx_word' id='word_1_204' title='bbox 2706 3694 3019 3774; x_wconf 76' lang='grc' dir='ltr'><strong><em>ἄνισον,</em></strong></span> 
     </span>
    </p>
   </div>
   <div class='ocr_carea' id='block_1_8' title="bbox 636 3806 3021 3997">
    <p class='ocr_par' dir='ltr' id='par_1_12' title="bbox 636 3806 3021 3997">
     <span class='ocr_line' id='line_1_27' title="bbox 636 3806 1022 3885; baseline -0.003 -14"><span class='ocrx_word' id='word_1_205' title='bbox 636 3806 1022 3885; x_wconf 80' lang='grc' dir='ltr'><strong><em>ἀμφίβολον.</em></strong></span> 
     </span>
     <span class='ocr_line' id='line_1_28' title="bbox 725 3908 3021 3997; baseline -0.001 -20"><span class='ocrx_word' id='word_1_206' title='bbox 725 3911 965 3978; x_wconf 87' lang='lat' dir='ltr'>Verum</span> <span class='ocrx_word' id='word_1_207' title='bbox 1028 3932 1162 3978; x_wconf 89' lang='lat' dir='ltr'>esse</span> <span class='ocrx_word' id='word_1_208' title='bbox 1223 3910 1297 3977; x_wconf 79' lang='grc' dir='ltr'>ἴσ</span> <span class='ocrx_word' id='word_1_209' title='bbox 1317 3936 1344 3977; x_wconf 88' lang='grc' dir='ltr'><strong><em>ο</em></strong></span> <span class='ocrx_word' id='word_1_210' title='bbox 1364 3937 1428 3992; x_wconf 92' lang='grc' dir='ltr'>ν,</span> <span class='ocrx_word' id='word_1_211' title='bbox 1499 3911 1668 3996; x_wconf 89' lang='lat' dir='ltr'>quod</span> <span class='ocrx_word' id='word_1_212' title='bbox 1733 3912 1994 3997; x_wconf 83' lang='lat' dir='ltr'>praebet</span> <span class='ocrx_word' id='word_1_213' title='bbox 2058 3908 2289 3976; x_wconf 84' lang='lat' dir='ltr'>Suidas</span> <span class='ocrx_word' id='word_1_214' title='bbox 2306 3957 2323 3989; x_wconf 89' lang='lat'>‚</span> <span class='ocrx_word' id='word_1_215' title='bbox 2388 3910 2753 3978; x_wconf 81' lang='lat' dir='ltr'>observavit</span> <span class='ocrx_word' id='word_1_216' title='bbox 2814 3909 3021 3977; x_wconf 77' lang='lat' dir='ltr'>vDam</span> 
     </span>
    </p>
   </div>
   <div class='ocr_carea' id='block_1_9' title="bbox 635 4016 924 4098">
    <p class='ocr_par' dir='ltr' id='par_1_13' title="bbox 635 4016 924 4098">
     <span class='ocr_line' id='line_1_29' title="bbox 635 4016 924 4098; baseline 0.007 -16"><span class='ocrx_word' id='word_1_217' title='bbox 635 4016 924 4098; x_wconf 82' lang='lat' dir='ltr'>(Nabar).</span> 
     </span>
    </p>
   </div>
   <div class='ocr_carea' id='block_1_10' title="bbox 727 4219 3020 4302">
    <p class='ocr_par' dir='ltr' id='par_1_14' title="bbox 727 4219 3020 4302">
     <span class='ocr_line' id='line_1_30' title="bbox 727 4219 3020 4302; baseline 0 -16"><span class='ocrx_word' id='word_1_218' title='bbox 727 4220 834 4301; x_wconf 87' lang='lat'>99,</span> <span class='ocrx_word' id='word_1_219' title='bbox 863 4221 950 4288; x_wconf 86' lang='grc'>22</span> <span class='ocrx_word' id='word_1_220' title='bbox 1010 4254 1092 4279; x_wconf 92' lang='lat'>=</span> <span class='ocrx_word' id='word_1_221' title='bbox 1154 4221 1392 4288; x_wconf 86' lang='lat' dir='ltr'>Aneod.</span> <span class='ocrx_word' id='word_1_222' title='bbox 1456 4220 1660 4287; x_wconf 87' lang='lat' dir='ltr'>Bekk.</span> <span class='ocrx_word' id='word_1_223' title='bbox 1726 4219 1879 4302; x_wconf 84' lang='grc'><strong>388,</strong></span> <span class='ocrx_word' id='word_1_224' title='bbox 1910 4221 1996 4288; x_wconf 90' lang='grc'>29</span> <span class='ocrx_word' id='word_1_225' title='bbox 2058 4248 2140 4272; x_wconf 93' lang='lat'><strong><em>=</em></strong></span> <span class='ocrx_word' id='word_1_226' title='bbox 2205 4220 2385 4288; x_wconf 83' lang='lat' dir='ltr'>Suid.</span> <span class='ocrx_word' id='word_1_227' title='bbox 2451 4259 2535 4271; x_wconf 91' lang='lat'>--</span> <span class='ocrx_word' id='word_1_228' title='bbox 2602 4221 3020 4302; x_wconf 74' lang='grc' dir='ltr'><strong><em>ἀμφίδεοι·</em></strong></span> 
     </span>
    </p>
   </div>
   <div class='ocr_carea' id='block_1_11' title="bbox 635 4328 3025 4627">
    <p class='ocr_par' dir='ltr' id='par_1_15' title="bbox 635 4328 3025 4627">
     <span class='ocr_line' id='line_1_31' title="bbox 635 4328 1811 4410; baseline 0.001 -18"><span class='ocrx_word' id='word_1_229' title='bbox 635 4329 894 4403; x_wconf 74' lang='grc' dir='ltr'><strong><em>ψέλλια.</em></strong></span> <span class='ocrx_word' id='word_1_230' title='bbox 949 4328 982 4403; x_wconf 77' lang='grc' dir='ltr'><strong><em>ἢ</em></strong></span> <span class='ocrx_word' id='word_1_231' title='bbox 1034 4328 1259 4405; x_wconf 80' lang='grc' dir='ltr'><strong><em>κόσμος</em></strong></span> <span class='ocrx_word' id='word_1_232' title='bbox 1312 4331 1811 4410; x_wconf 67' lang='grc' dir='ltr'><strong><em>περιτραχήλιος.</em></strong></span> 
     </span>
     <span class='ocr_line' id='line_1_32' title="bbox 727 4433 3025 4520; baseline 0.001 -21"><span class='ocrx_word' id='word_1_233' title='bbox 727 4433 947 4500; x_wconf 84' lang='lat' dir='ltr'>Edidit</span> <span class='ocrx_word' id='word_1_234' title='bbox 1007 4435 1438 4501; x_wconf 87' lang='lat' dir='ltr'>Reitzenstein</span> <span class='ocrx_word' id='word_1_235' title='bbox 1500 4434 2036 4515; x_wconf 73' lang='grc' dir='ltr'><strong><em>ἀμφίδεικ&lt;ι&gt;</em></strong></span> <span class='ocrx_word' id='word_1_236' title='bbox 2107 4433 2211 4500; x_wconf 89' lang='lat' dir='ltr'>vel</span> <span class='ocrx_word' id='word_1_237' title='bbox 2274 4437 2491 4520; x_wconf 89' lang='lat' dir='ltr'>potius</span> <span class='ocrx_word' id='word_1_238' title='bbox 2556 4435 3025 4516; x_wconf 74' lang='grc' dir='ltr'><strong><em>ἀμφιδέά&lt;ι&gt;,</em></strong></span> 
     </span>
     <span class='ocr_line' id='line_1_33' title="bbox 637 4540 3019 4627; baseline 0.003 -22"><span class='ocrx_word' id='word_1_239' title='bbox 637 4545 815 4605; x_wconf 87' lang='lat' dir='ltr'>ratus</span> <span class='ocrx_word' id='word_1_240' title='bbox 859 4542 1064 4627; x_wconf 85' lang='lat' dir='ltr'>igitur</span> <span class='ocrx_word' id='word_1_241' title='bbox 1102 4544 1373 4626; x_wconf 83' lang='lat' dir='ltr'>spectari</span> <span class='ocrx_word' id='word_1_242' title='bbox 1416 4540 1737 4624; x_wconf 68' lang='grc' dir='ltr'><strong><em>ἀμφιδέας</em></strong></span> <span class='ocrx_word' id='word_1_243' title='bbox 1778 4541 1957 4622; x_wconf 88' lang='lat' dir='ltr'>illas,</span> <span class='ocrx_word' id='word_1_244' title='bbox 2000 4562 2274 4627; x_wconf 89' lang='lat' dir='ltr'>quarum</span> <span class='ocrx_word' id='word_1_245' title='bbox 2317 4543 2559 4608; x_wconf 89' lang='lat' dir='ltr'>mentio</span> <span class='ocrx_word' id='word_1_246' title='bbox 2598 4541 2672 4607; x_wconf 90' lang='lat' dir='ltr'>fit</span> <span class='ocrx_word' id='word_1_247' title='bbox 2708 4541 3019 4611; x_wconf 83' lang='lat' dir='ltr'>Herodot.</span> 
     </span>
    </p>
   </div>
  </div>
 </body>
</html>
