3392 5384
1358 434 1719 483 rnocorrus.
2610 417 2742 485 327

353 602 513 686 priis
577 598 931 686 alienisque
979 602 1357 666 coniecturis
1405 602 1531 680 ita,
1581 604 1657 665 ut
1705 600 2014 686 quadrent
2060 603 2131 666 in
2180 604 2568 689 scriptorum
2617 602 2745 689 By-

352 710 752 774 zantinorum
802 710 1158 796 principem
1205 710 1401 774 verba
1447 708 1893 793 Aristophanis
1940 708 2016 773 de
2063 707 2288 775 Pluto:

806 813 1265 892 ἐξωμμάτωται
1315 815 1419 879 καὶ
1469 814 1951 894 λελάμπρυνται
2002 814 2205 896 κόρας.

351 920 823 986 Difficillimum
886 942 1034 987 sane
1083 943 1275 1007 opus,
1324 927 1584 1009 propter
1630 924 1960 1007 scriptoris
2008 922 2237 987 stilum
2286 927 2351 989 et
2397 922 2743 989 dictionem

297 1016 303 1021 ’
350 1026 782 1115 Thucydidis,
848 1027 1198 1105 Herodoti,
1263 1027 1537 1094 aliorum
1600 1026 1963 1093 multorum
2009 1033 2304 1095 veterum
2356 1032 2743 1116 scriptorum

347 1133 662 1220 exemplis
703 1137 1156 1220 compositam,
1199 1135 1309 1200 sed
1351 1137 1820 1221 superpositam
1868 1135 2064 1200 fundo
2110 1136 2466 1224 Byzantino
2511 1136 2743 1204 limoso

349 1246 542 1326 atque
590 1241 871 1307 turbido.

438 1346 512 1412 In
574 1353 758 1413 textu
820 1353 1040 1414 tamen
1100 1353 1236 1413 tam
1298 1350 1547 1414 curiose
1605 1350 1908 1414 restituto
1974 1348 2312 1415 nonnullos
2375 1352 2744 1416 etiamnunc

347 1453 657 1520 offendere
721 1455 826 1519 hic
885 1453 1025 1520 illic
1082 1454 1497 1520 librariorum
1545 1475 1787 1520 errores
1806 1504 1823 1533 ,
1870 1477 1994 1521 non
2045 1461 2141 1521 est
2190 1456 2358 1541 quod
2404 1460 2738 1523 miremur.

349 1560 554 1641 Quare
614 1564 678 1626 et
737 1564 876 1647 ipse
938 1582 1106 1625 nunc
1167 1562 1442 1627 scribam
1504 1560 1819 1627 nonnulla
1866 1562 1943 1627 de
1990 1563 2404 1629 emendandis
2446 1569 2561 1629 aut
2608 1570 2742 1628 ten-

345 1667 556 1733 tandis
603 1670 784 1734 vitiis
826 1670 893 1733 in
941 1669 1058 1733 hac
1106 1670 1314 1753 operis
1361 1668 1745 1753 Procopiani
1792 1678 1971 1753 parte
2019 1672 2157 1735 sive
2204 1669 2489 1735 nondum
2537 1672 2741 1735 anim-

348 1774 631 1839 adversis
695 1777 831 1840 sive
893 1776 1110 1839 minus
1171 1780 1340 1839 recte
1402 1774 1756 1840 emendatis
1818 1796 1855 1839 a
1916 1777 2073 1841 viris
2122 1775 2344 1841 doctiS.
2421 1776 2540 1841 Est
2590 1798 2740 1843 vero

349 1883 550 1947 etiam
611 1881 724 1945 ubi
784 1880 1100 1947 librorum
1144 1879 1336 1946 lectio
1381 1883 1620 1946 iniuria
1666 1880 2013 1947 sollicitata
2060 1882 2229 1947 mihi
2276 1903 2411 1949 esse
2458 1882 2737 1949 videtur.

438 2096 734 2160 Primum
781 2095 1252 2161 consideremus
1298 2116 1459 2181 quae
1506 2116 1643 2181 cap.
1692 2094 1743 2173 I,
1797 2094 1883 2159 38
1930 2094 2007 2161 de
2058 2096 2383 2161 Antonina
2430 2096 2733 2162 Belisarii

343 2224 542 2268 uxore
590 2207 950 2280 narrantur,
990 2204 1088 2267 ira
1120 2202 1612 2268 excandescente
1654 2202 1823 2287 quod
1861 2207 2108 2268 amator
2149 2224 2306 2267 suus
2346 2202 2739 2269 Theodosius

344 2311 729 2374 conscientia
790 2313 855 2374 et
915 2311 1147 2374 timore
1209 2312 1426 2375 motus
1491 2311 1558 2372 in
1607 2311 2073 2379 monasterium
2120 2310 2535 2396 confugisset,
2584 2311 2728 2375 τότε

344 2413 413 2489 ³3,
462 2416 602 2478 κατ’
650 2402 868 2493 ἄκρας’
891 2415 1268 2501 (Antonina)
1320 2410 1516 2491 ἐμάνη
1567 2414 1668 2478 καὶ
1720 2417 1830 2489 τὴν
1880 2415 2107 2489 ἐσθῆτα
2155 2414 2262 2493 ξὺν
2305 2426 2384 2495 τῇ
2426 2416 2630 2497 διαίτῃ
2671 2418 2731 2489 ἐς

341 2521 557 2600 τρόπον
621 2520 1088 2599 μεταβαλοῦσα
1147 2520 1248 2585 τὸν
1295 2519 1577 2597 πένθιμον
1624 2522 1854 2603 περιῄει
1905 2522 2112 2601 συχνοὶ
2164 2522 2334 2588 κατὰ
2381 2522 2491 2596 τὴν
2539 2523 2734 2587 οἰκίαν

345 2628 678 2708 κωκύουσα,
741 2628 1013 2711 ὀλολυγῇ
1078 2653 1149 2693 τε
1213 2628 1558 2707 κεχρημένη
1624 2626 1973 2708 ὠλοφύρετο
2035 2629 2170 2694 οὐκ
2235 2631 2640 2694 ἀπολελει
2660 2655 2735 2708 μ-

343 2738 588 2813 μένου
651 2735 1027 2813 τάνδρός,
1091 2735 1290 2800 ὁποῖον
1353 2735 1516 2816 αὐτῇ
1583 2734 1822 2813 ἀγαθὸν
1886 2734 2152 2814 ὧλωλει,
2218 2738 2295 2807 ὦς
2363 2736 2600 2813 πιστόν,
2652 2738 2729 2807 ὥς

341 2840 614 2922 εὔχαριν,
668 2844 746 2914 ὥς
797 2840 1072 2921 εύνοικόν,
1120 2844 1197 2913 ὥς
1248 2841 1617 2922 δραστήριον,
1668 2847 2028 2906 τελευτῶσα
2077 2842 2139 2906 δὲ
2186 2846 2319 2909 τὸν
2366 2839 2617 2923 ἄνδρα
2664 2843 2723 2915 ἐς

337 2949 584 3021 ταύτας
634 2949 704 3022 335
752 2948 1210 3027 ἐπαγαγομένη
1253 2949 1369 3020 τὰς
1420 2948 1779 3029 ὀλοφύρσεις
1828 2949 2126 3015 ἐκάθισεν.

429 3056 633 3122 Verba
677 3055 910 3122 leviter
955 3061 1248 3142 corrupta
1296 3056 1405 3119 οὐκ
1452 3056 1991 3133 ἀπολελειμμένου
2038 3054 2291 3136 τάνδρός
2342 3056 2509 3121 nihil
2555 3056 2732 3145 aliud

334 3186 438 3229 me
498 3162 711 3229 iudice
778 3162 1136 3249 significare
1197 3168 1465 3249 possunt
1528 3183 1724 3246 quam
1772 3163 2068 3240 παρόντος
2121 3162 2372 3239 τάνδρός
2408 3170 2733 3245 praesente

334 3269 663 3334 Beli-sario.
701 3270 1058 3347 Antonina,
1104 3290 1264 3353 quae
1305 3273 1441 3334 erat
1479 3268 1777 3333 mulieris
1818 3270 2027 3352 stupri
2069 3271 2395 3335 convictae
2434 3290 2470 3334 a
2495 3272 2730 3336 marito

261 3380 268 3388 '
334 3376 736 3462 impudentia
759 3425 776 3455 ,
841 3398 1032 3440 eoram
1093 3375 1224 3457 ipso
1287 3373 1364 3439 de
1428 3375 1692 3439 moecho
1758 3395 1874 3439 suo
1915 3376 2151 3440 amisso
2200 3377 2492 3459 queritur
2536 3375 2730 3460 idque

334 3489 471 3549 tam
537 3482 854 3561 flebiliter,
921 3488 997 3547 ut
1056 3484 1192 3567 ipse
1253 3480 1600 3545 Belisarius
1664 3480 2079 3560 ε’ρωτόληπτος
2146 3487 2211 3547 et
2271 3502 2413 3546 cera
2467 3481 2731 3548 mollior

335 3589 595 3655 tandem
657 3595 722 3655 et
782 3591 918 3675 ipse
982 3590 1262 3673 coeperit
1326 3586 1598 3653 eiulare:
1657 3586 1849 3652 ἔκλαε
1910 3592 2060 3665 γοῦν
2109 3587 2136 3652 ὃ
2185 3590 2576 3666 ταλαίπωρος
2626 3588 2727 3652 τὸν

338 3696 602 3760 ποθεινὸν
640 3698 969 3761 ἀνακαλῶν
1021 3693 1352 3759 Θεοδόσιον.
1404 3692 1825 3759 Admirabilis
1872 3693 2084 3759 hercle
2131 3691 2351 3760 scena!
2400 3693 2538 3759 Iam
2578 3716 2729 3760 vero

335 3824 484 3868 cum
533 3803 987 3867 ἀπολείπεσθαί
1032 3825 1189 3871 τινος
1237 3803 1387 3866 noto
1436 3821 1559 3865 usu
1607 3800 1929 3887 significet
1965 3824 2029 3865 se
2066 3823 2353 3884 separare
2391 3802 2462 3864 ab
2502 3801 2726 3886 aliquo,

333 3907 754 3995 probabiliter
814 3908 1048 3973 Reiske
1117 3909 1388 3974 coniecit
1455 3906 2182 3986 ἀπολελειμμένη,
2256 3913 2331 3971 ut
2402 3907 2573 3972 dicta
2645 3910 2763 3971 sit-

333 4015 574 4081 mulier
631 4037 756 4081 non
820 4018 887 4079 in
952 4013 1129 4080 aliud
1190 4012 1490 4079 conclave
1538 4035 1605 4079 se
1652 4013 2022 4091 contulisse,
2072 4014 2181 4079 sed
2228 4033 2442 4079 coram
2491 4016 2726 4079 marito

334 4123 540 4188 dolori
601 4143 719 4187 suo
780 4120 1144 4187 indulsisse.
1201 4117 1440 4187 Contra
1486 4123 1706 4187 minus
1754 4120 1917 4185 lenis
1964 4119 2318 4206 Hauryana
2364 4123 2728 4185 coniectura

332 4228 844 4305 ἀπολομένου
907 4233 1056 4312 apto
1104 4247 1293 4292 sensu
1342 4232 1532 4304 caret,
1584 4229 1889 4312 quoniam
1936 4226 2276 4291 manifesto
2323 4224 2403 4290 ad
2451 4226 2725 4291 eundem

332 4334 727 4400 Belisarium-
766 4332 1092 4399 referenda
1137 4339 1289 4397 sunt
1335 4331 1581 4412 τάνδρός
1632 4339 1698 4397 et
1747 4333 1851 4396 τὸν
1899 4330 2109 4411 ἄνδρα,
2156 4352 2269 4397 nec
2316 4334 2496 4418 prius
2528 4330 2726 4398 'Pheo-

329 4442 588 4507 dosium
626 4445 908 4527 spectare
946 4445 1172 4525 potest.
1216 4440 1464 4505 Reiskii
1503 4440 2017 4506 emendationem
2059 4443 2379 4525 receptam
2416 4442 2721 4525 oportuit.
