3392 5384
1358 433 1734 482 rnAromoA.
2602 416 2731 484 173

344 604 547 679 tavit,
615 605 785 666 certe
846 601 1070 666 omisit
1128 599 1428 664 adnotare
1489 599 1657 684 quod
1717 599 1785 662 in
1833 602 1970 663 tam
2018 596 2317 684 diligenti
2360 604 2425 664 et
2471 619 2733 685 operosa

344 711 872 794 interpretatione
920 708 1187 773 minime
1237 708 1550 772 omissum
1598 707 1919 791 oportuit,
1972 703 2290 769 Periclem
2350 704 2456 770 hic
2518 706 2734 792 tangi,

349 817 463 901 qui
524 820 892 881 maternum
952 834 1159 900 genus
1220 813 1297 878 ab
1360 810 1652 898 Megacle
1705 809 1980 876 ducebat
2026 812 2139 896 qui
2185 808 2449 898 Cylonis
2497 814 2740 898 conspi-

348 923 667 986 rationem
713 924 1099 1007 represserat
1119 969 1136 999 ‚
1186 939 1346 1004 quae
1394 939 1583 984 causa
1629 918 1757 982 fuit
1774 964 1792 996 ,
1839 937 1954 982 cur
1997 915 2486 983 Lacedaemonii
2533 916 2740 1004 sepul-

348 1033 485 1094 tam
529 1027 713 1094 illius
761 1027 1004 1114 piaculi
1051 1029 1427 1093 memoriam
1475 1027 1894 1103 suscitarent,
1943 1025 2111 1110 quod
2158 1023 2305 1090 vide
2353 1024 2523 1110 apud
2570 1025 2741 1090 Thu-

349 1135 649 1223 cydidem
709 1128 760 1198 I'
802 1132 952 1200 127.
1019 1132 1257 1198 Nullus
1305 1132 1527 1198 dubito
1574 1131 2010 1217 reponendum
2055 1151 2191 1196 esse
2239 1133 2383 1207 πρὸς
2433 1115 2652 1212 ἀνδρῶν
2703 1130 2736 1206 ἢ

352 1243 597 1322 (πρὸς)
646 1247 971 1319 γυναικῶν.
1026 1240 1172 1305 Non
1222 1238 1506 1304 multum
1555 1237 1869 1304 dissimile
1916 1243 2012 1303 est
2058 1236 2225 1322 quod
2273 1235 2741 1303 Stallbaumius

354 1349 574 1413 omisit
634 1346 936 1412 adnotare
998 1346 1077 1411 ad
1141 1367 1203 1431 p.
1275 1344 1402 1413 175
1423 1346 1500 1423 A,
1562 1345 1677 1409 ubi
1726 1345 1886 1431 Agis
1933 1344 2586 1410 Lacedaemoniorum
2633 1366 2744 1410 rex

350 1457 695 1540 cogitatur,
745 1455 856 1539 qui
899 1455 1245 1518 vicesimus
1301 1455 1565 1538 quintus
1628 1453 1707 1516 ab
1771 1450 2052 1517 Hercule
2113 1456 2284 1517 erat:
2351 1472 2425 1517 eo
2485 1453 2749 1539 respicit
2835 1481 2846 1488 ·

345 1558 545 1625 illud:
614 1561 713 1624 ἐπὶ
765 1558 949 1623 πέντε
1000 1559 1105 1624 καὶ
1154 1556 1342 1624 εἴκοσι
1391 1558 1750 1640 καταλόγῳ,
1782 1557 2088 1637 προγόνων
2136 1559 2588 1636 σεμνυνομένων
2639 1557 2742 1621 xx}

352 1664 783 1745 ἀναφερόντων
830 1666 917 1737 εἷς
964 1664 1304 1743 Ἡρακλέα.

442 1881 911 1951 Ibid..l'73E:
980 1886 1011 1958 ἡ
1078 1882 1140 1949 δὲ
1210 1883 1444 1949 διάνοια
1511 1883 1866 1964 φέρεται
1934 1885 2102 1948 uxr&
2169 1883 2482 1964 Πίνδαρον,
2545 1883 2628 1949 τοὶ
2678 1909 2749 1949 τε
2845 1965 2861 1987 x

350 1997 484 2071 γᾶς
532 1991 808 2071 ὑπένερθε
859 1992 961 2066 κει)
1014 1991 1099 2056 τὰ
1150 1992 1417 2055 ἐπίπεδοι
1466 1997 1928 2069 γεωμετροῦσοι.
1977 1991 2275 2055 Primum
2323 1990 2602 2056 notabile
2651 1996 2748 2056 ost

352 2097 673 2165 Cobetum
734 2098 959 2162 Mam.
1030 2096 1205 2162 1874
1268 2120 1329 2183 p.
1380 2095 1512 2165 274
1574 2119 1659 2162 611
1698 2096 2056 2163 Iamblicho
2104 2119 2218 2184 pro
2269 2098 2524 2177 Φέρεται
2575 2118 2752 2183 repo-

351 2207 555 2271 suisse
596 2205 981 2282 πέτετοιι,
1025 2225 1185 2290 quae
1231 2203 1419 2270 lectio
1468 2207 1667 2269 etiam
1707 2206 1778 2268 in
1818 2206 2112 2290 margine
2147 2203 2480 2270 Bodleiani
2514 2203 2750 2269 codicis

352 2312 711 2397 adscripta.
740 2316 872 2388 est;
939 2309 1165 2376 deinde
1211 2309 1418 2376 multo
1462 2310 1730 2376 malim:
1781 2311 1863 2375 τά
1913 2335 1979 2374 τε
2030 2315 2154 2388 γᾶς
2208 2310 2486 2391 ὑπένερθε
2535 2310 2624 2382 ὥς
2665 2312 2749 2375 τὰ

355 2418 623 2485 ἐπίπεδοι
677 2420 1137 2496 γεωμετροῦσκ.

448 2623 609 2690 Ibid.
659 2620 1150 2710 1750..Pe1·git
1186 2622 1470 2688 Socrates
1518 2642 1819 2706 quaerere
1860 2620 2015 2707 quid
2053 2621 2349 2686 futurum
2387 2623 2471 2686 sit
2511 2622 2566 2686 si
2607 2624 2751 2708 quis

354 2730 609 2814 quando
658 2751 808 2795 cum
852 2749 1162 2817 germano
1210 2727 1588 2814 philosopho
1637 2728 1715 2793 de
1761 2730 1900 2814 ipsa
1944 2728 2232 2792 iustitiae
2271 2732 2502 2793 natura
2540 2728 2752 2812 dispu-
2865 2756 2872 2764 ·

356 2843 491 2902 tare
553 2835 747 2914 velit,
819 2835 1060 2901 relictis
1123 2834 1257 2901 illis
1327 2835 1779 2900 communibus
1840 2834 2411 2919 disceptationibus
2434 2882 2450 2911 ‚
2514 2833 2750 2919 quibus

356 2942 573 3008 forum
620 2945 883 3027 strepit:
935 2942 1015 3006 τί
1063 2942 1184 3019 ἐγὼ
1235 2941 1302 3005 σὲ
1349 2941 1534 3006 ἀδικῶ
1586 2939 1619 3015 ἦ
1670 2940 1746 3005 σὺ
1797 2939 1927 3016 ἐμέ.
1991 2940 2186 3006 Haud
2235 2961 2466 3026 parum
2517 2933 2750 3005 meliu's

355 3048 695 3136 intelligo:
761 3049 793 3122 ἦ
868 3049 987 3127 ἐγὼ
1050 3050 1118 3114 σὲ
1182 3049 1369 3113 ἀδικῶ
1437 3047 1470 3121 ἢ
1521 3049 1596 3111 σὺ
1647 3049 1782 3126 ἐμέ,
1831 3053 1904 3113 ut
1949 3050 2018 3112 in
2065 3046 2182 3116 illo
2231 3047 2264 3122 ἦ
2313 3051 2384 3124 μ’
2435 3047 2663 3128 ἀνάειρ’
2714 3047 2745 3120 ἦ

356 3156 480 3233 ἐγὼ
544 3156 632 3221 σέ.
700 3153 880 3234 Quod
942 3153 1019 3220 de
1081 3154 1199 3219 hoc
1258 3153 1395 3219 loco
1457 3154 1837 3240 Madvigius
1884 3153 2078 3218 habet
2123 3155 2375 3218 Advers.
2424 3152 2456 3218 I
2503 3175 2563 3238 p.
2619 3152 2748 3218 100

355 3261 524 3326 mihi
570 3262 828 3348 egregie
875 3259 1225 3346 displicuit.

451 3481 613 3547 Ibid.
683 3479 809 3548 176
828 3480 899 3549 O.
973 3481 1323 3568 Postquam
1385 3479 1573 3546 Plato
1638 3481 1803 3546 dixit
1864 3482 2146 3545 maxime
2209 3478 2561 3565 optandum
2610 3499 2746 3544 esse

356 3595 462 3667 ut,
512 3594 760 3655 terrena
806 3590 1099 3654 omnium
1146 3609 1365 3654 rerum
1414 3587 1692 3654 colluvie
1739 3587 1994 3666 relicta,
2045 3608 2238 3673 quam
2275 3588 2566 3674 primum
2606 3606 2749 3661 evo-

354 3692 566 3759 lemus
622 3694 703 3759 ad
748 3700 1002 3760 coetum
1052 3694 1317 3759 deorum
1364 3693 1874 3772 immortalium,
1924 3715 2051 3779 quo
2100 3692 2271 3758 mala
2319 3714 2444 3758 non
2491 3691 2748 3758 adscen-

356 3802 512 3867 dant
578 3808 641 3866 et
709 3801 1021 3888 quidquid
1086 3822 1399 3888 umquam
1464 3803 1860 3886 concipiatur
1924 3801 2131 3879 nefas,
2198 3800 2408 3865 addit:
2459 3801 2634 3878 φυγὴ
2690 3797 2744 3861 δ’

357 3907 633 3984 ὁμοίωσις
701 3891 808 3990 θεῷ
866 3908 1037 3973 κατὰ
1084 3915 1153 3974 τὸ
1202 3909 1475 3974 δυνατόν.
1542 3910 1628 3973 Α1
1676 3930 1804 3973 11011
1850 3907 1968 3973 1106
2016 3907 2217 3984 dixit,
2269 3906 2413 3972 sed:
2463 3905 2641 3984 Φυγῆ
2693 3902 2745 3968 δ’

355 4013 544 4096 (ἥδε)
596 4015 872 4093 ὁμοίωσις
922 4016 1051 4094 θεῷ.

334 4257 343 4268 ·
446 4228 607 4295 Ibid.
663 4225 893 4295 1770:
961 4228 1059 4292 ἐπὶ
1110 4227 1173 4293 δὲ
1224 4227 1307 4292 τὰ
1358 4225 1691 4308 ἔμπροσθεν
1737 4226 2009 4306 ἰ’ωμεν.
2060 4226 2159 4292 Ex
2208 4228 2523 4293 constanti
2572 4247 2749 4291 more

355 4338 673 4422 corrigam
724 4334 1193 4410 ἕπωνίωμεν
1242 4341 1306 4399 61
1352 4337 1657 4399 continuo
1705 4341 1852 4419 post
1897 4336 2033 4419 ipse
2079 4354 2328 4420 quoquc
2377 4332 2750 4399 Theodorus

354 4441 531 4506 idem
572 4441 843 4507 verbum
884 4444 1173 4527 usurpat.
1223 4439 1456 4506 Itidem
1480 4489 1495 4518 ,
1533 4462 1595 4526 p.
1624 4440 1758 4505 210
1777 4438 1848 4517 C,
1891 4447 2210 4525 postrema
2247 4439 2524 4506 Socratis
2557 4438 2762 4522 verba

355 4549 651 4614 fuerunt:
716 4547 1104 4621 ἀπαντητέον
1154 4571 1253 4618 μοι
1305 4547 1388 4618 εἰς
1438 4548 1547 4621 τὴν
1595 4551 1702 4610 τοῦ
1750 4546 2062 4624 βασιλέως
2113 4548 2284 4626 cndu,
2332 4553 2398 4613 et
2446 4546 2566 4612 hoc
2613 4547 2752 4630 qui-
