3392 5384
737 395 873 461 432
1782 410 2097 460 nolumus.

830 579 1056 644 Denuo
1102 581 1167 642 in
1215 577 1310 657 (1)
1349 577 1625 643 aliorum
1665 580 1878 663 opinio
1919 579 2380 663 praemittitur,
2422 598 2615 662 quam
2655 578 2813 642 Don.
2854 582 3150 666 corrigit

737 689 804 752 in
868 685 998 765 (2);
1064 685 1330 750 fortasse
1395 689 1608 750 tamen
1671 691 1820 770 post
1882 685 1999 764 (1),
2065 683 2232 769 quod
2279 683 2591 749 scholium
2642 687 2708 749 in
2756 693 3145 751 commento

739 792 1110 858 cohaerebat
1150 812 1297 856 cum
1339 789 1456 872 (2),
1495 790 1823 856 intercidit
1864 791 2005 868 „Ita
2044 791 2379 876 quidam'’;
2426 792 2639 857 confer
2676 791 2766 857 IV
2794 789 2853 858 ¹7.
2882 792 2966 857 34
2992 794 3099 874 (2)
3130 814 3146 858 :

741 901 900 978 „hoc
948 919 985 963 a
1030 897 1409 984 quibusdam
1461 898 1717 974 dicitur,
1769 896 1876 962 sed
1926 918 2047 984 ego
2086 899 2311 982 puto'’.
2349 897 2655 967 Wessn.
2700 903 2914 965 minus
2956 906 3148 966 recte

738 1007 1010 1072 cursivis
1070 1003 1308 1068 litteris
1361 1006 1672 1088 expressit
1721 1005 1817 1085 (2)
1865 1004 1943 1068 ab
1992 1006 2178 1069 initio
2227 1025 2428 1089 usque
2477 1004 2555 1069 ad
2607 1027 2843 1091 „quam
2891 1006 3150 1072 mihi'’.

738 1113 1029 1176 Donatus
1075 1131 1202 1174 uno
1245 1115 1462 1190 tenore
1501 1108 1800 1175 exhibuit
1837 1109 2157 1189 (1)-1-(2)
2195 1131 2399 1196 usque
2439 1111 2518 1175 ad
2561 1112 2771 1190 „Nam
2811 1115 2866 1176 si
2907 1112 3145 1177 distin·

738 1217 974 1283 xeris''.
1036 1216 1210 1297 Quae
1271 1219 1441 1281 enim
1505 1216 1582 1280 ab
1646 1217 1749 1280 his
1809 1216 1957 1280 inde
2006 1217 2221 1281 verbis
2266 1216 2598 1303 leguntur,
2650 1221 2863 1283 omnia
2909 1220 3143 1283 inania

735 1329 922 1390 sunt:
969 1320 1326 1399 „arbitror”
1367 1322 1464 1387 bis
1503 1321 2013 1387 subaudiendum
2054 1343 2222 1397 esse,
2263 1330 2406 1408 post
2449 1326 2703 1410 „magis
2728 1325 3138 1410 principem'’
3264 1331 3277 1345 '

736 1428 1231 1515 intelligendum
1301 1431 1435 1493 esse
1511 1449 1741 1513 „quam
1812 1427 2041 1506 mihi'',
2113 1429 2280 1514 quod
2354 1428 2458 1494 vel
2531 1433 2653 1494 tiro
2717 1430 2985 1508 viderit,·
3064 1451 3143 1494 ac

737 1537 1112 1622 praesertim
1175 1554 1337 1620 quae
1400 1540 1758 1619 sequuntur
1822 1534 1898 1599 de
1962 1535 2079 1599 hac
2128 1535 2485 1615 locutione,
2535 1539 2578 1601 i.
2606 1558 2661 1601 e.
2712 1536 2787 1602 de
2837 1558 2910 1602 eo
2958 1536 3143 1621 quod

741 1642 944 1722 „hanc
991 1640 1170 1706 rem”
1221 1640 1601 1705 describitur
1638 1663 1754 1725 per
1791 1641 2044 1727 plenam
2087 1643 2465 1707 sententiam
2510 1664 2731 1707 versus
2770 1643 3137 1727 sequentis,·

739 1749 894 1814 haec
941 1768 1142 1832 neque
1194 1745 1595 1824 „elaborata”
1645 1752 1796 1812 sunt
1844 1746 2168 1826 consult0‚
2218 1769 2332 1812 nec
2378 1770 2609 1814 verum
2657 1755 2753 1813 est
2798 1747 3141 1833 Ctesipho-

738 1877 888 1920 nem
957 1859 1216 1939 propter
1277 1854 1551 1916 nimium
1615 1853 1932 1938 gaudium
1993 1859 2056 1918 et
2114 1856 2541 1920 rusticitatem
2606 1856 2997 1919 titubantem
3066 1859 3139 1919 et

739 1960 1202 2027 balbutientem
1250 1961 1342 2024 ita
1385 1958 1680 2024 locutum
1730 1981 1861 2025 esse
1895 1958 1961 2040 ¹).
2010 1960 2225 2046 Igitur
2269 1961 2415 2026 inde
2464 1962 2540 2026 ab
2584 1961 2793 2038 „Nam
2832 1961 2927 2025 si''
2976 1959 3139 2024 Edi-

741 2073 842 2134 tor
887 2067 1079 2132 verba
1125 2067 1297 2130 facit.

833 2173 1064 2258 Opinio
1109 2170 1359 2257 prolata
1399 2173 1468 2235 in
1515 2171 1609 2253 (1)
1657 2174 1768 2236 vix
1814 2173 2022 2238 Probo
2069 2174 2273 2258 Aspro
2321 2175 2631 2259 imputari
2658 2176 2930 2259 poterit.

831 2279 894 2344 II
954 2278 1014 2343 4.
1044 2277 1128 2342 23
1207 2277 1306 2342 Ita
1375 2298 1626 2362 quaes0.
1712 2279 1975 2359 Quando
2044 2281 2202 2344 bene
2271 2282 2608 2358 successit,
2682 2279 2884 2344 hilare
2954 2279 3132 2344 hunc

745 2405 1080 2452 sumamus
1128 2384 1297 2449 diem

831 2491 929 2572 (1)
986 2489 1225 2555 Volunt
1288 2489 1548 2575 quidam
1598 2494 1663 2555 et
1710 2491 1879 2554 hunc
1926 2512 2183 2556 versum
2236 2490 2388 2577 Syri
2431 2511 2733 2576 personae
2782 2490 3136 2575 adiungen-

742 2597 934 2674 dum,
999 2595 1107 2661 sed
1164 2593 1568 2681 Ctesiphonis
1618 2617 1690 2662 ea
1736 2598 1930 2663 verba
1979 2619 2113 2662 esse
2162 2596 2435 2663 subditis
2484 2597 2749 2682 planum
2797 2603 2926 2675 est,
2975 2618 3130 2662 cum

743 2703 897 2767 dicit
957 2701 1071 2782 (IV
1121 2700 1180 2765 1.
1211 2700 1277 2782 5)
1343 2723 1535 2779 „nam
1590 2702 1761 2767 hunc
1809 2703 1981 2768 diem
2028 2706 2260 2769 misere
2308 2705 2502 2767 nimis
2551 2707 2775 2788 cupi0,
2824 2711 2900 2769 ut
2948 2705 3129 2788 coepi

629 2797 634 2802 ⁸
741 2814 1122 2895 perpetuum
1171 2810 1237 2870 in
1281 2807 1529 2873 laetitia
1579 2809 1871 2894 degere’'.

833 2914 1027 2979 Recte
1066 2913 1387 2990 Donatus,
1431 2920 1723 2978 errarunt
1765 2915 2113 3000 „quidam”
2163 2914 2283 2994 illi,
2331 2915 2575 2979 Probus
2612 2935 2685 2978 an
2732 2913 2976 3000 Asper?
3026 2914 3126 2982 cf.

745 3042 873 3106 seq.
923 3018 1263 3084 scholium.

732 3193 738 3201 ,
832 3127 926 3193 III
973 3126 1035 3191 2.
1064 3123 1148 3190 25
1218 3127 1465 3191 Probus
1515 3148 1815 3211 personae
1862 3130 2147 3213 assignat
2198 3128 2313 3193 hoc
2362 3127 2719 3206 Sostratae,
2763 3129 2965 3213 Asper
3004 3150 3127 3194 non

743 3233 889 3300 vult
929 3232 1006 3298 ad
1043 3235 1257 3298 omnia
1297 3253 1555 3298 servum
1598 3233 2009 3319 respondere,
2054 3233 2161 3296 sed
2200 3235 2519 3298 nutricem
2562 3238 2749 3318 putat
2786 3234 2903 3299 hoc
2927 3233 3123 3319 loqui.

832 3341 906 3406 In
972 3362 1036 3406 re
1100 3338 1293 3405 dubia
1355 3339 1644 3405 Donatus
1703 3339 2053 3425 locupletes
2100 3345 2390 3405 auctores
2439 3342 2727 3406 nominat
2772 3339 2957 3405 litem
3002 3363 3125 3405 non

741 3449 1068 3514 dirimens.
3060 3443 3067 3448 ’

833 3553 921 3618 IV
974 3539 1029 3618 1‘.
1063 3551 1146 3616 14
1217 3551 1390 3632 Quae
1438 3557 1678 3637 (opera)
1726 3543 1848 3618 non
1897 3553 2043 3617 data
2090 3557 2186 3616 est
2232 3574 2353 3617 non
2402 3558 2612 3638 potest
2658 3552 2795 3618 fieri

835 3659 929 3742 (2)
977 3659 1100 3724 Hic
1146 3659 1222 3723 de
1268 3659 1453 3724 sactis
1500 3662 1786 3744 quaestio
1825 3663 1955 3735 est,
2000 3661 2068 3723 in
2109 3680 2233 3744 qua
2274 3659 2537 3744 quidam
2577 3660 2903 3744 disputant
2944 3679 3122 3743 quae·

745 3768 892 3833 dam
954 3771 1108 3830 tunc
1169 3764 1497 3850 possibilia
1542 3765 1863 3853 intelligi,
1914 3786 2064 3830 cum
2113 3766 2278 3830 facta
2324 3768 2485 3844 sint;
2538 3779 2686 3830 cum
2736 3773 2951 3831 autem
3000 3788 3121 3830 non

744 3875 932 3952 fiant,
973 3894 1097 3937 non
1141 3871 1327 3936 modo
1367 3893 1489 3937 non
1531 3871 1702 3948 fieri,
1744 3872 1852 3937 sed
1890 3892 1968 3936 ne
2007 3871 2338 3958 possibilia
2378 3872 2637 3956 quidem
2674 3893 2807 3937 esse
2834 3871 3118 3937 dicenda:

745 3982 857 4065 qui
903 3978 1083 4044 locus
1131 3977 1264 4054 περὶ
1316 3976 1582 4042 δυνατῶν
1631 3977 1885 4042 dicitur.
2454 4035 2465 4052 ,

837 4085 1120 4150 Haecine
1168 4104 1201 4147 e
1250 4083 1753 4168 quaestiunculis
1799 4083 1929 4148 illis
1978 4085 2172 4149 Probi
2220 4084 2296 4148 ab
2347 4084 2549 4167 Aspro
2596 4079 2839 4147 relata?

816 4302 870 4366 1)
916 4296 1295 4348 Bentleius
1339 4295 1625 4362 exprobrans
1672 4296 1918 4346 ntenebras
1953 4298 2001 4343 et
2035 4293 2229 4344 tnrbas’'
2264 4311 2380 4359 quas
2416 4296 2657 4352 Donatus,
2692 4309 2833 4357 quem
2868 4294 2987 4344 alias
3018 4311 3116 4344 cnm

744 4385 884 4435 laude
928 4382 1175 4432 nominare
1219 4377 1379 4438 solct‚·
1402 4379 1482 4428 hic
1527 4379 1765 4438 citaverit,
1815 4394 1909 4427 non
1954 4377 2127 4442 ipsum,
2174 4378 2255 4426 sed
2290 4377 2687 4444 interpolatorem
2721 4379 2936 4427 accusat:
2975 4379 3115 4427 ‚Cave

743 4471 902 4517 tamen
938 4481 1047 4515 cum
1082 4464 1268 4513 Donato
1299 4462 1463 4511 credas
1497 4462 1608 4511 data
1642 4477 1787 4527 opera
1820 4461 1887 4510 sic
1921 4460 2135 4509 locutum
2170 4460 2467 4520 Terentium,
2510 4462 2562 4509 ut
2598 4459 2830 4510 rusticum
2864 4459 3118 4510 adolescen-

743 4558 841 4599 tem
874 4548 1118 4597 induceret
1157 4543 1508 4596 „titubantem
1542 4547 1590 4594 et
1625 4560 1743 4609 pene
1777 4540 2212 4602 balbutientemss'f’
