3392 5384
1355 418 1669 466 nonnus.
2658 399 2696 463 5

311 589 534 650 mento
601 604 735 649 esse
797 588 1010 668 potest
1057 608 1173 660 -ς
1226 584 1498 668 denique
1561 584 1638 648 de
1703 579 2176 648 Commentario
2238 583 2463 668 Aspri,
2516 587 2699 648 cuius

311 712 396 755 ne
456 696 629 755 aetas
688 689 946 773 quidem
1007 694 1178 754 certo
1227 689 1475 753 definiri
1521 694 1764 774 potest,
1814 688 2022 773 qualis
2070 689 2299 767 fuerit,
2349 690 2513 753 nihil
2558 711 2701 754 con-

313 801 446 860 stat
491 800 671 860 extra
717 794 887 858 locos
933 797 1159 859 citatos
1208 816 1243 859 a
1288 794 1569 872 Donate,
1619 800 1684 858 et
1732 795 1901 877 quod
1949 794 2096 857 inde
2142 795 2549 860 coniectando
2589 794 2702 859 ali-

314 907 633 986 quatenus
696 900 925 965 deduci
984 903 1220 985 possit,
1285 906 1360 964 ut
1421 901 1740 964 iniustum
1790 902 1875 963 sit
1920 901 2160 964 incerta
2203 905 2267 964 et
2313 903 2525 985 ignoti
2572 902 2700 966 fere

310 1009 597 1071 hominis
659 1008 1048 1091 praestantia
1107 1006 1287 1069 abuti
1345 1005 1422 1068 ad
1473 1006 1798 1069 notissimi
1842 1004 2125 1069 hominis
2173 1005 2414 1070 famam
2463 1007 2702 1070 obtrec-

309 1111 596 1177 tandam.
644 1112 732 1175 At
780 1133 966 1188 vere,
1017 1113 1212 1176 etiam
1261 1113 1318 1175 si
1356 1131 1390 1174 e
1427 1116 1526 1176 tot
1565 1109 1956 1174 scholiorum
1996 1109 2287 1175 millibus
2325 1132 2526 1196 pauca
2562 1111 2696 1189 illa,

312 1219 430 1283 ubi
493 1223 741 1284 veteres
805 1220 1104 1296 citantur,
1167 1219 1324 1302 ipsis
1385 1216 1621 1282 fabulis
1666 1238 1792 1281 non
1838 1219 2141 1302 inspectis
2190 1217 2503 1302 descripta
2551 1225 2702 1281 sunt

313 1346 395 1388 ex
443 1325 647 1409 Aspro
691 1323 795 1387 vel
845 1323 1086 1400 Probe,
1134 1322 1304 1408 quod
1349 1323 1557 1387 adhuc
1604 1344 1718 1387 nec
1764 1344 1929 1407 nego
1978 1344 2181 1407 neque
2220 1323 2515 1401 adfirmo,
2558 1324 2700 1388 ideo

311 1428 446 1494 illis
482 1427 719 1493 Donati
758 1430 1146 1506 virtutibus,
1189 1449 1345 1513 quas
1391 1449 1583 1514 supra
1623 1431 2130 1494 commemoravi
2169 1435 2233 1493 et
2271 1430 2440 1493 unde
2471 1429 2703 1515 ponde-

311 1536 443 1598 rari
489 1532 677 1598 debet
715 1533 1105 1598 scholiorum
1143 1534 1510 1610 authentia,
1554 1533 1721 1598 nihil
1762 1533 2141 1610 detrahitur,
2183 1534 2696 1618 quandoquidem

315 1639 565 1704 dicendi
633 1639 980 1724 elegantia,
1052 1640 1279 1704 iudicii
1349 1642 1587 1704 sanitas
1649 1639 1849 1704 simul
1909 1645 1974 1703 et
2034 1639 2393 1716 subtilitas,
2456 1642 2702 1726 ingenii

316 1766 620 1822 acumen,
686 1744 934 1830 aliaque
985 1744 1302 1810 eiusmodi
1347 1746 1546 1822 bona,
1597 1744 1932 1810 facultates
1981 1753 2133 1809 sunt
2181 1766 2217 1809 a
2264 1749 2519 1810 nemine
2562 1768 2702 1811 mu-

313 1857 430 1916 tuo
481 1855 776 1936 sumptae
823 1851 954 1916 sed«
979 1851 1124 1915 Aeli
1169 1853 1483 1937 propriae.

402 1957 542 2021 Iam
602 1978 753 2023 vero
816 1959 998 2022 iuxta
1063 1960 1504 2040 quaestionem
1565 1957 1642 2021 de
1706 1956 2097 2022 scholiorum
2164 1958 2531 2022 auctoribus
2578 1957 2702 2021 alia

312 2069 413 2127 est
457 2084 579 2126 non
632 2065 846 2126 minus
891 2064 1190 2127 intricata
1235 2068 1300 2127 et
1348 2061 1623 2126 difficilis
1671 2062 1747 2127 de
1797 2059 2163 2128 Commenti
2208 2065 2698 2149 compositione,

313 2188 545 2253 nempe
606 2190 729 2252 qua
789 2170 1035 2233 ratione
1095 2168 1579 2232 adnotationum
1633 2168 1888 2252 farrago
1936 2170 2205 2253 originis
2251 2176 2313 2233 et
2363 2169 2701 2254 dignitatis

312 2281 451 2338 tam
517 2276 729 2339 variae
790 2272 1106 2358 paulatim
1167 2272 1496 2338 coaluerit.
1569 2271 1710 2336 Hoc
1758 2274 2087 2359 aenigma,
2141 2274 2309 2358 quod
2356 2273 2702 2338 Sabbadini

322 2399 472 2445 vere
538 2377 889 2464 appellavit
959 2378 1063 2455 „la
1131 2377 1333 2464 sfinge
1403 2377 1803 2442 Donatiana''
1875 2379 1965 2458 (II
2030 2379 2161 2459 12),
2232 2379 2698 2465 pedetemptim

320 2484 704 2549 solvendum
765 2490 860 2548 est
921 2506 1035 2569 per
1079 2486 1504 2571 hypotheses,
1555 2505 1716 2568 quae
1764 2484 2057 2569 deinceps
2101 2469 2462 2570 ponendae,
2512 2507 2700 2550 excu—

314 2589 601 2666 tiendae,
686 2591 1126 2674 corrigendae,
1199 2590 1568 2654 refutandae
1632 2596 1821 2668 sunt,
1894 2591 2087 2655 donec
2156 2592 2417 2656 tandem
2451 2654 2457 2660 ,
2487 2591 2701 2678 aliqua

311 2701 628 2772 nascatur,
670 2716 830 2779 quae
869 2696 947 2760 ad
979 2698 1322 2762 veritatem
1347 2697 1636 2780 proxime
1658 2695 1949 2760 accedere
1976 2696 2289 2762 videatur.
2331 2698 2699 2763 Permultas

312 2801 626 2866 eiusmodi
692 2801 1026 2866 doctorum
1087 2803 1481 2867 coniecturas
1539 2804 1857 2866 recensuit
1918 2801 2380 2868 Sabbadini
2446 2803 2566 2882 (St.
2614 2804 2695 2869 It.

310 2906 375 2971 Π
424 2904 692 2985 5-15),
746 2908 976 2991 quibus
1024 2909 1277 2972 reiectis
1324 2910 1461 2990 ipse
1500 2927 1733 2998 novam
1775 2907 2067 2993 protulit,
2110 2930 2304 2993 quam
2346 2909 2701 2974 Wessne·

311 3032 447 3075 rus
491 3011 790 3095 probavit
837 3019 899 3076 et
945 3017 1303 3078 accuratius
1349 3016 1438 3078 sic
1484 3011 1824 3098 descripsit
1868 3015 1937 3076 in
1984 3015 2180 3098 praef.
2230 3037 2291 3098 p.
2341 3032 2475 3079 XLV
2499 3036 2591 3099 sq.

407 3115 656 3195 „Quem
726 3120 838 3195 (sc.
909 3116 1280 3198 Sabbadini)
1348 3120 1762 3204 potissimum
1833 3123 2093 3182 secutus
2163 3121 2254 3183 sic
2323 3121 2490 3185 mihi
2558 3142 2697 3186 rem

314 3223 682 3306 composui:
748 3225 1106 3307 genuinum
1154 3224 1390 3290 Donati
1439 3222 1897 3290 Commentum
1944 3227 2014 3287 in
2060 3224 2333 3288 duorum
2381 3232 2697 3311 excerpto-

311 3349 461 3391 rum
501 3348 728 3392 manus
764 3328 993 3392 incidit
1033 3332 1142 3414 qui
1181 3336 1433 3395 servato
1472 3332 1749 3394 auctoris
1790 3330 2047 3394 nomina
2086 3329 2321 3394 scholia
2345 3333 2698 3396 maximam

311 3438 564 3518 partem
627 3431 772 3517 plus
835 3436 1132 3500 minusve
1195 3436 1647 3500 transformata
1701 3437 1769 3499 in
1830 3434 2361 3500 Terentianorum
2407 3437 2700 3502 codicum

312 3541 678 3624 marginem
737 3539 1221 3605 transtulerunt.
1285 3541 1675 3606 Procedente
1737 3547 2024 3626 tempore
2086 3544 2302 3606 evenit
2362 3548 2440 3606 ut
2487 3546 2738 3608 variae·

314 3643 749 3709 adnotationes
810 3644 1095 3710 diversae
1158 3649 1426 3732 originis
1487 3649 1620 3712 sive
1680 3648 1760 3711 ab
1820 3648 1981 3732 ipsis
2042 3649 2516 3732 excerptoribus
2562 3651 2700 3715 sive

315 3751 395 3814 ab
457 3748 601 3814 aliis
665 3750 1082 3816 edicerentur.
1142 3752 1309 3817 'I'um
1357 3760 1536 3818 sexto
1584 3752 1837 3819 saeculo
1869 3753 1916 3834 ¹)
1962 3756 2176 3818 nescio
2224 3756 2367 3838 quis
2414 3754 2540 3818 duo
2586 3754 2700 3820 illa

315 3855 702 3922 scholiorum
763 3878 1026 3942 corpora
1083 3859 1431 3924 admodum
1493 3864 1707 3924 aucta.
1738 3863 1805 3924 in
1868 3880 2073 3924 unum
2136 3881 2361 3946 cogere
2409 3861 2697 3938 studuit,

314 3968 505 4046 atque
564 3984 700 4027 rem
745 3966 838 4028 ita
883 3956 1184 4030 instituit*
1218 3971 1290 4029 ut
1336 3968 1622 4050 primum
1671 3964 1960 4051 singulos
2007 3965 2402 4031 scholiorum
2448 3968 2702 4034 ordines

379 4267 428 4327 1)
479 4265 817 4316 Sabbadini
868 4267 920 4316 11
966 4267 1030 4316 22
1077 4268 1184 4317 adn.
1234 4268 1492 4317 commenti
1537 4268 1689 4317 nostri
1735 4271 1921 4317 textum
1968 4268 2280 4318 constitutum
2328 4284 2425 4317 esse
2485 4270 2698 4335 disputat

306 4349 440 4398 intra
486 4365 601 4399 saec.
649 4350 724 4398 vl
757 4352 805 4398 et
839 4348 950 4408 VII,
987 4351 1349 4399 Wessnerus
1385 4351 1532 4415 praef.
1570 4367 1615 4416 p.
1651 4365 1753 4400 xbv
1787 4350 2058 4399 accuratius
2092 4353 2281 4416 tempus
2315 4351 2549 4412 definivit,
2583 4369 2690 4402 con·

311 4432 532 4480 cludens:
573 4431 755 4480 nNulla
790 4447 843 4480 re
877 4431 1028 4495 igitur
1061 4432 1369 4496 impedimur,
1405 4433 1522 4496 quin
1558 4433 1716 4482 medio
1752 4433 1851 4480 fere
1874 4425 2071 4481 'saeculo
2103 4433 2170 4481 VI
2207 4449 2309 4482 eam
2348 4449 2467 4497 quae
2502 4437 2702 4482 aetatem

311 4514 432 4563 tulit
466 4513 756 4563 scholiorum
793 4515 1192 4563 Terentianorum
1227 4515 1548 4566 recensionem
1584 4531 1682 4564 esse
1721 4518 1879 4564 ortam
1912 4531 2168 4565 sumamus.
