3392 5384
1189 424 1275 472 nn
1323 424 1638 474 numrmls
1684 423 2009 473 Ρωιτῌοο.
2652 404 2783 473 377

749 586 838 657 ὅτι
887 593 1026 656 ποτ’
1080 590 1201 671 ἄρα
1248 590 1317 656 τὸ
1366 590 1672 669 δαιμόνιον

746 698 817 763 τό
865 700 930 791 τ’.
973 698 1032 763 έν
1079 697 1275 778 χρόνῳ
1323 699 1539 778 μακρῷ

746 806 1000 883 νόμιμον
1049 804 1144 869 ἀεὶ
1195 803 1386 885 Φύσει
1433 829 1500 868 τε
1553 802 1833 885 πεφυκός
1884 803 2139 883 (Bacch.
2186 802 2367 886 826).

383 911 508 977 Sed
570 914 753 977 iuxta
813 910 998 977 illam
1061 910 1305 996 Legem
1369 916 1520 975 sunt
1583 909 1763 996 leges
1827 931 1989 994 quae
2040 911 2559 988 conscribuntur,
2621 932 2783 996 quae

380 1039 494 1083 nec
555 1017 743 1097 φύσει
801 1018 1150 1095 πεφυκότες
1201 1022 1386 1092 sunt,
1434 1037 1548 1081 nec
1593 1015 2073 1093 immutabiles,
2124 1002 2637 1101 quandoquidem
2686 1038 2780 1082 se-

381 1123 664 1190 cundum
725 1145 1020 1189 normam
1067 1123 1261 1209 Legis
1309 1122 1487 1188 illius
1537 1143 1910 1207 supremae,
1963 1123 2074 1199 „s’x
2122 1129 2237 1186 τῶν
2286 1122 2596 1200 δικαίων”,
2646 1144 2778 1188 cor-

379 1234 685 1317 riguntur
747 1231 849 1312 (fr.
901 1228 1082 1310 212),
1148 1235 1365 1294 contra
1410 1228 1911 1314 pessumdantur
1958 1235 2459 1315 corrumpuntur
2506 1228 2778 1295 simulac

378 1358 563 1404 aures
614 1335 856 1423 popelli
907 1334 1310 1421 permulcent
1366 1341 1677 1412 oratores»,
1722 1335 2081 1415 δημηγόρων
2124 1336 2464 1415 ἀχάριστον
2499 1335 2774 1417 σπέρμα,

384 1446 496 1528 qui
534 1444 672 1515 τοὺς
715 1442 935 1523 Φίλους
969 1442 1363 1517 βλάπτοντες
1399 1444 1463 1506 οὐ
1505 1441 1888 1523 Φροντίζουσι
1910 1488 1927 1519 ,
1970 1440 2319 1507 dummodo
2360 1449 2483 1514 τοῖς
2521 1450 2775 1514 πολλοῖς

384 1551 528 1629 πρὸς
575 1548 760 1629 χάριν
803 1548 1012 1626 λέγειν
1061 1550 1306 1634 possint
1353 1547 1537 1627 (Hec.
1592 1547 1775 1629 256).

473 1657 799 1736 Quantum
837 1655 1206 1742 agliscente
1246 1655 1633 1722 ochlocratia
1670 1659 1809 1741 ipse
1849 1661 2037 1741 poeta
2076 1662 2209 1721 tam
2249 1653 2505 1742 legibus
2531 1658 2773 1721 civium

384 1784 580 1849 quam
618 1763 904 1827 moribus
940 1764 1267 1840 timuerit,
1311 1762 1608 1850 singulae
1648 1763 2129 1849 tragoediarum
2170 1764 2441 1848 paginae
2464 1761 2772 1827 clamant.

378 1871 777 1935 Paucissima
822 1874 1079 1934 tantum
1118 1869 1415 1956 exempla
1455 1868 1773 1935 adducam
1822 1907 1900 1919 —
1940 1890 2091 1935 nam
2131 1890 2232 1935 res
2266 1872 2406 1955 ipsa
2444 1872 2511 1934 in
2552 1876 2770 1956 aperto

377 1983 475 2043 est
521 2014 607 2025 —-
655 1996 816 2061 quae
871 1978 1138 2062 propius
1184 1997 1379 2062 quam
1425 1981 1634 2042 cetera
1682 1976 1763 2041 ad
1808 1976 2158 2062 fragmenti
2208 1972 2339 2041 597
2388 1979 2769 2042 sententiam

375 2081 702 2149 accedunt.
751 2079 983 2170 Cogito
1031 2082 1108 2148 de
1153 2080 1373 2148 Oreste
1422 2080 1609 2163 (907)

741 2183 890 2253 ὅταν
937 2188 1066 2267 γὰρ
1115 2188 1255 2262 ἡδὺς
1303 2197 1427 2261 τοῖς
1477 2188 1684 2265 λόγοις
1736 2192 1963 2269 φρονῶν
2011 2195 2209 2260 κακῶς

742 2296 933 2359 πείθει
982 2294 1050 2359 τὸ
1099 2296 1367 2372 πλῆθος,
1417 2303 1494 2375 τῇ
1544 2294 1721 2357 πόλει
1771 2293 1957 2357 κακὸν
2005 2293 2221 2372 μέγα,

381 2405 517 2489 apti
563 2422 816 2488 quoque
864 2406 1058 2466 testes
1105 2400 1336 2465 adsunt
1383 2402 1450 2465 in
1497 2398 1912 2486 Supplieibus
1961 2404 2095 2465 tam
2142 2399 2459 2478 Theseus,
2503 2400 2579 2466 de
2619 2422 2772 2487 pau-

379 2510 640 2594 peribus
689 2512 954 2593 questus
1000 2512 1120 2586 (vs.
1170 2505 1330 2587 243)
1377 2508 1487 2592 qui
1537 2508 1754 2571 omnia
1802 2504 1972 2570 mala
2018 2511 2281 2571 struunt
2326 2510 2395 2571 in
2444 2506 2677 2573 divites

325 2595 328 2599 Δ
742 2613 1060 2691 γλώσσαις
1113 2618 1368 2692 πονηρῶν
1409 2613 1770 2691 προστατῶν
1818 2611 2197 2691 φηλούμενοι

373 2716 569 2807 quam
615 2719 1068 2786 Thebanorum
1114 2717 1370 2805 legatus
1413 2718 1524 2784 ille
1564 2719 2002 2785 monarchiam
2044 2717 2360 2784 extollens
2401 2720 2576 2785 urbis
2618 2739 2769 2785 suae

374 2834 498 2909 (vs.
547 2826 708 2908 413)

737 2932 856 2998 οὐδ’
905 2930 1070 2997 ἔστιν
1119 2932 1312 3005 αὐτὴν
1359 2927 1523 3002 ὅστις
1573 2933 1891 3014 εἰιχοιυνῶν
1943 2932 2152 3011 λόγοις

737 3040 879 3120 πρὸς
934 3040 1128 3119 κέρδος
1178 3037 1323 3105 ἴδιον
1370 3038 1590 3104 ἄλλοτ’
1642 3020 1877 3104 ἄλλοσε
1928 3038 2201 3120 στρέφει.

466 3145 766 3212 Oratores
824 3144 1112 3232 publicos
1173 3151 1237 3210 et
1296 3144 1520 3231 populi
1566 3146 1892 3210 contiones
1939 3145 2093 3211 haee
2142 3150 2450 3231 spectant.
2499 3144 2625 3211 Sed
2673 3151 2764 3211 te-

371 3253 655 3320 nendum
720 3258 854 3331 est,
917 3257 1173 3337 poetam
1239 3272 1362 3335 quo
1426 3271 1612 3315 nemo
1685 3253 1897 3337 magis
1964 3252 2309 3317 rhetorices
2379 3256 2812 3342 potestatem⁸

372 3362 628 3447 propria
689 3379 806 3423 sua
869 3364 1003 3423 arte
1066 3359 1455 3434 exercuerit,
1521 3363 1585 3421 et
1646 3359 1899 3421 novisse
1964 3363 2028 3422 et
2091 3359 2389 3424 timuisse
2438 3341 2580 3423 eam
2627 3360 2764 3423 vim

373 3487 569 3553 quam
613 3468 681 3531 iu
728 3464 1019 3551 singulos
1066 3464 1358 3529 homines
1406 3484 1508 3528 ars
1555 3462 1807 3528 dicendi
1858 3470 2183 3528 exerceat:

737 3574 843 3636 οὐκ
890 3569 1019 3635 ἔστι
1073 3572 1316 3643 Πειθοῦς
1360 3570 1528 3648 ἱερὸν·
1558 3566 1719 3634 ἄλλο
1770 3572 1931 3643 πλὴν
1983 3570 2207 3648 λόγος,

736 3678 839 3742 καὶ
887 3676 1100 3755 βωμὸς
1150 3678 1345 3751 αὐτῆς
1397 3677 1528 3740 ἐστ’
1579 3677 1638 3740 ἐν
1685 3677 1989 3754 ἀνθρώπου
2037 3676 2226 3758 Φύσει
2276 3676 2380 3756 (fr.
2438 3673 2615 3755 170).

463 3783 630 3852 Cum
694 3789 948 3849 tantum
996 3785 1216 3868 itaque
1262 3782 1521 3848 suadela
1567 3784 1789 3868 possit,
1839 3787 2158 3867 praestare
2205 3781 2467 3848 videtur
2514 3782 2768 3847 homini

375 3898 642 3957 naturae
690 3897 881 3978 atque
927 3888 1167 3967 indoli,
1216 3910 1412 3974 quam
1460 3882 1772 3967 oratloni,
1814 3889 1995 3955 factis
2036 3910 2234 3974 quam
2275 3889 2509 3967 verbiS,
2549 3890 2763 3953 animo

374 4000 533 4063 civis
594 4018 788 4083 quam
847 3995 982 4082 legi
1045 3997 1148 4061 eui
1210 3999 1428 4081 pareat
1492 3995 1823 4061 confidere.
1890 3995 2049 4061 Vide
2112 4016 2305 4081 quam
2367 3994 2555 4081 plane
2618 4016 2761 4059 con-

371 4125 612 4190 gruens
657 4125 807 4169 cum
854 4103 1216 4188 fragmento
1267 4101 1398 4167 597
1447 4104 1763 4186 sapientia
1812 4102 1888 4193 fr.
1940 4101 2071 4168 206
2121 4109 2225 4183 (ex
2274 4103 2578 4187 Antiope)
2621 4124 2762 4187 pro-

373 4210 647 4275 feratur:
2562 4195 2567 4199 .

736 4310 776 4378 ὦ
828 4322 979 4391 ποεῖ,
1031 4312 1286 4392 γένοιντ’
1335 4312 1410 4377 ἂν
1461 4310 1527 4379 εὖ
1574 4313 1944 4391 λελεγμένοι
1994 4315 2167 4390 λόγοι

736 4422 1015 4500 ψευδεῖς,
1069 4421 1226 4484 ἐπῶν
1270 4419 1334 4485 δὲ
1383 4419 1681 4485 κάλλεσιν
1730 4422 1933 4501 νικῷεν
1981 4419 2056 4485 ἂν

723 4524 1032 4601 τάληθές·
1083 4528 1262 4591 ἀλλ’
1310 4527 1390 4592 οὖ
1441 4530 1680 4591 τοῦτο
1729 4526 2407 4608 τάκριβέστοιτον
