3392 5384
751 397 888 468 280
1794 415 2107 468 nonnus.

751 585 852 652 Ex
897 585 1172 652 Andriae
1217 585 1458 652 scholio
1506 590 1773 672 apparet
1825 585 2047 672 bigam
2090 605 2210 663 „ex
2248 584 2526 670 cupitis”
2572 604 2706 650 esse
2742 583 3128 671 gaudium

752 699 818 757 et
863 712 1125 778 spem,
1173 713 1336 778 quae
1383 692 1546 758 Don.
1593 692 1673 758 ad
1719 693 1890 757 hunc
1936 713 2197 757 versum
2238 693 2568 757 nominare
2614 690 2989 777 supersedit.

751 796 965 866 Schol.
1029 798 1126 882 (7)
1187 801 1581 887 excogitavit
1642 799 1892 877 Editor,
1941 819 2021 864 ne
2070 797 2397 864 Donatum
2446 797 2658 864 solum
2702 796 3131 883 philosophari

751 912 1079 992 pateretur
1122 908 1190 972 in
1237 905 1355 988 (5).
1405 904 1722 974 Genuinis
1766 907 1976 992 igitur
2019 926 2137 971 sua
2184 906 2522 971 subiunxit
2569 905 2667 987 (6)
2713 911 2779 970 et
2821 901 2943 986 (7).

757 1081 766 1086 ,
843 1012 1003 1078 Ibid.
1057 1012 1142 1080 10
1211 1011 1414 1080 Cuius
1461 1019 1536 1077 tu
1581 1011 1777 1078 fidem
1825 1014 1892 1076 in
1938 1015 2209 1098 pecunia
2254 1014 2650 1098 perspexeris

843 1117 942 1199 (5)
1001 1119 1146 1185 Non
1204 1118 1640 1206 „inspexeris”
1702 1117 1807 1184 sed
1863 1119 2344 1205 „perspexeris”
2395 1119 2567 1206 quod
2613 1117 2763 1204 plus
2810 1122 2908 1183 est
2951 1115 3129 1181 dixit.

844 1224 1040 1304 Quasi
1083 1224 1250 1292 illud
1297 1226 1361 1291 h.
1385 1225 1431 1292 1.
1482 1225 1816 1292 ferendum
1862 1226 2093 1291 fuerat.

842 1331 1007 1401 Ibid.
1061 1332 1144 1399 12
1213 1332 1397 1399 Hanc
1446 1352 1709 1418 operam
1759 1333 1881 1398 tibi
1930 1332 2069 1398 dico

845 1437 942 1520 (3)
985 1438 1148 1506 Plus
1192 1446 1289 1506 est
1337 1439 1563 1518 „dico”
1613 1459 1810 1526 quam
1861 1438 2065 1519 „do’':
2115 1439 2453 1505 dicatur
2502 1444 2848 1525 perpetuo,
2894 1437 3137 1502 datur

753 1543 834 1611 ad
879 1551 1158 1633 tempus.

845 1650 1025 1718 Sitne
1070 1652 1191 1719 hoc
1229 1651 1466 1719 Donati
1503 1651 1729 1720 dubito
1769 1657 2031 1739 propter
2068 1652 2387 1719 scholium
2423 1652 2586 1718 Dan.
2630 1652 2708 1718 ad
2749 1652 2911 1717 Aen.
2951 1649 2983 1714 I
3026 1647 3134 1716 73:

752 1756 888 1824 Alii
935 1758 1243 1837 „dicabo”
1290 1760 1454 1826 dabo
1501 1762 1844 1846 accipiunt.
1896 1759 2264 1825 Terentius:
2308 1761 2486 1838 „iam
2525 1760 2688 1826 hanc
2723 1778 2985 1843 operam
3023 1756 3141 1821 tibi

753 1864 959 1943 dico’'‚
1004 1867 1073 1932 id
1121 1873 1220 1933 est
1267 1866 1370 1932 do.

841 1970 1005 2038 Ibid.
1047 1971 1131 2038 13
1177 1971 1361 2038 Senis
1393 1975 1618 2051 nostri,
1657 1972 1857 2050 Dave,
1882 1973 2147 2039 fratrem
2176 1975 2486 2038 maiorem
2510 1971 2855 2039 Chremem
2884 1965 3135 2036 nostin?

1173 2078 1232 2145 D
1251 2100 1306 2145 a.
1355 2077 1634 2160 Quidni?

843 2184 940 2266 (2)
987 2185 1238 2251 Mirum
1285 2185 1739 2272 compendium
1779 2188 2159 2253 narrationis
2198 2168 2383 2272 quasi
2419 2207 2534 2272 per
2568 2187 3136 2272 interrogationem

751 2292 904 2358 fecit
922 2340 939 2370 ,
987 2314 1068 2358 ne
1115 2314 1194 2358 ex
1242 2292 1372 2359 alto
1417 2298 1753 2380 repeteret.
1800 2292 1907 2359 Sic
1945 2292 2275 2380 Vergilius
2316 2293 2544 2372 „fando
2582 2291 2843 2378 aliquod
2886 2293 2942 2357 si
2981 2290 3138 2355 forte

760 2402 903 2464 tuas
953 2401 1249 2485 pervenit
1295 2399 1375 2466 ad
1421 2401 1649 2466 aures’'
1702 2421 1757 2465 e.
1782 2419 1843 2484 q.
1871 2421 1921 2464 s.
1971 2399 2061 2480 (II
2108 2399 2245 2482 81),
2296 2405 2362 2465 et
2410 2401 2666 2478 ‚',nostin
2712 2399 2899 2477 hanc,
2950 2417 3137 2484 quam

751 2510 930 2571 amat
985 2503 1262 2571 fraterP’
1322 2508 1392 2571 in
1453 2506 1769 2572 Eunucho
1829 2504 1949 2586 (ΙΙΙ
1999 2504 2060 2573 5.
2091 2505 2224 2588 15).
2365 2506 2591 2572 Editor
2650 2506 2771 2572 hoc
2834 2502 3139 2591 ampullis

747 2612 843 2677 ita
903 2614 1269 2679 exornavit:
1333 2612 1429 2692 (1)
1492 2611 1774 2678 Dicendo
1838 2613 2090 2691 „senis”
2152 2613 2430 2680 ostendit
2459 2614 2509 2696 ¹)
2556 2618 2621 2678 et
2669 2611 3137 2696 adulescentem

749 2738 816 2784 se
864 2718 1202 2784 dominum
1247 2719 1513 2797 habere,
1563 2719 1828 2785 dicendo
1880 2719 2170 2798 „nostri”
2219 2719 2500 2786 ostendit
2544 2741 2681 2786 esse
2727 2723 2795 2785 et
2830 2718 3135 2795 alienum,

748 2823 1017 2892 dicendo
1053 2826 1403 2903 „fratrem”
1442 2847 1569 2891 non
1607 2847 1815 2891 unum
1854 2847 1989 2892 esse
2014 2829 2423 2909 monstravit,
2450 2826 2712 2892 dicendo
2738 2824 3135 2903 „maiorem”

749 2933 947 3008 etiam
1001 2934 1268 2998 minoris
1314 2913 1467 2998 facit
1511 2933 1827 2998 indicium
1874 2933 2016 3013 (NB
2065 2935 2277 3000 minor
2320 2932 2431 3000 ille
2479 2939 2575 2998 est
2621 2932 2945 3018 Demipho
2966 2980 2983 3010 ,
3030 2931 3138 3016 qui

748 3040 816 3102 in
855 3035 1073 3104 fab‘ula
1108 3037 1463 3105 identidem
1502 3046 1832 3126 comparet
1850 3037 1915 3121 1).
1963 3040 2068 3106 Sic
2109 3042 2480 3127 argumenti
2506 3045 2755 3126 partem
2780 3042 3134 3105 maximam

746 3144 1033 3210 nondum
1076 3165 1337 3210 narrans
1379 3147 1446 3211 in
1485 3148 1626 3231 ipsa
1664 3148 2167 3232 interrogatione
2203 3148 2521 3233 transegit
2554 3145 2658 3225 (cf.
2698 3144 2913 3227 Don.).
2962 3144 3131 3210 Haec

746 3257 966 3318 autem
1008 3254 1222 3318 omnia
1259 3257 1518 3338 propter
1555 3251 1871 3339 populum
1898 3250 1950 3334 ²)
1986 3255 2077 3318 sic
2115 3258 2434 3340 aguntum
2471 3252 2614 3318 ideo
2636 3251 2751 3318 ille
2778 3247 3127 3338 „quidniY”

746 3359 937 3439 dicit,
1015 3380 1094 3424 ne
1169 3360 1256 3423 sit
1329 3379 1490 3444 opus
1561 3357 1860 3444 pluribus
1935 3359 2167 3438 verbis.
2321 3359 2484 3425 Ecce
2553 3380 2713 3445 quae
2779 3357 3129 3424 secundum

743 3464 1276 3553 Interpolatorem
1343 3467 1545 3531 insint
1611 3468 1681 3532 in
1752 3486 1825 3531 eo
1880 3466 2050 3551 quod
2093 3465 2383 3533 Donatus
2431 3464 2782 3554 appellavit
2847 3466 3128 3543 „mirum

745 3572 1238 3658 compendium”
1255 3569 1270 3636 !
2271 3655 2279 3662 ι

837 3677 999 3743 Ibid.
1052 3678 1134 3744 19
1203 3678 1289 3758 Et
1333 3683 1661 3765 supererat
1707 3677 1803 3760 (3)
1849 3678 2007 3744 Plus
2054 3683 2152 3745 est
2198 3699 2642 3765 superesse
2690 3699 2884 3764 quem
2933 3695 3123 3744 esse.

835 3783 978 3863 Ed„
1024 3788 1102 3850 ut
1148 3782 1233 3851 57
1259 3783 1355 3866 (2)
1400 3783 1560 3850 Plus
1609 3791 1707 3850 est
1756 3787 1899 3862 „vis
1946 3785 2139 3851 boni”
2191 3806 2384 3872 quam
2434 3787 2697 3851 bonum.
2936 3775 2941 3781 ⁶

755 3960 763 3972 ⁴
833 3890 996 3955 Ibid.
1046 3890 1134 3958 20
1203 3891 1505 3958 Desinas:
1557 3893 1648 3957 sic
1695 3897 1792 3959 est
1836 3894 2176 3979 ingenium
2224 3892 2699 3979 (Demiphonis)

835 3996 1000 4062 Don.
1045 3997 1143 4079 (1)
1190 3999 1366 4064 Bona
1410 4001 1809 4085 praeparatio
1854 4020 1981 4084 qua
2026 4005 2091 4066 et
2138 4000 2318 4066 dives
2364 4006 2429 4066 et
2473 4021 2706 4066 avarus
2751 3999 3128 4066 describitur

744 4101 1100 4189 Demiph0,
1163 4110 1239 4170 ut
1283 4104 1605 4171 indotatas
1653 4107 1913 4190 nuptias
1949 4105 2079 4185 ‚filii
2125 4107 2287 4173 ferre
2332 4129 2460 4173 non
2507 4108 2728 4192 possit.
2866 4105 2985 4171 Ed.
3033 4103 3123 4184 (2)

753 4431 760 4436 .
814 4396 867 4458 1)
908 4395 1182 4447 „Dicendo”
1217 4402 1268 4448 st
1307 4396 1580 4450 :ostendiff
1615 4398 1667 4448 in
1705 4399 1792 4450 Ed.
1825 4399 2022 4450 scholiis
2055 4415 2193 4466 saepe
2228 4399 2447 4450 redeunt.

754 4481 766 4538 ζ
813 4477 870 4542 2)
916 4478 990 4528 Cf.
1023 4493 1170 4544 supra
1201 4495 1249 4546 p.
1283 4479 1381 4532 287
1420 4481 1479 4533 ad
1513 4480 1634 4534 Eun.
1671 4482 1715 4530 V
1750 4481 1883 4536 419
1916 4481 1969 4534 in
2002 4483 2114 4546 fine,
2148 4481 2231 4532 ubi
2264 4481 2628 4552 distinguuntur
2672 4485 3115 4552 spectatores

745 4563 794 4612 st
827 4576 853 4611 e
871 4576 896 4610 r
915 4578 946 4613 u
964 4560 1117 4613 diti.
