<?xml version="1.0" encoding="UTF-8"?>
<!DOCTYPE html PUBLIC "-//W3C//DTD XHTML 1.0 Transitional//EN"
    "http://www.w3.org/TR/xhtml1/DTD/xhtml1-transitional.dtd">
<html xmlns="http://www.w3.org/1999/xhtml" xml:lang="en" lang="en">
 <head>
  <title>
</title>
<meta http-equiv="Content-Type" content="text/html;charset=utf-8" />
  <meta name='ocr-system' content='tesseract 3.04.00' />
  <meta name='ocr-capabilities' content='ocr_page ocr_carea ocr_par ocr_line ocrx_word'/>
</head>
<body>
  <div class='ocr_page' id='page_1' title='image "./mnemosynebiblio13servgoog_0065.png"; bbox 0 0 3392 5384; ppageno 0'>
   <div class='ocr_carea' id='block_1_1' title="bbox 1341 389 2701 460">
    <p class='ocr_par' dir='ltr' id='par_1_1' title="bbox 1341 389 2701 460">
     <span class='ocr_line' id='line_1_1' title="bbox 1341 389 2701 460; baseline -0.001 -2"><span class='ocrx_word' id='word_1_1' title='bbox 1341 411 1690 460; x_wconf 59' lang='lat' dir='ltr'>nomuuoa.</span> <span class='ocrx_word' id='word_1_2' title='bbox 2145 403 2153 410; x_wconf 88' lang='grc'>·</span> <span class='ocrx_word' id='word_1_3' title='bbox 2616 389 2701 457; x_wconf 80' lang='grc'>53</span> 
     </span>
    </p>
   </div>
   <div class='ocr_carea' id='block_1_2' title="bbox 319 574 2725 1400">
    <p class='ocr_par' dir='ltr' id='par_1_2' title="bbox 319 574 2725 1295">
     <span class='ocr_line' id='line_1_2' title="bbox 321 574 2703 664; baseline -0.002 -19"><span class='ocrx_word' id='word_1_4' title='bbox 321 592 476 645; x_wconf 68' lang='lat' dir='ltr'>cum‘</span> <span class='ocrx_word' id='word_1_5' title='bbox 518 579 768 664; x_wconf 84' lang='lat' dir='ltr'>Pyrrho</span> <span class='ocrx_word' id='word_1_6' title='bbox 815 576 1085 642; x_wconf 89' lang='lat' dir='ltr'>Achillis</span> <span class='ocrx_word' id='word_1_7' title='bbox 1131 575 1261 642; x_wconf 79' lang='lat' dir='ltr'>filio</span> <span class='ocrx_word' id='word_1_8' title='bbox 1309 577 1563 643; x_wconf 83' lang='lat' dir='ltr'>Troiam</span> <span class='ocrx_word' id='word_1_9' title='bbox 1613 576 1857 640; x_wconf 92' lang='lat' dir='ltr'>decimo</span> <span class='ocrx_word' id='word_1_10' title='bbox 1903 597 2067 641; x_wconf 89' lang='lat' dir='ltr'>anno</span> <span class='ocrx_word' id='word_1_11' title='bbox 2114 574 2272 641; x_wconf 91' lang='lat' dir='ltr'>belli</span> <span class='ocrx_word' id='word_1_12' title='bbox 2316 597 2539 661; x_wconf 81' lang='lat' dir='ltr'>capere</span> <span class='ocrx_word' id='word_1_13' title='bbox 2576 599 2703 640; x_wconf 88' lang='lat' dir='ltr'>non</span> 
     </span>
     <span class='ocr_line' id='line_1_3' title="bbox 319 671 2703 769; baseline -0.001 -21"><span class='ocrx_word' id='word_1_14' title='bbox 319 687 537 769; x_wconf 91' lang='lat' dir='ltr'>potuit</span> <span class='ocrx_word' id='word_1_15' title='bbox 590 686 720 748; x_wconf 88' lang='lat' dir='ltr'>nisi</span> <span class='ocrx_word' id='word_1_16' title='bbox 765 683 1167 769; x_wconf 83' lang='lat' dir='ltr'>grandaevus</span> <span class='ocrx_word' id='word_1_17' title='bbox 1213 689 1366 747; x_wconf 89' lang='lat' dir='ltr'>tunc</span> <span class='ocrx_word' id='word_1_18' title='bbox 1412 689 1577 747; x_wconf 90' lang='lat' dir='ltr'>esset</span> <span class='ocrx_word' id='word_1_19' title='bbox 1624 681 2007 759; x_wconf 85' lang='lat' dir='ltr'>admodum,</span> <span class='ocrx_word' id='word_1_20' title='bbox 2050 671 2304 747; x_wconf 83' lang='lat' dir='ltr'>decimo</span> <span class='ocrx_word' id='word_1_21' title='bbox 2352 702 2513 747; x_wconf 90' lang='lat' dir='ltr'>anno</span> <span class='ocrx_word' id='word_1_22' title='bbox 2560 689 2703 767; x_wconf 88' lang='lat' dir='ltr'>post</span> 
     </span>
     <span class='ocr_line' id='line_1_4' title="bbox 321 787 2703 874; baseline -0.002 -19"><span class='ocrx_word' id='word_1_23' title='bbox 321 793 573 874; x_wconf 91' lang='lat' dir='ltr'>captam</span> <span class='ocrx_word' id='word_1_24' title='bbox 636 787 894 853; x_wconf 85' lang='lat' dir='ltr'><strong>Troiam</strong></span> <span class='ocrx_word' id='word_1_25' title='bbox 955 787 1410 854; x_wconf 81' lang='lat' dir='ltr'><strong>Telemachum</strong></span> <span class='ocrx_word' id='word_1_26' title='bbox 1472 789 1754 873; x_wconf 89' lang='lat' dir='ltr'>hospitio</span> <span class='ocrx_word' id='word_1_27' title='bbox 1815 790 2095 872; x_wconf 91' lang='lat' dir='ltr'>accipere</span> <span class='ocrx_word' id='word_1_28' title='bbox 2141 809 2269 852; x_wconf 93' lang='lat' dir='ltr'>non</span> <span class='ocrx_word' id='word_1_29' title='bbox 2314 790 2530 872; x_wconf 88' lang='lat' dir='ltr'>potuit</span> <span class='ocrx_word' id='word_1_30' title='bbox 2578 790 2703 852; x_wconf 91' lang='lat' dir='ltr'>nisi</span> 
     </span>
     <span class='ocr_line' id='line_1_5' title="bbox 319 891 2702 979; baseline -0.001 -21"><span class='ocrx_word' id='word_1_31' title='bbox 319 896 788 979; x_wconf 80' lang='lat' dir='ltr'>nonagenarius</span> <span class='ocrx_word' id='word_1_32' title='bbox 836 900 989 958; x_wconf 89' lang='lat' dir='ltr'>tunc</span> <span class='ocrx_word' id='word_1_33' title='bbox 1037 898 1202 959; x_wconf 90' lang='lat' dir='ltr'>esset</span> <span class='ocrx_word' id='word_1_34' title='bbox 1245 893 1394 957; x_wconf 90' lang='lat' dir='ltr'>fere.</span> <span class='ocrx_word' id='word_1_35' title='bbox 1442 894 1667 978; x_wconf 89' lang='lat' dir='ltr'>Itaque</span> <span class='ocrx_word' id='word_1_36' title='bbox 1716 892 1871 956; x_wconf 91' lang='lat' dir='ltr'>dum</span> <span class='ocrx_word' id='word_1_37' title='bbox 1918 891 2113 956; x_wconf 89' lang='lat' dir='ltr'>latius</span> <span class='ocrx_word' id='word_1_38' title='bbox 2158 891 2481 977; x_wconf 89' lang='lat' dir='ltr'>latiusque</span> <span class='ocrx_word' id='word_1_39' title='bbox 2523 892 2702 956; x_wconf 92' lang='lat' dir='ltr'>didu-</span> 
     </span>
     <span class='ocr_line' id='line_1_6' title="bbox 321 993 2725 1083; baseline -0.002 -19"><span class='ocrx_word' id='word_1_40' title='bbox 321 1002 490 1064; x_wconf 82' lang='lat' dir='ltr'>citur</span> <span class='ocrx_word' id='word_1_41' title='bbox 527 1000 694 1064; x_wconf 89' lang='lat' dir='ltr'>orbis</span> <span class='ocrx_word' id='word_1_42' title='bbox 732 1001 937 1064; x_wconf 85' lang='lat' dir='ltr'>varias</span> <span class='ocrx_word' id='word_1_43' title='bbox 975 997 1224 1064; x_wconf 88' lang='lat' dir='ltr'>fabulas</span> <span class='ocrx_word' id='word_1_44' title='bbox 1257 998 1626 1083; x_wconf 88' lang='lat' dir='ltr'>complexus</span> <span class='ocrx_word' id='word_1_45' title='bbox 1651 1004 1715 1062; x_wconf 94' lang='lat' dir='ltr'>et</span> <span class='ocrx_word' id='word_1_46' title='bbox 1740 997 1957 1062; x_wconf 88' lang='lat' dir='ltr'>ordine</span> <span class='ocrx_word' id='word_1_47' title='bbox 1982 996 2426 1083; x_wconf 85' lang='lat' dir='ltr'>chronologico</span> <span class='ocrx_word' id='word_1_48' title='bbox 2451 1000 2587 1062; x_wconf 83' lang='lat' dir='ltr'>sive</span> <span class='ocrx_word' id='word_1_49' title='bbox 2616 993 2725 1046; x_wconf 75' lang='grc'>-’</span> 
     </span>
     <span class='ocr_line' id='line_1_7' title="bbox 321 1103 2702 1189; baseline -0.001 -21"><span class='ocrx_word' id='word_1_50' title='bbox 321 1125 470 1169; x_wconf 91' lang='lat' dir='ltr'>nam</span> <span class='ocrx_word' id='word_1_51' title='bbox 519 1104 740 1169; x_wconf 89' lang='lat' dir='ltr'>eodem</span> <span class='ocrx_word' id='word_1_52' title='bbox 787 1103 853 1167; x_wconf 92' lang='lat' dir='ltr'>id</span> <span class='ocrx_word' id='word_1_53' title='bbox 897 1104 1064 1168; x_wconf 88' lang='lat' dir='ltr'>redit</span> <span class='ocrx_word' id='word_1_54' title='bbox 1104 1141 1187 1152; x_wconf 89' lang='lat'>—-</span> <span class='ocrx_word' id='word_1_55' title='bbox 1227 1104 1640 1189; x_wconf 74' lang='lat' dir='ltr'>genealog-ico</span> <span class='ocrx_word' id='word_1_56' title='bbox 1679 1106 1953 1178; x_wconf 58' lang='lat' dir='ltr'>intense</span> <span class='ocrx_word' id='word_1_57' title='bbox 1992 1108 2317 1187; x_wconf 91' lang='lat' dir='ltr'>utcunque</span> <span class='ocrx_word' id='word_1_58' title='bbox 2339 1106 2702 1189; x_wconf 88' lang='lat' dir='ltr'>iunguntur</span> 
     </span>
     <span class='ocr_line' id='line_1_8' title="bbox 323 1207 2699 1295; baseline -0.001 -21"><span class='ocrx_word' id='word_1_59' title='bbox 323 1210 791 1286; x_wconf 85' lang='lat' dir='ltr'>diversissima,</span> <span class='ocrx_word' id='word_1_60' title='bbox 833 1210 1124 1274; x_wconf 77' lang='lat' dir='ltr'>Nestoris</span> <span class='ocrx_word' id='word_1_61' title='bbox 1161 1212 1382 1295; x_wconf 81' lang='lat' dir='ltr'>imago</span> <span class='ocrx_word' id='word_1_62' title='bbox 1420 1214 1496 1273; x_wconf 91' lang='lat' dir='ltr'>ut</span> <span class='ocrx_word' id='word_1_63' title='bbox 1541 1207 1808 1273; x_wconf 88' lang='lat' dir='ltr'>Achillis</span> <span class='ocrx_word' id='word_1_64' title='bbox 1831 1207 2240 1293; x_wconf 90' lang='lat' dir='ltr'>Helenaeque</span> <span class='ocrx_word' id='word_1_65' title='bbox 2264 1214 2561 1293; x_wconf 89' lang='lat' dir='ltr'>corrupta</span> <span class='ocrx_word' id='word_1_66' title='bbox 2586 1213 2699 1273; x_wconf 88' lang='lat' dir='ltr'>est.</span> 
     </span>
    </p>

    <p class='ocr_par' dir='ltr' id='par_1_3' title="bbox 408 1313 2699 1400">
     <span class='ocr_line' id='line_1_9' title="bbox 408 1313 2699 1400; baseline 0 -22"><span class='ocrx_word' id='word_1_67' title='bbox 408 1313 760 1379; x_wconf 82' lang='lat' dir='ltr'>Simillima</span> <span class='ocrx_word' id='word_1_68' title='bbox 805 1320 1028 1398; x_wconf 88' lang='lat' dir='ltr'>postea</span> <span class='ocrx_word' id='word_1_69' title='bbox 1073 1315 1436 1394; x_wconf 88' lang='lat' dir='ltr'>acciderunt</span> <span class='ocrx_word' id='word_1_70' title='bbox 1482 1317 1551 1378; x_wconf 90' lang='lat' dir='ltr'>in</span> <span class='ocrx_word' id='word_1_71' title='bbox 1591 1314 1957 1400; x_wconf 88' lang='lat' dir='ltr'>tragoediis.</span> <span class='ocrx_word' id='word_1_72' title='bbox 2005 1315 2173 1380; x_wconf 89' lang='lat' dir='ltr'>Nam</span> <span class='ocrx_word' id='word_1_73' title='bbox 2216 1314 2291 1378; x_wconf 92' lang='lat' dir='ltr'>de</span> <span class='ocrx_word' id='word_1_74' title='bbox 2331 1313 2575 1378; x_wconf 85' lang='lat' dir='ltr'>Tiresia</span> <span class='ocrx_word' id='word_1_75' title='bbox 2616 1351 2699 1362; x_wconf 90' lang='lat'>—</span> 
     </span>
    </p>
   </div>
   <div class='ocr_carea' id='block_1_3' title="bbox 320 1417 2803 1509">
    <p class='ocr_par' dir='ltr' id='par_1_4' title="bbox 320 1417 2803 1509">
     <span class='ocr_line' id='line_1_10' title="bbox 320 1417 2803 1509; baseline -0 -26"><span class='ocrx_word' id='word_1_76' title='bbox 320 1427 392 1484; x_wconf 91' lang='lat' dir='ltr'>ut</span> <span class='ocrx_word' id='word_1_77' title='bbox 438 1420 556 1484; x_wconf 90' lang='lat' dir='ltr'>hoc</span> <span class='ocrx_word' id='word_1_78' title='bbox 603 1425 868 1482; x_wconf 89' lang='lat' dir='ltr'>utamur</span> <span class='ocrx_word' id='word_1_79' title='bbox 913 1418 1206 1504; x_wconf 88' lang='lat' dir='ltr'>exemplo</span> <span class='ocrx_word' id='word_1_80' title='bbox 1255 1455 1340 1468; x_wconf 90' lang='lat'>——-</span> <span class='ocrx_word' id='word_1_81' title='bbox 1389 1440 1550 1505; x_wconf 90' lang='lat' dir='ltr'>quae</span> <span class='ocrx_word' id='word_1_82' title='bbox 1597 1426 1821 1504; x_wconf 89' lang='lat' dir='ltr'>poetae</span> <span class='ocrx_word' id='word_1_83' title='bbox 1861 1421 2090 1504; x_wconf 78' lang='lat' dir='ltr'>tragici</span> <span class='ocrx_word' id='word_1_84' title='bbox 2129 1421 2197 1482; x_wconf 91' lang='lat' dir='ltr'>in</span> <span class='ocrx_word' id='word_1_85' title='bbox 2235 1421 2431 1483; x_wconf 85' lang='lat' dir='ltr'>variis</span> <span class='ocrx_word' id='word_1_86' title='bbox 2469 1417 2702 1509; x_wconf 87' lang='lat' dir='ltr'>fabulis</span> <span class='ocrx_word' id='word_1_87' title='bbox 2800 1417 2803 1421; x_wconf 80' lang='grc'><strong>’</strong></span> 
     </span>
    </p>
   </div>
   <div class='ocr_carea' id='block_1_4' title="bbox 318 1524 2703 2557">
    <p class='ocr_par' dir='ltr' id='par_1_5' title="bbox 318 1524 2703 2557">
     <span class='ocr_line' id='line_1_11' title="bbox 321 1524 2703 1610; baseline -0.001 -21"><span class='ocrx_word' id='word_1_88' title='bbox 321 1525 571 1589; x_wconf 85' lang='lat' dir='ltr'>diversa</span> <span class='ocrx_word' id='word_1_89' title='bbox 618 1545 733 1589; x_wconf 92' lang='lat' dir='ltr'>suo</span> <span class='ocrx_word' id='word_1_90' title='bbox 777 1527 916 1588; x_wconf 90' lang='lat' dir='ltr'>iure</span> <span class='ocrx_word' id='word_1_91' title='bbox 963 1524 1354 1590; x_wconf 90' lang='lat' dir='ltr'>rettulerunt</span> <span class='ocrx_word' id='word_1_92' title='bbox 1400 1546 1549 1589; x_wconf 89' lang='lat' dir='ltr'>cum</span> <span class='ocrx_word' id='word_1_93' title='bbox 1599 1546 1634 1589; x_wconf 89' lang='lat' dir='ltr'>a</span> <span class='ocrx_word' id='word_1_94' title='bbox 1681 1525 2183 1610; x_wconf 84' lang='lat' dir='ltr'>mythographis</span> <span class='ocrx_word' id='word_1_95' title='bbox 2227 1526 2395 1588; x_wconf 87' lang='lat' dir='ltr'>inter</span> <span class='ocrx_word' id='word_1_96' title='bbox 2440 1545 2505 1588; x_wconf 88' lang='lat' dir='ltr'>se</span> <span class='ocrx_word' id='word_1_97' title='bbox 2549 1529 2703 1587; x_wconf 88' lang='lat' dir='ltr'>sunt</span> 
     </span>
     <span class='ocr_line' id='line_1_12' title="bbox 319 1621 2703 1715; baseline -0.001 -21"><span class='ocrx_word' id='word_1_98' title='bbox 319 1629 657 1714; x_wconf 87' lang='lat' dir='ltr'>colligata,</span> <span class='ocrx_word' id='word_1_99' title='bbox 720 1636 1010 1714; x_wconf 91' lang='lat' dir='ltr'>repertus</span> <span class='ocrx_word' id='word_1_100' title='bbox 1072 1636 1168 1694; x_wconf 89' lang='lat' dir='ltr'>est</span> <span class='ocrx_word' id='word_1_101' title='bbox 1228 1630 1502 1695; x_wconf 85' lang='lat' dir='ltr'>Tiresias</span> <span class='ocrx_word' id='word_1_102' title='bbox 1550 1632 1837 1715; x_wconf 86' lang='lat' dir='ltr'>tragicus</span> <span class='ocrx_word' id='word_1_103' title='bbox 1882 1632 2069 1708; x_wconf 80' lang='grc' dir='ltr'><strong><em>μεχρὶ</em></strong></span> <span class='ocrx_word' id='word_1_104' title='bbox 2124 1621 2190 1706; x_wconf 80' lang='grc' dir='ltr'>ἒξ</span> <span class='ocrx_word' id='word_1_105' title='bbox 2236 1636 2458 1704; x_wconf 81' lang='grc' dir='ltr'><strong><em>γενεῶν</em></strong></span> <span class='ocrx_word' id='word_1_106' title='bbox 2504 1653 2703 1706; x_wconf 83' lang='grc' dir='ltr'><strong><em>παρα-</em></strong></span> 
     </span>
     <span class='ocr_line' id='line_1_13' title="bbox 320 1723 2701 1820; baseline 0.001 -22"><span class='ocrx_word' id='word_1_107' title='bbox 320 1737 528 1806; x_wconf 80' lang='grc' dir='ltr'><strong><em>τείνας</em></strong></span> <span class='ocrx_word' id='word_1_108' title='bbox 578 1735 678 1799; x_wconf 76' lang='grc' dir='ltr'>τὸν</span> <span class='ocrx_word' id='word_1_109' title='bbox 725 1737 860 1812; x_wconf 80' lang='grc' dir='ltr'><strong><em>βίον</em></strong></span> <span class='ocrx_word' id='word_1_110' title='bbox 891 1735 960 1814; x_wconf 87' lang='lat'>¹).</span> <span class='ocrx_word' id='word_1_111' title='bbox 1025 1723 1364 1820; x_wconf 84' lang='lat' dir='ltr'>Euripides</span> <span class='ocrx_word' id='word_1_112' title='bbox 1412 1734 1716 1801; x_wconf 85' lang='lat' dir='ltr'>videlicet</span> <span class='ocrx_word' id='word_1_113' title='bbox 1765 1735 1935 1819; x_wconf 90' lang='lat' dir='ltr'>apud</span> <span class='ocrx_word' id='word_1_114' title='bbox 1982 1733 2366 1799; x_wconf 86' lang='lat' dir='ltr'>Archelaum</span> <span class='ocrx_word' id='word_1_115' title='bbox 2414 1734 2701 1800; x_wconf 90' lang='lat' dir='ltr'>Macedo-</span> 
     </span>
     <span class='ocr_line' id='line_1_14' title="bbox 318 1839 2700 1925; baseline -0.001 -21"><span class='ocrx_word' id='word_1_116' title='bbox 318 1843 461 1904; x_wconf 88' lang='lat' dir='ltr'>niae</span> <span class='ocrx_word' id='word_1_117' title='bbox 519 1860 742 1925; x_wconf 88' lang='lat' dir='ltr'>regem</span> <span class='ocrx_word' id='word_1_118' title='bbox 805 1840 1040 1925; x_wconf 90' lang='lat' dir='ltr'>degens</span> <span class='ocrx_word' id='word_1_119' title='bbox 1088 1841 1218 1904; x_wconf 80' lang='grc' dir='ltr'><strong><em>ἐπεὶ</em></strong></span> <span class='ocrx_word' id='word_1_120' title='bbox 1267 1843 1460 1920; x_wconf 79' lang='grc' dir='ltr'><strong><em>τούτῳ</em></strong></span> <span class='ocrx_word' id='word_1_121' title='bbox 1509 1839 1916 1920; x_wconf 80' lang='grc' dir='ltr'><strong><em>χαριζόμενος</em></strong></span> <span class='ocrx_word' id='word_1_122' title='bbox 1967 1839 2176 1920; x_wconf 70' lang='grc' dir='ltr'><strong><em>δρᾶμα</em></strong></span> <span class='ocrx_word' id='word_1_123' title='bbox 2226 1840 2501 1920; x_wconf 83' lang='grc' dir='ltr'><strong><em>ἔγραψεν</em></strong></span> <span class='ocrx_word' id='word_1_124' title='bbox 2547 1841 2700 1915; x_wconf 81' lang='grc' dir='ltr'>ὁμώ-</span> 
     </span>
     <span class='ocr_line' id='line_1_15' title="bbox 319 1945 2697 2026; baseline 0 -18"><span class='ocrx_word' id='word_1_125' title='bbox 319 1970 522 2022; x_wconf 85' lang='grc' dir='ltr'><strong><em>νυμον,</em></strong></span> <span class='ocrx_word' id='word_1_126' title='bbox 549 1946 650 2010; x_wconf 79' lang='grc' dir='ltr'><strong><em>’τὸν</em></strong></span> <span class='ocrx_word' id='word_1_127' title='bbox 676 1947 997 2026; x_wconf 72' lang='grc' dir='ltr'><strong><em>Τειρεσίαν</em></strong></span> <span class='ocrx_word' id='word_1_128' title='bbox 1023 1950 1464 2025; x_wconf 71' lang='grc' dir='ltr'>παρεισήγαγε</span> <span class='ocrx_word' id='word_1_129' title='bbox 1490 1946 1849 2024; x_wconf 70' lang='grc' dir='ltr'><strong><em>βεβιωκότα</em></strong></span> <span class='ocrx_word' id='word_1_130' title='bbox 1879 1948 2063 2009; x_wconf 79' lang='grc' dir='ltr'><strong><em>πέντε</em></strong></span> <span class='ocrx_word' id='word_1_131' title='bbox 2087 1951 2309 2021; x_wconf 81' lang='grc' dir='ltr'><strong><em>γενεῶν</em></strong></span> <span class='ocrx_word' id='word_1_132' title='bbox 2336 1946 2519 2009; x_wconf 81' lang='grc' dir='ltr'><strong><em>πλέον</em></strong></span> <span class='ocrx_word' id='word_1_133' title='bbox 2538 1945 2590 2025; x_wconf 80' lang='lat'>²)</span> <span class='ocrx_word' id='word_1_134' title='bbox 2615 1983 2697 1992; x_wconf 94' lang='lat'><strong>—</strong></span> 
     </span>
     <span class='ocr_line' id='line_1_16' title="bbox 319 2051 2699 2136; baseline 0 -22"><span class='ocrx_word' id='word_1_135' title='bbox 319 2072 445 2115; x_wconf 92' lang='lat' dir='ltr'>una</span> <span class='ocrx_word' id='word_1_136' title='bbox 492 2053 663 2115; x_wconf 90' lang='lat' dir='ltr'>enim</span> <span class='ocrx_word' id='word_1_137' title='bbox 710 2057 856 2135; x_wconf 86' lang='lat' dir='ltr'>post</span> <span class='ocrx_word' id='word_1_138' title='bbox 901 2051 1389 2117; x_wconf 88' lang='lat' dir='ltr'>Heraclidarum</span> <span class='ocrx_word' id='word_1_139' title='bbox 1435 2051 1717 2116; x_wconf 89' lang='lat' dir='ltr'>reditum</span> <span class='ocrx_word' id='word_1_140' title='bbox 1766 2056 1973 2116; x_wconf 89' lang='lat' dir='ltr'>aetate</span> <span class='ocrx_word' id='word_1_141' title='bbox 2022 2053 2216 2115; x_wconf 88' lang='lat' dir='ltr'>etiam</span> <span class='ocrx_word' id='word_1_142' title='bbox 2263 2054 2699 2136; x_wconf 87' lang='lat' dir='ltr'>superstitem.</span> 
     </span>
     <span class='ocr_line' id='line_1_17' title="bbox 318 2155 2701 2222; baseline 0 -2"><span class='ocrx_word' id='word_1_143' title='bbox 318 2155 404 2220; x_wconf 81' lang='lat' dir='ltr'>Et</span> <span class='ocrx_word' id='word_1_144' title='bbox 450 2157 714 2221; x_wconf 87' lang='lat' dir='ltr'>fortasse</span> <span class='ocrx_word' id='word_1_145' title='bbox 762 2155 1248 2222; x_wconf 90' lang='lat' dir='ltr'>Heraclidarum</span> <span class='ocrx_word' id='word_1_146' title='bbox 1286 2156 1399 2221; x_wconf 92' lang='lat' dir='ltr'>ille</span> <span class='ocrx_word' id='word_1_147' title='bbox 1440 2157 1684 2222; x_wconf 89' lang='lat' dir='ltr'>reditus</span> <span class='ocrx_word' id='word_1_148' title='bbox 1724 2159 1919 2220; x_wconf 89' lang='lat' dir='ltr'>etiam</span> <span class='ocrx_word' id='word_1_149' title='bbox 1956 2159 2022 2220; x_wconf 91' lang='lat' dir='ltr'>in</span> <span class='ocrx_word' id='word_1_150' title='bbox 2062 2157 2345 2220; x_wconf 85' lang='lat' dir='ltr'>Nestoris</span> <span class='ocrx_word' id='word_1_151' title='bbox 2381 2155 2701 2220; x_wconf 86' lang='lat' dir='ltr'>natalibus</span> 
     </span>
     <span class='ocr_line' id='line_1_18' title="bbox 327 2260 2699 2345; baseline 0.001 -21"><span class='ocrx_word' id='word_1_152' title='bbox 327 2261 771 2345; x_wconf 89' lang='lat' dir='ltr'>computandis</span> <span class='ocrx_word' id='word_1_153' title='bbox 818 2282 1107 2326; x_wconf 88' lang='lat' dir='ltr'>errorum</span> <span class='ocrx_word' id='word_1_154' title='bbox 1155 2283 1343 2327; x_wconf 90' lang='lat' dir='ltr'>causa</span> <span class='ocrx_word' id='word_1_155' title='bbox 1388 2264 1638 2339; x_wconf 80' lang='lat' dir='ltr'>extitit3</span> <span class='ocrx_word' id='word_1_156' title='bbox 1689 2263 1805 2325; x_wconf 92' lang='lat' dir='ltr'>hos</span> <span class='ocrx_word' id='word_1_157' title='bbox 1851 2264 2023 2325; x_wconf 90' lang='lat' dir='ltr'>enim</span> <span class='ocrx_word' id='word_1_158' title='bbox 2070 2261 2389 2345; x_wconf 85' lang='lat' dir='ltr'>fugientes</span> <span class='ocrx_word' id='word_1_159' title='bbox 2435 2260 2699 2326; x_wconf 88' lang='lat' dir='ltr'>Nelidae</span> 
     </span>
     <span class='ocr_line' id='line_1_19' title="bbox 324 2362 2699 2443; baseline 0.001 -16"><span class='ocrx_word' id='word_1_160' title='bbox 324 2366 392 2427; x_wconf 88' lang='lat' dir='ltr'>in</span> <span class='ocrx_word' id='word_1_161' title='bbox 455 2362 743 2430; x_wconf 87' lang='lat' dir='ltr'>Atticam</span> <span class='ocrx_word' id='word_1_162' title='bbox 803 2369 1052 2432; x_wconf 85' lang='lat' dir='ltr'>venisse</span> <span class='ocrx_word' id='word_1_163' title='bbox 1116 2367 1491 2432; x_wconf 90' lang='lat' dir='ltr'>dicebantur</span> <span class='ocrx_word' id='word_1_164' title='bbox 1552 2365 1959 2442; x_wconf 87' lang='lat' dir='ltr'>Melanthus,</span> <span class='ocrx_word' id='word_1_165' title='bbox 2028 2365 2362 2443; x_wconf 90' lang='lat' dir='ltr'>Alcmeon,</span> <span class='ocrx_word' id='word_1_166' title='bbox 2430 2367 2699 2431; x_wconf 86' lang='lat' dir='ltr'>Paeonis</span> 
     </span>
     <span class='ocr_line' id='line_1_20' title="bbox 325 2469 2401 2557; baseline 0.001 -24"><span class='ocrx_word' id='word_1_167' title='bbox 325 2469 445 2534; x_wconf 90' lang='lat' dir='ltr'>filii</span> <span class='ocrx_word' id='word_1_168' title='bbox 492 2469 652 2549; x_wconf 89' lang='lat' dir='ltr'>duo,</span> <span class='ocrx_word' id='word_1_169' title='bbox 698 2472 1108 2551; x_wconf 77' lang='lat' dir='ltr'>PisistratuS,</span> <span class='ocrx_word' id='word_1_170' title='bbox 1155 2476 1434 2557; x_wconf 65' lang='lat' dir='ltr'>‘quorum</span> <span class='ocrx_word' id='word_1_171' title='bbox 1478 2473 1597 2536; x_wconf 88' lang='lat' dir='ltr'>hoc</span> <span class='ocrx_word' id='word_1_172' title='bbox 1644 2472 1968 2536; x_wconf 88' lang='lat' dir='ltr'>ferebatur</span> <span class='ocrx_word' id='word_1_173' title='bbox 2012 2477 2289 2536; x_wconf 84' lang='lat' dir='ltr'>stemma</span> <span class='ocrx_word' id='word_1_174' title='bbox 2315 2469 2401 2551; x_wconf 83' lang='lat'>³):</span> 
     </span>
    </p>
   </div>
   <div class='ocr_carea' id='block_1_5' title="bbox 1361 2752 1514 2761">
    <p class='ocr_par' dir='ltr' id='par_1_6' title="bbox 1361 2752 1514 2761">
     <span class='ocr_line' id='line_1_21' title="bbox 1361 2752 1514 2761; baseline 0 0"><span class='ocrx_word' id='word_1_175' title='bbox 1361 2752 1514 2761; x_wconf 95' lang='lat' dir='ltr'> </span> 
     </span>
    </p>
   </div>
   <div class='ocr_carea' id='block_1_6' title="bbox 1693 2752 1847 2760">
    <p class='ocr_par' dir='ltr' id='par_1_7' title="bbox 1693 2752 1847 2760">
     <span class='ocr_line' id='line_1_22' title="bbox 1693 2752 1847 2760; baseline 0 0"><span class='ocrx_word' id='word_1_176' title='bbox 1693 2752 1847 2760; x_wconf 95' lang='lat' dir='ltr'> </span> 
     </span>
    </p>
   </div>
   <div class='ocr_carea' id='block_1_7' title="bbox 1427 2929 1579 2938">
    <p class='ocr_par' dir='ltr' id='par_1_8' title="bbox 1427 2929 1579 2938">
     <span class='ocr_line' id='line_1_23' title="bbox 1427 2929 1579 2938; baseline 0 0"><span class='ocrx_word' id='word_1_177' title='bbox 1427 2929 1579 2938; x_wconf 95' lang='lat' dir='ltr'> </span> 
     </span>
    </p>
   </div>
   <div class='ocr_carea' id='block_1_8' title="bbox 1582 2929 1735 2938">
    <p class='ocr_par' dir='ltr' id='par_1_9' title="bbox 1582 2929 1735 2938">
     <span class='ocr_line' id='line_1_24' title="bbox 1582 2929 1735 2938; baseline 0 0"><span class='ocrx_word' id='word_1_178' title='bbox 1582 2929 1735 2938; x_wconf 95' lang='lat' dir='ltr'> </span> 
     </span>
    </p>
   </div>
   <div class='ocr_carea' id='block_1_9' title="bbox 1838 3063 1845 3195">
    <p class='ocr_par' dir='ltr' id='par_1_10' title="bbox 1838 3063 1845 3195">
     <span class='ocr_line' id='line_1_25' title="bbox 1838 3063 1845 3195; baseline 0 0"><span class='ocrx_word' id='word_1_179' title='bbox 1838 3063 1845 3195; x_wconf 95' lang='lat' dir='ltr'> </span> 
     </span>
    </p>
   </div>
   <div class='ocr_carea' id='block_1_10' title="bbox 2259 3063 2269 3196">
    <p class='ocr_par' dir='ltr' id='par_1_11' title="bbox 2259 3063 2269 3196">
     <span class='ocr_line' id='line_1_26' title="bbox 2259 3063 2269 3196; baseline 0 0"><span class='ocrx_word' id='word_1_180' title='bbox 2259 3063 2269 3196; x_wconf 95' lang='lat' dir='ltr'> </span> 
     </span>
    </p>
   </div>
   <div class='ocr_carea' id='block_1_11' title="bbox 535 2752 2432 3454">
    <p class='ocr_par' dir='ltr' id='par_1_12' title="bbox 535 2752 2432 3454">
     <span class='ocr_line' id='line_1_27' title="bbox 535 2752 1933 2884; baseline 0 -16"><span class='ocrx_word' id='word_1_181' title='bbox 535 2752 892 2884; x_wconf 38' lang='lat' dir='ltr'>Pericly&amp;</span> <span class='ocrx_word' id='word_1_182' title='bbox 1755 2753 1933 2869; x_wconf 66' lang='lat' dir='ltr'>Nes&#39;tor</span> 
     </span>
     <span class='ocr_line' id='line_1_28' title="bbox 552 2997 2432 3062; baseline -0.001 -14"><span class='ocrx_word' id='word_1_183' title='bbox 552 2997 836 3048; x_wconf 80' lang='lat' dir='ltr'>‚Penthilus</span> <span class='ocrx_word' id='word_1_184' title='bbox 1251 2999 1594 3062; x_wconf 81' lang='lat' dir='ltr'>Thrasymedes</span> <span class='ocrx_word' id='word_1_185' title='bbox 1630 3026 1694 3036; x_wconf 62' lang='lat'>›—</span> <span class='ocrx_word' id='word_1_186' title='bbox 1729 2998 2012 3048; x_wconf 82' lang='lat' dir='ltr'>Antilochus</span> <span class='ocrx_word' id='word_1_187' title='bbox 2048 3025 2111 3035; x_wconf 89' lang='lat'>—</span> <span class='ocrx_word' id='word_1_188' title='bbox 2148 2999 2432 3047; x_wconf 80' lang='lat' dir='ltr'>Pisistratus</span> 
     </span>
     <span class='ocr_line' id='line_1_29' title="bbox 650 3065 806 3180; baseline 0.013 -2"><span class='ocrx_word' id='word_1_189' title='bbox 650 3065 806 3180; x_wconf 71' lang='lat' dir='ltr'>Boi-us</span> 
     </span>
     <span class='ocr_line' id='line_1_30' title="bbox 1344 3198 1929 3247; baseline -0.003 -1"><span class='ocrx_word' id='word_1_190' title='bbox 1344 3198 1492 3247; x_wconf 90' lang='lat' dir='ltr'>Sillus</span> <span class='ocrx_word' id='word_1_191' title='bbox 1770 3198 1929 3245; x_wconf 86' lang='lat' dir='ltr'>Paeon</span> 
     </span>
     <span class='ocr_line' id='line_1_31' title="bbox 547 3264 1424 3396; baseline 0 -84"><span class='ocrx_word' id='word_1_192' title='bbox 547 3265 912 3329; x_wconf 80' lang='lat' dir='ltr'>Andropompus</span> <span class='ocrx_word' id='word_1_193' title='bbox 1177 3341 1184 3350; x_wconf 18' lang='grc' dir='ltr'><strong>ἱ</strong></span> <span class='ocrx_word' id='word_1_194' title='bbox 1415 3264 1424 3396; x_wconf 79' lang='grc' dir='ltr'>Ι</span> 
     </span>
     <span class='ocr_line' id='line_1_32' title="bbox 600 3329 2423 3454; baseline -0.001 -10"><span class='ocrx_word' id='word_1_195' title='bbox 600 3397 656 3444; x_wconf 89' lang='lat' dir='ltr'>M</span> <span class='ocrx_word' id='word_1_196' title='bbox 660 3329 880 3446; x_wconf 68' lang='lat' dir='ltr'>ela&#39;nthus</span> <span class='ocrx_word' id='word_1_197' title='bbox 1163 3357 1169 3362; x_wconf 30' lang='grc' dir='ltr'>Ι</span> <span class='ocrx_word' id='word_1_198' title='bbox 1295 3397 1521 3445; x_wconf 85' lang='lat' dir='ltr'>Alcmeon</span> <span class='ocrx_word' id='word_1_199' title='bbox 1790 3395 1881 3443; x_wconf 90' lang='lat' dir='ltr'>filii</span> <span class='ocrx_word' id='word_1_200' title='bbox 2114 3394 2397 3443; x_wconf 83' lang='lat' dir='ltr'>Pisistratus</span> <span class='ocrx_word' id='word_1_201' title='bbox 2411 3433 2423 3454; x_wconf 93' lang='lat'>,</span> 
     </span>
    </p>
   </div>
   <div class='ocr_carea' id='block_1_12' title="bbox 311 3509 2702 3922">
    <p class='ocr_par' dir='ltr' id='par_1_13' title="bbox 311 3509 2702 3922">
     <span class='ocr_line' id='line_1_33' title="bbox 311 3509 2702 3594; baseline -0.001 -4"><span class='ocrx_word' id='word_1_202' title='bbox 311 3529 408 3590; x_wconf 90' lang='lat' dir='ltr'>ita</span> <span class='ocrx_word' id='word_1_203' title='bbox 472 3509 546 3590; x_wconf 85' lang='lat' dir='ltr'>ut</span> <span class='ocrx_word' id='word_1_204' title='bbox 607 3525 843 3594; x_wconf 90' lang='lat' dir='ltr'>Neleus</span> <span class='ocrx_word' id='word_1_205' title='bbox 904 3532 1121 3591; x_wconf 85' lang='lat' dir='ltr'>sextae</span> <span class='ocrx_word' id='word_1_206' title='bbox 1170 3532 1316 3591; x_wconf 90' lang='lat' dir='ltr'>ante</span> <span class='ocrx_word' id='word_1_207' title='bbox 1362 3526 1643 3590; x_wconf 91' lang='lat' dir='ltr'>reditum</span> <span class='ocrx_word' id='word_1_208' title='bbox 1670 3525 2180 3590; x_wconf 88' lang='lat' dir='ltr'>-Heraclidarum</span> <span class='ocrx_word' id='word_1_209' title='bbox 2232 3528 2427 3589; x_wconf 85' lang='lat' dir='ltr'>aetati</span> <span class='ocrx_word' id='word_1_210' title='bbox 2474 3525 2702 3589; x_wconf 87' lang='lat' dir='ltr'>adscri-</span> 
     </span>
     <span class='ocr_line' id='line_1_34' title="bbox 315 3630 2701 3716; baseline -0.001 -20"><span class='ocrx_word' id='word_1_211' title='bbox 315 3633 579 3696; x_wconf 91' lang='lat' dir='ltr'>beretur</span> <span class='ocrx_word' id='word_1_212' title='bbox 616 3635 672 3696; x_wconf 92' lang='lat' dir='ltr'>si</span> <span class='ocrx_word' id='word_1_213' title='bbox 709 3631 1030 3696; x_wconf 91' lang='lat' dir='ltr'>Melanthi</span> <span class='ocrx_word' id='word_1_214' title='bbox 1070 3633 1410 3697; x_wconf 87' lang='lat' dir='ltr'>haberetur</span> <span class='ocrx_word' id='word_1_215' title='bbox 1447 3635 1644 3708; x_wconf 88' lang='lat' dir='ltr'>ratio,</span> <span class='ocrx_word' id='word_1_216' title='bbox 1686 3635 1945 3716; x_wconf 89' lang='lat' dir='ltr'>quintae</span> <span class='ocrx_word' id='word_1_217' title='bbox 1986 3634 2041 3695; x_wconf 89' lang='lat' dir='ltr'>si</span> <span class='ocrx_word' id='word_1_218' title='bbox 2083 3630 2478 3708; x_wconf 87' lang='lat' dir='ltr'>Alcmeonis,</span> <span class='ocrx_word' id='word_1_219' title='bbox 2520 3652 2701 3714; x_wconf 90' lang='lat' dir='ltr'>quar-</span> 
     </span>
     <span class='ocr_line' id='line_1_35' title="bbox 313 3736 2700 3822; baseline -0.001 -21"><span class='ocrx_word' id='word_1_220' title='bbox 313 3744 422 3801; x_wconf 87' lang='lat' dir='ltr'>tae</span> <span class='ocrx_word' id='word_1_221' title='bbox 469 3740 525 3800; x_wconf 89' lang='lat' dir='ltr'>si</span> <span class='ocrx_word' id='word_1_222' title='bbox 571 3738 929 3814; x_wconf 86' lang='lat' dir='ltr'>Pisistrati,</span> <span class='ocrx_word' id='word_1_223' title='bbox 976 3737 1469 3802; x_wconf 85' lang='lat' dir='ltr'>Nestor-autem</span> <span class='ocrx_word' id='word_1_224' title='bbox 1517 3742 1777 3822; x_wconf 85' lang='lat' dir='ltr'>quartae</span> <span class='ocrx_word' id='word_1_225' title='bbox 1825 3739 1880 3801; x_wconf 87' lang='lat' dir='ltr'>si</span> <span class='ocrx_word' id='word_1_226' title='bbox 1924 3736 2323 3813; x_wconf 90' lang='lat' dir='ltr'>Alcmeonis,</span> <span class='ocrx_word' id='word_1_227' title='bbox 2372 3739 2597 3800; x_wconf 87' lang='lat' dir='ltr'>tertiae</span> <span class='ocrx_word' id='word_1_228' title='bbox 2646 3739 2700 3799; x_wconf 89' lang='lat' dir='ltr'>si</span> 
     </span>
     <span class='ocr_line' id='line_1_36' title="bbox 312 3835 742 3922; baseline 0 -16"><span class='ocrx_word' id='word_1_229' title='bbox 312 3835 644 3906; x_wconf 85' lang='lat' dir='ltr'>Pisistrati</span> <span class='ocrx_word' id='word_1_230' title='bbox 669 3841 742 3922; x_wconf 77' lang='lat'>4).</span> 
     </span>
    </p>
   </div>
   <div class='ocr_carea' id='block_1_13' title="bbox 315 4009 711 4020">
    <p class='ocr_par' dir='ltr' id='par_1_14' title="bbox 315 4009 711 4020">
     <span class='ocr_line' id='line_1_37' title="bbox 315 4009 711 4020; baseline 0 1364"><span class='ocrx_word' id='word_1_231' title='bbox 315 4009 711 4020; x_wconf 95' lang='lat' dir='ltr'> </span> 
     </span>
    </p>
   </div>
   <div class='ocr_carea' id='block_1_14' title="bbox 310 4097 2701 4571">
    <p class='ocr_par' dir='ltr' id='par_1_15' title="bbox 385 4097 1046 4158">
     <span class='ocr_line' id='line_1_38' title="bbox 385 4097 1046 4158; baseline -0.002 -12"><span class='ocrx_word' id='word_1_232' title='bbox 385 4099 442 4156; x_wconf 83' lang='lat'>1)</span> <span class='ocrx_word' id='word_1_233' title='bbox 477 4097 671 4146; x_wconf 87' lang='lat' dir='ltr'>Lucian.</span> <span class='ocrx_word' id='word_1_234' title='bbox 708 4097 922 4146; x_wconf 82' lang='lat' dir='ltr'>Macrob.</span> <span class='ocrx_word' id='word_1_235' title='bbox 959 4099 1046 4158; x_wconf 84' lang='lat'>§3.</span> 
     </span>
    </p>

    <p class='ocr_par' dir='ltr' id='par_1_16' title="bbox 383 4177 1544 4242">
     <span class='ocr_line' id='line_1_39' title="bbox 383 4177 1544 4242; baseline -0.001 -15"><span class='ocrx_word' id='word_1_236' title='bbox 383 4179 441 4242; x_wconf 80' lang='lat'>2)</span> <span class='ocrx_word' id='word_1_237' title='bbox 477 4178 851 4242; x_wconf 80' lang='lat' dir='ltr'>Agatharchides</span> <span class='ocrx_word' id='word_1_238' title='bbox 884 4180 1009 4242; x_wconf 76' lang='lat' dir='ltr'>apud</span> <span class='ocrx_word' id='word_1_239' title='bbox 1049 4178 1188 4227; x_wconf 85' lang='lat' dir='ltr'>Phot.</span> <span class='ocrx_word' id='word_1_240' title='bbox 1211 4177 1356 4227; x_wconf 79' lang='lat' dir='ltr'>&#39;Bibl.</span> <span class='ocrx_word' id='word_1_241' title='bbox 1389 4181 1489 4226; x_wconf 90' lang='lat'>444</span> <span class='ocrx_word' id='word_1_242' title='bbox 1502 4178 1544 4226; x_wconf 91' lang='lat' dir='ltr'>b.</span> 
     </span>
    </p>

    <p class='ocr_par' dir='ltr' id='par_1_17' title="bbox 383 4259 878 4326">
     <span class='ocr_line' id='line_1_40' title="bbox 383 4259 878 4326; baseline -0.004 -17"><span class='ocrx_word' id='word_1_243' title='bbox 383 4262 438 4326; x_wconf 84' lang='lat'>3)</span> <span class='ocrx_word' id='word_1_244' title='bbox 473 4260 680 4310; x_wconf 85' lang='lat' dir='ltr'>Pausau.</span> <span class='ocrx_word' id='word_1_245' title='bbox 710 4259 764 4308; x_wconf 89' lang='lat'>11</span> <span class='ocrx_word' id='word_1_246' title='bbox 803 4261 878 4308; x_wconf 88' lang='lat'>18.</span> 
     </span>
    </p>

    <p class='ocr_par' dir='ltr' id='par_1_18' title="bbox 310 4341 2701 4571">
     <span class='ocr_line' id='line_1_41' title="bbox 383 4341 2701 4407; baseline 0.001 -17"><span class='ocrx_word' id='word_1_247' title='bbox 383 4343 443 4407; x_wconf 95' lang='lat'>4)</span> <span class='ocrx_word' id='word_1_248' title='bbox 478 4343 612 4407; x_wconf 72' lang='lat' dir='ltr'>Quae</span> <span class='ocrx_word' id='word_1_249' title='bbox 646 4341 961 4406; x_wconf 84' lang='lat' dir='ltr'>discrepantia</span> <span class='ocrx_word' id='word_1_250' title='bbox 995 4342 1122 4390; x_wconf 88' lang='lat' dir='ltr'>haud</span> <span class='ocrx_word' id='word_1_251' title='bbox 1157 4357 1268 4390; x_wconf 85' lang='lat' dir='ltr'>sane</span> <span class='ocrx_word' id='word_1_252' title='bbox 1303 4341 1684 4406; x_wconf 85' lang='lat' dir='ltr'>improbabiliter</span> <span class='ocrx_word' id='word_1_253' title='bbox 1716 4367 1783 4378; x_wconf 90' lang='lat'>—</span> <span class='ocrx_word' id='word_1_254' title='bbox 1816 4341 1856 4388; x_wconf 87' lang='lat' dir='ltr'>si</span> <span class='ocrx_word' id='word_1_255' title='bbox 1884 4357 1977 4404; x_wconf 84' lang='lat' dir='ltr'>qua</span> <span class='ocrx_word' id='word_1_256' title='bbox 2008 4345 2077 4390; x_wconf 82' lang='lat' dir='ltr'>est</span> <span class='ocrx_word' id='word_1_257' title='bbox 2108 4342 2158 4390; x_wconf 91' lang='lat' dir='ltr'>in</span> <span class='ocrx_word' id='word_1_258' title='bbox 2188 4341 2457 4391; x_wconf 88' lang='lat' dir='ltr'>istiusmodi</span> <span class='ocrx_word' id='word_1_259' title='bbox 2488 4343 2701 4406; x_wconf 85' lang='lat' dir='ltr'>genealo-</span> 
     </span>
     <span class='ocr_line' id='line_1_42' title="bbox 310 4422 2701 4490; baseline 0 -17"><span class='ocrx_word' id='word_1_260' title='bbox 310 4425 408 4490; x_wconf 80' lang='lat' dir='ltr'>giis</span> <span class='ocrx_word' id='word_1_261' title='bbox 453 4423 766 4489; x_wconf 82' lang='lat' dir='ltr'>probabilitas</span> <span class='ocrx_word' id='word_1_262' title='bbox 801 4450 866 4460; x_wconf 96' lang='lat'>—</span> <span class='ocrx_word' id='word_1_263' title='bbox 901 4422 972 4472; x_wconf 86' lang='lat' dir='ltr'>ita</span> <span class='ocrx_word' id='word_1_264' title='bbox 1015 4423 1136 4472; x_wconf 87' lang='lat' dir='ltr'>solet</span> <span class='ocrx_word' id='word_1_265' title='bbox 1170 4423 1397 4488; x_wconf 79' lang='lat' dir='ltr'>explicari</span> <span class='ocrx_word' id='word_1_266' title='bbox 1433 4427 1486 4472; x_wconf 89' lang='lat' dir='ltr'>ut</span> <span class='ocrx_word' id='word_1_267' title='bbox 1523 4422 1903 4487; x_wconf 82' lang='lat' dir='ltr'>Periclymenus,</span> <span class='ocrx_word' id='word_1_268' title='bbox 1941 4439 1968 4472; x_wconf 88' lang='lat' dir='ltr'>a</span> <span class='ocrx_word' id='word_1_269' title='bbox 2002 4439 2095 4487; x_wconf 88' lang='lat' dir='ltr'>quo</span> <span class='ocrx_word' id='word_1_270' title='bbox 2129 4424 2358 4473; x_wconf 88' lang='lat' dir='ltr'>oriundus</span> <span class='ocrx_word' id='word_1_271' title='bbox 2390 4425 2482 4474; x_wconf 87' lang='lat' dir='ltr'>fuit</span> <span class='ocrx_word' id='word_1_272' title='bbox 2519 4425 2701 4474; x_wconf 85' lang='lat' dir='ltr'>Melan-</span> 
     </span>
     <span class='ocr_line' id='line_1_43' title="bbox 312 4505 2699 4571; baseline 0 -14"><span class='ocrx_word' id='word_1_273' title='bbox 312 4507 446 4566; x_wconf 84' lang='lat' dir='ltr'>thus,</span> <span class='ocrx_word' id='word_1_274' title='bbox 493 4507 663 4556; x_wconf 86' lang='lat' dir='ltr'>ceteris</span> <span class='ocrx_word' id='word_1_275' title='bbox 708 4505 848 4554; x_wconf 87' lang='lat' dir='ltr'>Nelei</span> <span class='ocrx_word' id='word_1_276' title='bbox 883 4505 994 4554; x_wconf 82' lang='lat' dir='ltr'>filiis</span> <span class='ocrx_word' id='word_1_277' title='bbox 1027 4514 1144 4554; x_wconf 81' lang='lat' dir='ltr'>natu</span> <span class='ocrx_word' id='word_1_278' title='bbox 1177 4506 1326 4555; x_wconf 85' lang='lat' dir='ltr'>maior</span> <span class='ocrx_word' id='word_1_279' title='bbox 1361 4505 1523 4563; x_wconf 78' lang='lat' dir='ltr'>fuerit,</span> <span class='ocrx_word' id='word_1_280' title='bbox 1560 4505 1841 4554; x_wconf 85' lang='lat' dir='ltr'>Pisistratus</span> <span class='ocrx_word' id='word_1_281' title='bbox 1876 4509 2033 4554; x_wconf 83' lang='lat' dir='ltr'>autem</span> <span class='ocrx_word' id='word_1_282' title='bbox 2068 4506 2259 4570; x_wconf 85' lang='lat' dir='ltr'>eiusque</span> <span class='ocrx_word' id='word_1_283' title='bbox 2293 4510 2430 4571; x_wconf 85' lang='lat' dir='ltr'>pater</span> <span class='ocrx_word' id='word_1_284' title='bbox 2464 4508 2699 4571; x_wconf 87' lang='lat' dir='ltr'>cognomi-</span> 
     </span>
    </p>
   </div>
  </div>
 </body>
</html>
