3392 5384
1397 411 1707 459 nonnus.
2660 387 2748 458 27

359 580 428 642 111
487 579 1029 662 vituperationem
1075 575 1439 642 fabularum
1489 577 1711 642 Luscii
1758 582 2162 662 comparatus
2209 581 2343 655 est,
2392 599 2505 648 nec
2552 576 2749 642 credi-

361 683 490 749 bile
538 688 632 748 est
677 689 790 747 aut
836 687 1220 767 spectatores
1265 684 1590 767 ignorasse
1638 688 1966 748 auctorem
2010 682 2353 761 Thesauri,
2399 687 2551 747 tunc
2590 688 2753 748 tem-

361 791 534 874 poris
595 790 731 852 sine
794 787 989 852 dubio
1035 791 1191 853 satis
1235 787 1569 864 celebrati,
1619 793 1845 872 utpote
1892 791 2005 874 qui
2049 789 2340 873 princeps
2385 794 2520 852 erat
2565 788 2747 853 facti-

363 897 500 959 onis
567 893 820 958 hostilis
889 892 1220 969 Terentio,
1295 899 1410 958 aut
1478 891 1823 979 prologum
1884 895 1973 958 sic
2036 915 2148 978 per
2206 895 2509 979 ambages
2570 892 2748 958 illius

365 1020 598 1065 nomen
641 1000 974 1064 indicasse.
1039 998 1262 1084 Itaque
1310 1020 1438 1063 non
1487 1001 1798 1064 assentior
1839 999 2146 1064 Fabiae
2192 1001 2259 1063 in
2306 999 2402 1064 ed.
2451 999 2533 1064 ad
2576 1001 2749 1064 hunc

364 1127 427 1172 v.
492 1105 761 1170 dicenti:
829 1104 962 1181 „Le
1025 1125 1170 1170 vers
1222 1103 1261 1168 9
1325 1126 1403 1169 ne
1459 1107 1740 1169 contient
1789 1105 1948 1170 donc
1994 1125 2239 1170 aucune
2286 1107 2557 1189 critique
2604 1108 2756 1190 quoi

364 1212 555 1295 qu'dh
603 1210 735 1275 dise
783 1209 1058 1275 Donat.''

454 1313 624 1382 Cum
667 1317 876 1399 igitur
921 1314 1020 1394 (l)
1060 1313 1156 1393 (2)
1196 1313 1292 1393 (6)
1341 1314 1577 1379 Donati
1615 1316 1982 1399 opinionem
2020 1317 2421 1392 contineant,
2464 1318 2755 1401 sequitur

365 1420 678 1484 scholium
726 1418 821 1499 (4)
870 1421 946 1485 ab
994 1417 1121 1483 alio
1169 1422 1493 1484 invectam
1541 1439 1695 1496 esse,
1750 1427 1822 1485 ut
1868 1423 2091 1505 opinor
2134 1421 2212 1486 ab
2252 1420 2373 1498 IP‚
2414 1423 2527 1506 qui
2566 1442 2752 1486 suam

361 1525 465 1590 vel
510 1527 738 1610 prioris
785 1526 993 1590 critici
1031 1527 1394 1609 opinionem
1436 1523 1764 1589 rettulerit
1802 1547 1915 1609 per
1952 1525 2209 1590 solitam
2248 1525 2369 1590 sibi
2408 1525 2757 1590 formulam

363 1638 560 1694 utrum
587 1667 671 1678 —
697 1653 796 1695 an.
840 1630 1033 1695 Recte
1074 1651 1228 1715 ergo
1268 1629 1732 1695 Sabbadini
1770 1631 1890 1695 hoc
1928 1630 2246 1695 scholium
2271 1634 2520 1696 cursivo
2545 1630 2750 1707 dedit,

363 1738 469 1802 cui
538 1742 753 1800 tamen
821 1756 944 1799 non
1015 1735 1286 1800 concedo
1359 1738 1555 1800 etiam
1625 1735 1821 1800 schol.
1885 1735 1980 1815 (5)
2044 1737 2567 1821 proscribendum
2614 1757 2750 1800 esse

362 1845 596 1904 totum.
662 1839 919 1924 Repetit
989 1840 1460 1924 quodammodo
1533 1840 1820 1906 Donatus
1890 1861 2051 1928 quae
2114 1841 2303 1906 aliter
2363 1842 2608 1906 dixerat
2668 1841 2749 1906 ad

364 1945 526 2011 And.
568 1944 662 2009 III
702 1946 762 2009 4.
793 1943 854 2009 3.
977 1945 1380 2010 Postremam
1429 1944 1652 2010 scholii
1681 1941 1985 2030 ”partemz
2038 1968 2230 2023 „nam
2270 1948 2436 2010 nisi.
2468 1994 2483 2012 .
2512 1995 2527 2012 .
2555 1948 2751 2032 signi-

362 2050 672 2127 ficasset”,
725 2056 1087 2136 suspectam
1133 2070 1267 2114 esse
1317 2072 1442 2117 non
1491 2072 1674 2136 nego.

449 2156 610 2220 Ibid.
663 2153 746 2222 17
797 2156 1018 2220 Habeo
1068 2155 1194 2220 alia
1241 2155 1452 2220 multa
1499 2177 1659 2241 quae
1697 2177 1868 2220 nunc
1906 2156 2231 2235 (Luscius)
2271 2156 2747 2220 condonabitur.

364 2261 558 2327 Don.:
623 2260 728 2325 Sic
788 2264 856 2324 in
915 2261 1177 2326 Phorm.
1229 2259 1310 2341 (V
1360 2261 1423 2326 8.
1453 2260 1566 2339 54)
1633 2268 2020 2346 „argentum
2069 2261 2237 2344 quod
2283 2261 2477 2325 habes
2527 2261 2754 2325 condo-

364 2386 592 2431 namus
654 2365 784 2430 te’'.
897 2365 1238 2450 Sequitur:
1305 2386 1497 2442 „nam
1560 2365 1598 2429 d
1620 2387 1771 2430 ono
1833 2365 2116 2431 ablativo
2176 2369 2352 2430 casui
2398 2367 2753 2451 iungebant

362 2481 638 2548 veterae,
681 2471 1050 2536 condono
1085 2471 1520 2536 accusativo''.
1613 2471 1755 2536 Hoc
1796 2470 2025 2536 adiecit
2063 2469 2162 2534 IP
2204 2468 2389 2536 valde
2410 2471 2752 2556 impudens

360 2597 842 2661 nonnumquam
881 2578 947 2639 in
987 2576 1302 2661 fingendis
1342 2575 1586 2660 regulis
1619 2577 2062 2661 grammaticis
2086 2575 2354 2660 aliisque
2378 2577 2495 2641 hoc
2519 2597 2745 2662 genus.

362 2682 669 2747 Refutant
708 2703 856 2746 eum
899 2681 1192 2767 exempla
1231 2681 1389 2746 Hec.
1420 2681 1550 2746 849
1593 2680 1856 2766 „Egone
1895 2689 1959 2746 te
2000 2703 2112 2766 pro
2159 2682 2277 2746 hoc
2323 2685 2551 2746 nuntio
2594 2680 2749 2766 quid

365 2787 658 2864 donem'’,
720 2793 786 2852 et
831 2787 1051 2852 Plauti
1100 2789 1334 2872 Amph.
1385 2787 1417 2850 I
1465 2787 1525 2850 3.
1555 2786 1641 2851 38
1693 2792 2021 2871 „pateram
2074 2837 2088 2852 .
2121 2835 2134 2851 .
2165 2835 2179 2850 .
2232 2788 2347 2851 tibi
2394 2786 2746 2852 condono”.

365 2892 520 2958 Vide
567 2893 763 2958 Fabia
808 2893 886 2958 ad
931 2892 994 2956 h.
1015 2892 1083 2970 l.,
1132 2892 1440 2957 Dziatzko
1488 2893 1568 2957 ad
1616 2893 1879 2957 Phorm.
1930 2891 2023 2956 1.1.
2494 2891 2557 2957 S.
2600 2913 2653 2956 c.

449 2999 610 3064 Ibid.
659 2997 770 3064 24.
816 2998 901 3063 Et
945 2997 1110 3062 nihil
1157 2998 1404 3063 dedisse
1456 2999 1799 3064 verborum
1847 2989 2063 3062 tamen

455 3103 617 3168 Don.
682 3103 780 3187 (2)
836 3101 1046 3168 Dare
1095 3104 1350 3168 verba
1399 3103 1687 3188 decipere
1734 3108 1831 3168 est
1876 3124 2062 3180 eum,
2112 3105 2225 3186 qui
2270 3123 2418 3166 cum
2465 3123 2602 3166 rem
2651 3123 2755 3166 ex·

362 3213 604 3294 spectet
639 3207 815 3290 1111111
857 3210 1143 3272 inveniet
1184 3217 1438 3295 praeter
1479 3209 1701 3286 verba:
1747 3220 1811 3272 et
1850 3207 2005 3272 alibi
2048 3208 2285 3282 „verba
2321 3209 2518 3270 istaec
2556 3206 2750 3270 sunt''

366 3313 683 3394 (Phorm.)
746 3321 810 3378 et
870 3314 946 3378 de
993 3316 1308 3378 contrario
1358 3313 1651 3394 (Heaut.)
1703 3334 1885 3389 „rem
1931 3333 2079 3376 cum
2129 3311 2403 3388 videas,
2428 3311 2748 3375 censeas'’.

366 3418 467 3483 IP
529 3421 806 3503 speciose
867 3418 978 3483 sed
1039 3438 1408 3505 perperam:
1472 3417 1569 3498 (3)
1630 3419 1732 3482 An
1794 3417 2014 3482 aliter:
2079 3416 2245 3482 nihil
2306 3416 2624 3482 addidisse
2674 3417 2749 3480 de

365 3523 513 3590 stilo
561 3545 677 3588 suo
727 3521 1144 3588 Terentium?

453 3629 551 3693 Ex
613 3629 923 3694 ambobus
985 3639 1202 3693 autem
1256 3627 1514 3694 scholiis
1562 3628 1730 3694 alius
1778 3630 2092 3714 magister
2138 3629 2258 3692 hoc
2304 3629 2745 3695 concinnavit:

363 3734 460 3814 (l)
506 3741 619 3800 aut
661 3737 985 3800 neminem
1032 3734 1363 3812 fefellisse,
1414 3742 1527 3800 aut
1571 3734 1736 3798 nihil
1784 3737 2152 3819 apposuisse
2201 3734 2277 3798 de
2323 3754 2459 3798 su0.

2093 3837 2157 3902 S.
2205 3842 2554 3922 utrumque
2600 3858 2652 3900 c.

455 3942 552 4010 Of.
615 3944 777 4010 Don.
840 3944 920 4009 ad
978 3943 1066 4008 IV
1114 3945 1176 4010 5.
1208 3944 1239 4007 1
1270 3943 1366 4023 (3)
1432 3944 1622 4022 „data
1683 3943 1919 4008 verba''
1984 3944 2159 4008 fraus
2220 3944 2403 4007 facta.
2469 3942 2664 4005 Andr.
2714 3939 2745 4004 I

363 4048 424 4114 3.
452 4049 492 4114 6
519 4051 613 4130 (1)
664 4050 900 4128 „verba
947 4049 1138 4114 dare’'
1187 4049 1441 4115 fallacia
1487 4048 1756 4115 scilicet.

452 4262 486 4327 I
533 4263 591 4327 1.
623 4261 658 4326 1
708 4261 874 4342 Quid
919 4264 1128 4348 igitur
1172 4259 1454 4327 faciam?

455 4367 554 4448 (2)
615 4375 846 4446 σχῆμα.
911 4367 1214 4438 διανοίας·
1279 4364 1705 4443 διαλογισμός.
1769 4371 1835 4431 et
1895 4371 2159 4450 apparet
2219 4363 2427 4428 multa
2472 4365 2743 4429 tacitum

358 4475 674 4560 cogitasse
720 4471 1189 4540 adulescentem
1235 4478 1300 4538 et
1348 4472 1608 4538 tandem
1654 4475 1722 4535 in
1768 4472 1921 4536 haec
1969 4471 2162 4536 verba
2207 4471 2514 4555 erupisse.
