3392 5384
1411 417 1726 465 nonnus.
2640 404 2767 469 431

477 589 550 654 In
611 587 706 670 (1)
770 585 1058 650 Donatus
1121 583 1614 669 significationes
1678 582 1964 647 diversas
2029 585 2209 648 verbi
2273 589 2339 648 et
2384 586 2772 651 substantivi

391 702 609 782 etymo
658 691 932 780 quodam
981 688 1316 756 conciliare
1363 694 1626 754 conatus
1675 694 1791 754 est.
1842 689 2243 775 Quantopere
2290 694 2356 756 in
2404 691 2775 758 definiendis

388 807 455 866 et
491 797 837 865 scribendis
876 797 977 861 his
1018 796 1281 861 vocibus
1319 793 1670 859 laborarint
1712 797 1960 879 antiqui
2009 817 2124 860 nec
2168 818 2291 862 non
2341 797 2530 862 hodie
2576 800 2775 863 etiam

385 906 728 984 laboretur,
794 904 1019 968 docent
1079 900 1204 966 loci
1253 923 1289 966 a
1337 900 1671 966 Wessnero
1721 903 1902 965 citati
1949 903 2015 964 in
2066 902 2429 987 Appendice
2477 909 2541 968 et
2586 906 2777 968 inter-

386 1017 596 1099 pretes
644 1010 723 1076 ad
769 1008 1024 1074 Horatii
1069 1008 1187 1094 Ep.
1240 1006 1270 1071 I
1319 1007 1378 1070 5.
1413 1006 1516 1085 16,
1570 1005 1628 1072 ’7.
1663 1006 1702 1070 6
1737 1005 1804 1088 ¹).
1885 1006 1958 1071 In
2000 1007 2097 1088 (2)
2138 1014 2356 1073 autem
2397 1009 2626 1074 Editor
2664 1031 2775 1095 per

375 1126 528 1202 puto
597 1140 696 1198 eqo
780 1121 1154 1201 arroganter
1223 1113 1516 1178 adiunxit
1587 1111 1753 1178 alius
1825 1114 2232 1200 substantivi·
2283 1115 2430 1180 inde
2502 1114 2777 1181 derivati

383 1224 920 1311 significationem
959 1242 1220 1306 prorsus
1259 1219 1620 1285 inauditam
1660 1220 1737 1283 ab
1776 1221 2044 1306 ipsoque
2084 1223 2393 1286 nimirum
2420 1225 2777 1301 inventam,

388 1337 462 1396 ut
523 1328 650 1394 alia
709 1326 1081 1393 istiusmodi
1141 1347 1334 1412 supra
1381 1347 1417 1391 a
1463 1347 1568 1391 me
1615 1324 1899 1411 prolata,
1950 1326 2104 1391 dum
2151 1330 2218 1391 in
2266 1327 2389 1393 fine
2436 1350 2609 1394 more
2658 1330 2781 1394 sibi

386 1434 575 1502 solito
623 1435 932 1520 quaedam
981 1455 1014 1498 9
1061 1433 1297 1498 Donati
1345 1432 1583 1498 scholio
1631 1435 1957 1518 repetivit.
2620 1415 2625 1426 ¹

477 1541 636 1606 Ibid.
688 1539 774 1605 36
847 1541 988 1626 Ego
1036 1539 1135 1604 illi
1183 1542 1536 1605 maximam
1586 1545 1836 1624 partem
1884 1541 2085 1606 feram

477 1647 573 1728 (1)
637 1647 870 1712 Errant
936 1649 1047 1733 qui
1100 1645 1287 1724 „illi”
1338 1651 1570 1733 putant
1619 1667 1753 1711 esse
1800 1668 2182 1733 pronomen,
2234 1667 2381 1711 cum
2431 1649 2516 1712 sit
2564 1648 2783 1713 adver-

392 1755 574 1820 bium
621 1752 745 1819 loci
791 1758 866 1818 ut
911 1752 1054 1831 „illi
1091 1774 1236 1818 mea
1275 1755 1486 1818 tristia
1527 1753 1693 1818 facta
1735 1752 2239 1838 degeneremque
2278 1753 2780 1840 Neoptolemum

388 1881 643 1926 narrare
681 1859 1046 1926 memento''
1073 1861 1258 1940 (Aen.
1300 1858 1361 1923 II
1404 1857 1582 1940 548).
1638 1858 1827 1936 „Illi”
1856 1879 2043 1945 ergo:
2083 1861 2211 1937 ibi,
2252 1861 2364 1926 ubi
2388 1860 2499 1926 ille
2524 1867 2777 1948 peccat;

393 1988 585 2052 quare
647 1966 908 2052 quidam
974 1969 1168 2030 etiam
1228 1965 1291 2030 li
1361 1964 1678 2052 syllabam
1726 1966 2125 2032 discretionis
2172 1989 2396 2046 causa,
2446 1975 2521 2034 ut
2565 1967 2781 2035 locum

394 2073 747 2158 significet,
798 2075 1173 2158 corripiunt.

484 2178 653 2243 Fieri
700 2185 909 2263 potest
956 2185 1030 2244 ut
1076 2179 1236 2244 Don.
1286 2179 1405 2244 hoc
1449 2178 1584 2243 loco
1632 2179 1827 2244 Probi
1867 2181 2060 2264 Aspri
2100 2182 2483 2245 sententiam
2524 2186 2783 2246 tueatur

399 2289 616 2348 contra
678 2304 783 2348 eos
831 2287 939 2368 qui
989 2305 1338 2369 pronomen
1385 2305 1519 2348 esse
1567 2283 1913 2348 crederent.
1964 2283 2152 2348 Redit
2202 2285 2414 2349 simile
2464 2285 2781 2350 scholium
2856 2271 2865 2278 ¹

399 2412 546 2455 cum
595 2389 889 2474 exemplo
937 2389 1128 2476 Verg.
1180 2390 1337 2454 Hec.
1389 2388 1419 2453 I
1468 2393 1529 2454 2.
1563 2389 1644 2453 19
1671 2388 1787 2471 (3).
1839 2390 1999 2454 Pho.
2050 2389 2079 2454 Ι
2126 2390 2188 2455 2.
2220 2391 2298 2455 41
2330 2391 2447 2472 (2).
2515 2389 2779 2457 Servius

394 2496 476 2561 ad
520 2498 679 2561 Aen.
726 2494 819 2561 l.1.
870 2502 1056 2561 tacet.

484 2601 548 2666 II
597 2600 657 2666 3.
688 2601 727 2665 6
797 2601 1021 2686 Itaque
1060 2622 1254 2667 unam
1296 2622 1433 2666 rem
1473 2623 1579 2667 me
1619 2601 1853 2672 habere
1889 2607 2141 2686 praeter
2180 2602 2333 2668 alios
2373 2606 2781 2689 praecipuam

394 2709 687 2785 arbitror,
752 2707 1013 2772 fratrem
1075 2708 1323 2772 homini
1386 2709 1631 2774 nemini
1693 2725 1827 2772 esse
1874 2709 2235 2794 primarum
2283 2712 2522 2774 artium
2570 2713 2780 2797 magis

393 2816 749 2900 principem
2199 2819 2204 2822 “

484 2921 578 3001 (1)
641 2920 820 2986 Nove
886 2920 1049 2985 dixit
1099 2943 1338 2998 „unam
1386 2921 1568 2986 rem''
1623 2920 1996 2999 „fratrem’'.
2138 2921 2232 3003 (2)
2279 2921 2403 2987 Sed
2452 2944 2577 3009 eg0,
2622 2929 2780 3009 puto

395 3026 744 3106 „fratrem”
804 3048 928 3090 non
989 3026 1642 3112 subdistinguendum
1687 3027 1797 3092 sed
1843 3027 2191 3113 legendum
2240 3035 2533 3095 contexte
2580 3052 2782 3116 usque

391 3133 469 3198 ad
513 3131 974 3218 „principem'’.
1017 3131 1180 3195 Nam
1224 3135 1277 3196 si
1321 3132 1690 3197 distinxeris
1735 3133 2107 3210 „fratrem'',
2149 3136 2245 3198 bis
2270 3138 2391 3199 erit
2420 3136 2779 3211 „arbitror”

391 3237 938 3314 subaudiendum,
987 3243 1050 3302 et
1098 3258 1287 3322 supra
1335 3243 1398 3302 et
1435 3238 1619 3302 infra.
1669 3237 1911 3317 Quodsi
1957 3239 2307 3315 „fratrem”
2349 3243 2783 3325 superioribus

390 3347 705 3422 iunxeris‚
790 3349 854 3409 et
923 3365 1071 3409 cum
1141 3343 1563 3409 admiratione
1636 3346 2159 3427 pronuntiabitur
2230 3353 2293 3409 et
2362 3347 2783 3412 subaudietur

395 3472 630 3536 „quam
670 3449 899 3519 mihi’ss
948 3451 1130 3514 Hanc
1177 3470 1325 3514 99119
1366 3449 1761 3514 locutionem
1806 3453 1965 3514 scire
2006 3449 2311 3514 debemus
2353 3458 2611 3537 propter
2646 3475 2781 3539 per-

393 3579 612 3623 sonam
652 3556 1073 3633 elaboratam,
1115 3577 1265 3620 nam
1303 3562 1367 3620 et
1404 3557 1682 3619 nimium
1724 3555 1964 3641 gaudet
2002 3562 2066 3621 et
2107 3559 2385 3623 rusticus
2412 3558 2779 3624 adulescens

391 3670 523 3741 est,
562 3666 677 3748 qui
715 3667 980 3728 conatur
1016 3661 1276 3727 laudare
1317 3658 1717 3726 Aeschinum
1759 3663 2041 3728 titubans
2078 3684 2149 3728 ac
2174 3684 2367 3748 paene
2393 3664 2779 3732 balbutiens.

464 3893 517 3955 1)
553 3890 768 3956 Exempli
802 3888 958 3953 gratia
993 3888 1112 3939 cito:
1155 3889 1564 3954 Eugraphiu
1587 3905 1630 3939 m
1669 3891 1727 3938 ad
1764 3890 1847 3940 h.1
1877 3910 1889 3942 ε
1945 3891 2401 3956 ,1)1991311919
2437 3893 2630 3958 proprie
2664 3894 2781 3944 dici-

390 3975 474 4021 tur
521 3972 700 4035 aliquid
748 3971 985 4034 signatum
1036 3971 1219 4034 legibus
1265 3971 1519 4036 rumpere’'
1566 3988 1606 4020 9.
1625 3989 1670 4037 q.
1691 3989 1728 4021 a.
1784 3974 1829 4020 N
1850 3973 2083 4022 onius:
2138 3976 2286 4023 „Cum
2325 3979 2437 4024 nota
2473 3979 2615 4040 atque
2651 3977 2783 4041 ignc-

391 4053 540 4102 minia
590 4054 770 4117 aliquid
818 4052 1004 4102 facere”
1051 4055 1203 4103 citans
1248 4055 1295 4104 h.
1316 4054 1347 4102 1.
1393 4055 1603 4102 Terenti.
1659 4056 2170 4104 Pseudo-Acron
2206 4057 2263 4104 ad
2303 4057 2424 4106 Hor.
2464 4059 2548 4123 Ep.
2590 4059 2772 4111 1.7.6=

393 4135 940 4199 Disaiguatores
990 4135 1230 4195 dicuntur,
1276 4136 1359 4200 qui
1405 4137 1461 4184 ad
1501 4136 1654 4186 locum
1692 4125 1929 4198 (lucnmi')
1966 4135 2205 4186 Libitinae
2242 4139 2460 4188 funebria
2495 4143 2777 4203 praestanda

389 4218 736 4276 conducuntur,
775 4220 827 4266 ut
863 4218 1072 4267 defuncti
1107 4234 1214 4266 cum
1253 4219 1431 4267 honore
1461 4219 1735 4267 efferantur.
1767 4219 1945 4268 Aliter:
1985 4219 2259 4284 dissign
2279 4225 2391 4270 ato
2412 4237 2521 4270 199
2554 4223 2798 4280 funerum,

390 4300 628 4364 mancipes
678 4303 727 4348 et
777 4300 1096 4359 ordinatores;
1151 4316 1261 4349 nam
1313 4300 1723 4364 dissignat-e
1776 4304 1847 4349 eat
1894 4301 2133 4362 ordinare,
2180 4304 2303 4351 uude
2348 4307 2396 4352 et
2444 4304 2525 4368 qui
2563 4305 2691 4354 locos
2727 4305 2777 4355 in

387 4382 592 4432 theatris
641 4381 986 4447 spectatoribus
1037 4381 1412 4441 distribuebant,
1461 4369 1815 4446 dissignatores
1865 4382 2163 4433 dicebantur.
2215 4385 2471 4435 Praeterea
2522 4388 2595 4436 eat
2646 4387 2711 4436 di
2734 4403 2777 4436 a·

389 4465 674 4528 signare
717 4463 1022 4524 contundere,
1071 4468 1122 4512 ut
1155 4468 1203 4513 et
1239 4465 1328 4512 iste
1360 4464 1502 4516 alibi:
1556 4465 1717 4530 ‚Quid
1756 4481 1849 4514 nou
1886 4465 2088 4515 ebrietas
2123 4467 2391 4530 dissignat?
2428 4469 2519 4533 Ep.
2558 4470 2773 4530 1.5.16‚

393 4546 471 4597 ubi
508 4548 571 4598 id.
601 4547 758 4597 Schol.
801 4546 1187 4610 ‚dissignat
1223 4545 1422 4611 aperit''.
1466 4547 1675 4611 Denique
1712 4549 1867 4597 61099.
1901 4548 1934 4598 i.
1956 4565 1999 4597 v.
2037 4549 2105 4597 VI
2146 4551 2183 4597 1.
2207 4552 2322 4599 330.
2357 4552 2473 4600 355.
