3392 5384
664 393 795 466 148
1666 411 2048 469 {ammomum

658 585 869 646 ταῦτα
918 580 1235 660 διδάσκων,
1275 603 1471 667 grave
1512 584 1750 648 vitium
1790 583 2089 668 deturpat
2127 582 2520 647 adiectivum
2561 582 2644 646 τὰ
2688 573 3042 658 ἐπουράνια,

658 707 773 774 pro
821 707 945 772 quo
992 685 1375 753 Bodleianus
1422 686 1638 753 Codex
1684 688 1932 768 οὐράνια
1979 687 2173 753 habet
2219 687 2354 752 sine
2401 685 2689 752 articulo.
2739 685 3046 751 Solebant

657 794 831 859 enim
901 792 1318 858 Athenienses
1387 791 1787 879 philosophis
1851 793 2228 878 exprobrare
2288 791 2458 877 quod
2520 793 2604 856 τοὶ
2674 789 3045 869 μετέωρα

660 898 925 978 ἐζήτουν.
996 897 1187 982 Apud
1255 898 1751 983 Aristophanem
1824 897 2353 978 μετεωροσοφιςαί
2421 901 2573 960 sunt
2642 903 2708 961 et
2774 897 2843 959 in
2902 897 3047 980 ipsa

657 1000 974 1088 Apologia
1034 1001 1196 1067 23])
1258 1002 1342 1066 τὰ
1397 1003 1673 1082 μετέωρα
1738 1008 2150 1089 opponuntur
2209 1011 2338 1074 τοῖς
2403 1003 2519 1066 ὑπὸ
2582 1009 2723 1081 γῆς.
2774 998 3046 1085 Eupolis

657 1106 735 1174 de
786 1107 1137 1194 Protagora
1184 1106 1463 1173 dixerat:

1067 1208 1127 1284 ὃς
1171 1212 1615 1294 άλαζονεύεται
1662 1214 1777 1291 μὲν
1825 1213 2128 1293 ἁλιτήριος

1034 1318 1197 1397 περὶ
1246 1323 1365 1382 τῶν
1410 1320 1743 1399 μετεώρων,
1793 1320 1878 1383 τοὶ
1925 1319 1987 1384 δὲ
2033 1320 2329 1400 χαμᾶθεν
2377 1317 2592 1396 ἐσθίει,

653 1425 731 1489 cf.
784 1424 1043 1490 Porson.
1100 1424 1359 1490 Advers.
1407 1446 1469 1510 p.
1523 1424 1631 1490 65.
1682 1424 1876 1510 Apud
1921 1423 2258 1490 Platonem
2301 1426 2522 1508 ipsum
2569 1422 2762 1489 habes
2808 1446 3042 1498 μετεω-

652 1529 952 1608 ρολέσχης
976 1579 993 1606 ,
1041 1529 1490 1608 μετεωρολόγος
1532 1535 1596 1595 et
1637 1533 2164 1608 μετεωροσκόπος,
2197 1550 2390 1614 quem
2417 1528 2796 1614 praestabit,
2823 1528 3043 1606 credO,

652 1634 1101 1713 μετεωροκόπον
1164 1633 1519 1720 appellare,
1584 1635 1662 1700 cf.
1729 1635 1983 1700 Hemst.
2033 1635 2265 1700 Anecd.
2324 1656 2386 1720 p.
2440 1633 2516 1699 21
2553 1655 2686 1719 sqq.
2736 1639 2800 1698 et
2847 1632 3045 1700 Cobe-

653 1745 798 1805 tum
858 1740 1081 1804 Mnem.
1145 1739 1319 1806 1873
1380 1762 1443 1825 p.
1499 1739 1647 1805 118.
1713 1739 1880 1820 Quid
1947 1742 2075 1804 sint
2121 1741 2203 1803 τὰ
2252 1741 2526 1816 μετέωρα
2576 1737 2931 1805 Balforeius
2974 1746 3043 1803 et

536 1897 542 1903 .
652 1845 896 1910 Bakius
959 1845 1310 1910 docuerunt
1369 1845 1449 1910 ad
1512 1844 1919 1911 Cleomedem
1983 1867 2044 1930 p.
2110 1843 2263 1922 250,
2313 1864 2590 1928 quorum
2637 1846 2834 1929 copiis
2879 1844 3040 1909 adde

652 1950 1077 2016 Scholiastam
1142 1951 1218 2016 ad
1282 1950 1660 2037 Sisyphum,
1725 1953 1829 2016 cui
1876 1952 2171 2016 convenit
2216 1971 2363 2015 cum
2409 1948 2662 2014 Achille
2709 1948 2915 2014 Statio
2960 1949 3040 2014 ad

654 2054 842 2121 Arati
911 2055 1358 2122 Phaenomena
1418 2079 1479 2142 p.
1551 2054 1676 2122 157
1698 2055 1776 2120 D.
1850 2056 1974 2136 Qui
2042 2058 2339 2121 meminit
2410 2056 2901 2140 Aristophanem
2969 2058 3039 2120 in

655 2161 949 2227 Nubibus
1011 2182 1103 2226 vs.
1153 2161 1286 2227 228
1348 2160 1769 2248 appellavisse
1832 2163 1914 2224 τοὶ
1979 2160 2255 2240 μετέωρα
2317 2161 2678 2240 πράγματα
2738 2169 2804 2226 et
2849 2159 3043 2226 Scho-

649 2265 909 2332 liastam
949 2265 1264 2334 addidisse
1303 2270 1926 2352 interpretationem:
1972 2266 2188 2346 ὖψηλὰ
2223 2267 2321 2330 καὶ
2365 2261 2554 2345 οὖρά
2577 2291 2737 2345 νια,
2779 2287 3037 2331 mecum

652 2373 917 2439 fortasse
985 2375 1415 2458 suspicabitur
1477 2373 1814 2438 Platonem
1874 2395 2127 2459 quoque
2189 2373 2450 2438 laudato
2512 2371 2651 2438 loco
2713 2374 3038 2457 scripsisse

654 2482 739 2543 τὰ
788 2479 1145 2558 μετέωρα
1168 2527 1184 2558 ,
1226 2478 1336 2543 sed
1380 2481 2025 2564 interpretamentum
2061 2480 2421 2565 genuinum
2460 2477 2849 2544 vocabulum
2890 2477 3036 2543 sede

653 2583 991 2669 pepulisse.
1055 2585 1385 2650 Nimirum
1449 2586 1531 2648 τοὶ
1578 2586 1857 2662 μετέωρα
1905 2585 2366 2650 recentioribus
2413 2584 2660 2663 οὐράνια
2711 2584 3035 2649 dicuntur.

655 2689 931 2754 Photius
989 2691 1491 2770 μετεωρολέσχαι
1552 2689 1862 2775 explicat:
1926 2690 2058 2769 περὶ
2108 2691 2352 2769 οὐρανοῦ
2400 2694 2858 2770 φλυαροῦντες·
2908 2698 3039 2756 Με-

654 2802 1067 2874 τεωροπολῶν·
1119 2797 1201 2858 τὰ
1250 2796 1493 2873 οὐράνια
1541 2803 1798 2859 σκοπῶν.
1849 2797 2164 2872 Ἐπιγειος
2214 2801 2278 2860 ot
2324 2796 2664 2872 ἐπουράνιος
2713 2816 3036 2880 opponun-

654 2905 763 2965 tur
805 2901 975 2985 apud
1022 2900 1301 2966 Paulum
1350 2899 1734 2984 Apostolum
1779 2903 1848 2964 in
1896 2899 2101 2985 Epist.
2150 2901 2181 2966 I
2228 2900 2308 2965 ad
2355 2898 2644 2967 Corinth.
2701 2899 2804 2964 15.
2834 2898 2920 2965 40
2970 2904 3037 2965 et

654 3006 893 3090 ubique
938 3012 1035 3070 est
1078 3027 1316 3093 magna
1361 3006 1593 3071 talium
1640 3008 1844 3091 copia.
1977 3000 1984 3005 ’

745 3222 1010 3291 Certum
1073 3225 1237 3289 mihi
1290 3224 1547 3290 videtur
1592 3226 1781 3305 σοφὸς
1832 3221 1986 3290 εἶναι
2036 3227 2331 3310 spurium
2378 3244 2512 3290 esse
2557 3226 2624 3288 in
2672 3223 2774 3288 his
2816 3223 3028 3289 verbis

653 3330 838 3416 Apol.
905 3330 1101 3396 23A:
1168 3328 1321 3398 ὥςτε
1374 3331 1619 3402 πολλὰς
1669 3331 1971 3407 διαβολὰς
2025 3330 2138 3394 ἀπ’
2189 3331 2391 3394 αὐτῶν
2437 3330 2796 3407 γεγονέναι,
2844 3327 3036 3405 ὄνομα

654 3435 718 3502 δὲ
768 3440 945 3502 τοῦτο
992 3438 1287 3513 λέγεσθαι
1334 3436 1610 3518 [σοφὸς
1660 3433 1925 3520 εἷναι].
1977 3434 2074 3501 Cf.
2121 3457 2182 3521 p.
2227 3435 2426 3500 2OD:
2475 3430 2503 3498 ὃ
2554 3433 2686 3510 ἐμοὶ
2738 3434 3035 3506 πεποίηκε

653 3541 725 3605 τό
774 3543 834 3605 τ’
882 3540 1067 3616 ὄνομα
1119 3542 1222 3605 καὶ
1272 3545 1382 3613 τὴν
1432 3542 1750 3619 διαβολήν,
1798 3543 1911 3607 ubi
1953 3542 2294 3626 respicitur
2335 3539 2420 3624 adq
2461 3562 2523 3625 p.
2576 3538 2768 3604 18B:
2817 3539 2894 3610 ὥς
2942 3535 3034 3608 {ee

522 3661 539 3670 ·
654 3669 747 3718 τις
799 3643 1124 3721 Σωκράτης
1176 3649 1364 3726 σοφὸς
1414 3647 1575 3725 άνήρ.
1607 3695 1622 3712 .
1652 3696 1665 3713 .
1696 3696 1711 3712 .
1762 3647 2002 3711 Eodem
2041 3646 2248 3711 tendit
2286 3643 2371 3711 27
2391 3646 2467 3721 A,
2512 3644 2598 3710 29
2617 3646 2694 3709 A.
2720 3644 2793 3722 B,
2837 3643 3030 3709 341ss:

652 3753 957 3824 vnmoedvb’
1018 3751 1164 3816 ὄντα
1230 3753 1330 3816 καὶ
1396 3759 1572 3818 τοῦτο
1635 3751 1903 3831 τοῦνομα
1954 3754 2205 3831 ἔχοντα.
2270 3750 2449 3816 Adde
2495 3772 2558 3836 p.
2610 3748 2764 3816 38(ζῦΙ
2814 3753 2877 3814 et
2921 3748 3032 3815 So-

651 3856 846 3941 phist.
896 3879 960 3942 p.
1002 3856 1246 3922 221D:
1297 3859 1527 3928 παντὸς
1574 3859 1668 3922 δεῖ
1703 3864 1967 3930 τοιοῦτος
2009 3854 2161 3921 εἷναι
2203 3855 2275 3921 τό
2310 3859 2377 3934 γ’
2402 3854 2588 3931 ὄνομα
2631 3859 2807 3919 τοῦτο
2848 3851 3030 3934 ἔχων.

651 3959 927 4046 Operosa
974 3967 1071 4026 est
1116 3961 1408 4028 Schanzii
1454 3966 1637 4029 rati0.

741 4163 902 4230 Ibid.
952 4163 1140 4232 230:
1192 4164 1475 4242 λέγουσιν
1522 4167 1596 4238 ὥς
1647 4163 1976 4242 Σωκράτης
2026 4188 2116 4236 τις
2162 4165 2250 4232 ἕςι
2293 4164 2678 4241 μιαρώτατος
2727 4160 2862 4226 καὶ
2907 4159 3036 4224 δια·

651 4271 880 4350 Φθείρει
928 4272 1065 4341 τοὺς
1117 4270 1299 4343 νέους.
1349 4270 1834 4357 Suppleverim:
1884 4264 1938 4349 (ὃ
1962 4276 2020 4350 ς)
2069 4269 2171 4333 καὶ
2224 4268 2576 4349 διαφθείρει.

744 4488 901 4553 Ibid.
944 4489 1029 4553 26
1051 4493 1123 4554 A.
1173 4490 1404 4555 Itidem
1448 4489 1692 4576 aliquid
1733 4489 1908 4554 deest
1946 4490 2012 4553 in
2054 4490 2263 4553 hisce:
2307 4486 2458 4552 ἀλλ’
2500 4489 2533 4564 ἢ
2573 4487 2636 4550 οὔ
2679 4484 3029 4565 διαφθείρω,
