3392 5384
1252 452 1267 465 ·
1357 429 1667 478 nonnus.
2566 412 2698 480 207

309 599 783 687 improvidum,
834 598 1269 663 temerarium.
1401 594 1506 660 IP
1528 615 1542 660 :
1592 594 1688 676 (3)
1730 594 1839 659 sed
1887 594 2123 660 melius
2174 594 2569 673 „callidum”
2618 595 2702 662 le·

314 710 515 793 gitur.
2442 700 2506 767 S.
2556 724 2609 768 c.

403 812 564 880 Ibid.
617 811 705 877 90
771 812 857 875 At
902 811 1075 875 enim
1123 811 1321 873 istaec
1367 810 1436 872 in
1483 828 1590 873 me
1635 807 1908 873 cudetur
1952 808 2099 873 faba

403 920 565 986 Don.
615 918 802 1004 plane
850 923 915 981 et
964 916 1148 1001 plene
1196 915 1314 980 hoc
1362 914 1775 999 proverbium
1825 916 1916 979 sic
1957 914 2298 1000 explicuit:
2348 915 2444 997 (1)
2495 927 2708 997 Παροι-

312 1027 466 1104 μίαι,
514 1025 583 1090 id
632 1032 764 1090 est:
812 1026 879 1088 in
929 1044 1035 1088 me
1075 1024 1195 1087 hoc
1237 1020 1484 1086 malum
1525 1020 1800 1097 recidet,
1841 1022 1909 1085 in
1950 1042 2056 1086 me
2096 1021 2250 1087 haec
2277 1022 2708 1089 vindicabitur

313 1131 535 1218 culpa,
604 1137 677 1196 ut
723 1130 977 1195 laborat
1024 1126 1270 1205 solum,
1319 1129 1383 1191 in
1432 1149 1559 1212 quo
1607 1126 1886 1205 cuditur,
1937 1127 2002 1192 id
2049 1134 2146 1193 est
2192 1129 2482 1194 batuitur
2525 1130 2707 1208 faba,

312 1260 463 1303 cum
524 1236 777 1321 siliquis
842 1237 1105 1299 exuitur
1165 1240 1358 1298 tunsa
1418 1233 1733 1312 fustibuS,
1786 1238 1861 1297 ut
1903 1236 1972 1297 in
2017 1236 2180 1299 areis
2225 1256 2405 1301 more
2451 1238 2714 1302 rustico-

312 1366 463 1409 rum
515 1343 609 1408 fit.

408 1449 579 1517 Cum
641 1449 795 1513 haec
840 1448 1288 1532 interpretatio
1339 1445 1730 1510 dubitationi
1775 1445 1991 1511 locum
2039 1470 2163 1512 non
2210 1448 2567 1535 relinquat,
2615 1448 2715 1514 In-

214 1626 223 1634 ,
309 1556 689 1641 terpolatori
734 1552 1051 1619 reddenda
1096 1558 1195 1617 est
1251 1551 1565 1616 mirabilis
1618 1549 1769 1631 illa,
1835 1574 1997 1638 quae
2061 1557 2386 1639 sequitur:
2457 1556 2553 1638 (2)
2599 1554 2718 1621 Vel

310 1662 485 1749 quod
523 1661 788 1747 quidam
830 1658 997 1725 male
1012 1665 1279 1731 ‚coctam
1321 1658 1537 1724 fabam
1577 1663 1642 1723 et
1687 1679 1848 1743 quae
1887 1681 2010 1724 non
2051 1661 2378 1727 maduerit
2415 1662 2526 1727 sed
2559 1663 2717 1728 dura

310 1771 775 1856 permanserit,
841 1787 1032 1852 supra
1079 1772 1273 1851 caput
1311 1768 1503 1851 coqui
1548 1766 1884 1842 (cudunt)
1930 1766 2112 1832 velut
2151 1770 2276 1854 ipsi
2314 1770 2495 1835 fabae
2533 1773 2715 1848 irati,

316 1878 479 1942 dum
541 1877 682 1941 eius
746 1894 1026 1959 granum
1088 1894 1239 1938 saxo
1303 1874 1794 1938 comminuunt:
1844 1877 1988 1939 tum
2035 1876 2416 1940 universum
2463 1874 2717 1941 malum

314 1988 381 2048 et
429 1962 873 2047 omnis'dolor
917 1979 997 2045 ad
1040 2001 1319 2065 coquum
1366 1981 1683 2065 pervenit.
1737 2018 1815 2029 —
1869 1978 2098 2045 Simile
2139 1988 2205 2046 et
2243 1980 2398 2047 alibi
2423 1983 2716 2063 (Phorm.

311 2089 373 2156 II
423 2088 489 2153 2.
520 2086 587 2168 4)
634 2108 671 2152 a
720 2085 1055 2172 pulmento
1104 2086 1520 2171 proverbium
1568 2090 1668 2150 est
1718 2091 1903 2163 „tute
1949 2086 2068 2151 hoc
2113 2088 2393 2166 intristi,
2437 2089 2558 2156 tibi
2594 2090 2720 2154 hoc

313 2202 413 2260 est
469 2192 908 2268 exedendum,
956 2182 1357 2277 accingere'’.
2066 2255 2072 2260 ,

404 2303 749 2367 Postrema
795 2318 971 2385 pars:
1025 2298 1295 2376 „Simile
1334 2304 1400 2363 et
1436 2297 1635 2363 alibi''
1680 2319 1813 2383 sqq.
1858 2301 2136 2384 pertinet
2176 2300 2386 2365 denuo
2425 2300 2506 2366 ad
2546 2302 2714 2365 scho-

313 2408 487 2474 lium
548 2407 711 2472 Don.
773 2408 869 2487 (1)
888 2427 906 2485 ;
966 2407 1208 2471 erravit
1253 2404 1600 2469 Sabbadini
1645 2426 1796 2469 cum
1844 2404 2001 2470 haec
2047 2426 2302 2491 quoque
2351 2428 2464 2492 pro
2527 2410 2722 2472 inter-

181 2517 191 2528 '
313 2514 554 2602 polatis
609 2513 906 2587 haberet,
972 2532 1089 2576 nec
1132 2513 1349 2575 minus
1400 2509 1801 2587 Wessnerus,
1852 2532 2003 2575 cum
2052 2513 2282 2578 verba:
2335 2511 2563 2591 „velut
2611 2560 2628 2577 .
2659 2560 2673 2577 .
2703 2560 2720 2577 .

313 2618 817 2688 comminuunt''
867 2639 982 2703 pro
1030 2616 1417 2683 emblemate
1466 2618 1784 2702 scriptura
1829 2624 2115 2697 notaret,
2165 2621 2493 2703 pertinent
2540 2621 2715 2684 enim

318 2730 398 2795 ad
453 2726 915 2814 praecedentia.

409 2834 577 2900 Ibid.
628 2832 711 2897 91
782 2832 1144 2917 Flagitium
1189 2831 1481 2896 facimus.
1531 2830 1632 2893 An
1678 2830 1747 2894 id
1794 2830 2126 2916 flagitium
2171 2838 2268 2897 est

410 2940 509 3021 (1)
575 2937 1022 3024 „Flagitium”
1088 2958 1264 3002 more
1328 2936 1599 3001 militari
1660 2936 1900 3001 dicitur
1958 2959 2058 3003 res
2106 2938 2510 3024 flagitatione
2536 2986 2551 3017 ,
2598 2939 2718 3004 hoc

321 3054 421 3114 est
480 3047 913 3131 increpatione
976 3043 1193 3129 digna.
1332 3043 1427 3125 (2)
1474 3042 1645 3107 Nam
1690 3042 2008 3129 flagitatio
2055 3066 2092 3109 a
2137 3048 2412 3131 strepitu
2459 3044 2715 3124 dicitur,

321 3154 493 3220 unde
556 3152 819 3217 flamma
865 3156 931 3214 et
974 3148 1235 3235 flagella
1281 3157 1345 3213 et
1391 3148 1757 3234 flagellare,
1805 3149 1871 3213 id
1917 3156 2017 3214 est
2059 3171 2436 3234 personare,
2483 3149 2720 3216 intelli·

318 3262 542 3348 gimus
590 3258 751 3322 dici:
796 3277 949 3321 nam
997 3255 1153 3320 haec
1200 3257 1415 3319 omnia
1458 3256 1595 3318 sine
1640 3257 1855 3318 sonitu
1904 3258 2280 3341 crepituque
2318 3278 2443 3322 non
2483 3263 2654 3321 sunt.

320 3366 419 3447 (3)
484 3365 629 3442 „An
689 3363 758 3427 id
817 3362 1145 3448 flagitium
1208 3360 1347 3426 est''
1397 3382 1476 3425 an
1522 3359 1752 3439 liceat,
1798 3381 1876 3425 an
1926 3360 2178 3439 deceat,
2227 3370 2292 3428 et
2337 3365 2517 3447 prius
2566 3366 2718 3447 quia

318 3473 495 3539 licet.
679 3468 775 3550 (4)
834 3468 1171 3532 Terentius
1231 3466 1450 3531 laudat
1508 3472 1972 3552 argumentum
2037 3467 2234 3532 huius
2294 3467 2584 3545 fabulae,
2646 3471 2715 3532 in

320 3600 451 3665 quo
496 3575 869 3661 exemplum
913 3577 1255 3662 promitur,
1305 3573 1473 3658 quod
1518 3575 1722 3659 prosit
1771 3573 2144 3659 parentibus
2163 3623 2178 3651 ,
2225 3575 2393 3639 obsit
2431 3577 2718 3640 meretri-

320 3687 480 3764 bus;
526 3691 593 3750 et
638 3682 837 3748 simul
886 3680 1450 3748 deliberationibus
1496 3684 1811 3759 tractans,
1857 3688 2035 3757 (an)
2075 3684 2160 3745 sit
2206 3681 2590 3747 faciendum.

414 3790 590 3855 Mihi
650 3795 727 3853 ut
784 3786 1171 3853 Sabbadinio
1231 3790 1525 3871 suspecta
1585 3791 1683 3851 est
1733 3786 2046 3853 derivatio
2091 3787 2207 3868 (2),
2248 3808 2525 3872 quacum
2575 3810 2715 3853 con-

320 3898 488 3963 feras
552 3893 764 3961 Gloss.
813 3893 901 3958 VI
948 3892 1082 3959 466
1149 3891 1583 3979 „fraglantes”
1647 3914 1764 3978 per
1825 3916 1856 3957 r
1901 3892 2333 3979 splendentes,
2383 3895 2713 3975 ardentes,

322 4006 507 4071 venit
568 4024 606 4067 a
668 4002 933 4067 fremitu
992 4003 1189 4087 ignis.
1351 3999 1611 4065 Scholia
1658 3999 1755 4080 (3)
1802 3999 1896 4081 (4)
1944 4002 2040 4081 (5)
2087 4003 2187 4065 uti
2235 4000 2322 4066 92
2368 4008 2434 4066 et
2482 4000 2567 4066 96
2615 4001 2712 4083 (1)

320 4117 477 4175 sunt
538 4130 573 4174 e
632 4128 865 4194 genere
924 4108 1239 4173 rhetorico
1301 4106 1473 4191 quod
1531 4127 1658 4171 non
1722 4105 1894 4171 cadit
1935 4109 2004 4171 in
2051 4106 2376 4171 Donatum
2396 4156 2413 4183 ,
2461 4107 2539 4172 de
2585 4127 2714 4191 quo

319 4216 474 4283 vide
512 4216 759 4279 Mnem.
792 4212 1081 4277 XXXIII
1118 4212 1245 4278 126
1272 4234 1407 4297 sqq.
1449 4210 1582 4277 229
1608 4232 1744 4297 sqq.
1792 4212 1936 4277 Non
1971 4211 2255 4277 Editoris
2293 4212 2404 4277 sed
2443 4214 2752 4278 rhetoris·

318 4322 597 4387 alicuius
658 4322 815 4387 haec
874 4341 1011 4385 esse
1056 4321 1301 4405 opinor,
1349 4317 1532 4383 illata
1578 4317 1874 4383 alicunde
1921 4339 1956 4383 e
2006 4319 2406 4405 marginibus
2453 4340 2492 4385 a
2532 4316 2716 4385 Gom—

316 4427 628 4513 pi1atore3
700 4431 1009 4511 apparent
1069 4422 1411 4507 aliquando
1473 4422 1661 4508 plura
1723 4422 1952 4501 simul,
2017 4423 2128 4489 sed
2190 4422 2572 4510 plerumque
2640 4430 2719 4490 ut

318 4536 455 4599 rari
498 4540 721 4599 nantes
766 4535 835 4597 in
880 4532 1147 4617 gurgite
1194 4534 1399 4596 vasto.
